{"host":"kiah4uoohy01p0hv","time":1609403061,"event":{"mods":["AchievementEnabler","Aspiration","BaseMod","BetterRewards","CCEM","Colored Map","Colored Powertips","Conspire","Highlight Path","Hubris","Infinite Spire","Minty Spire (QoL Compilation)","Permanent Neow","Replay The Spire","Spicy Shops","Spikes Relics","StSLib"],"gold_per_floor":[113,113,188,204,214,244,244,262,262,297,297,72,92,103,103,202,202,220,237,257,257,257,257,283,301,301,331,331,358,358,374,374,470,470,483,483,495,405,24,24,35,35,35,35,63,79,94,109,109,210,210,214,214,214,214,315,315,307,307,307,307,307],"floor_reached":61,"playtime":8744,"items_purged":["Normality","JustLucky"],"score":1180,"play_id":"2f2f46ad-978f-489f-b3c4-d9b0dbb47aa6","local_time":"20201231182421","is_ascension_mode":false,"campfire_choices":[{"data":"Pray","floor":7.0,"key":"SMITH"},{"data":"Pot Of Greed","floor":11.0,"key":"SMITH"},{"floor":15.0,"key":"REST"},{"data":"Pot Of Greed","floor":15.0,"key":"SMITH"},{"floor":23.0,"key":"REST"},{"data":"RitualDagger","floor":23.0,"key":"SMITH"},{"floor":28.0,"key":"REST"},{"data":"Vault","floor":28.0,"key":"SMITH"},{"floor":32.0,"key":"REST"},{"data":"DevaForm","floor":32.0,"key":"SMITH"},{"floor":40,"key":"REST"},{"data":"Pot Of Greed","floor":40,"key":"SMITH"},{"floor":49,"key":"REST"},{"data":"Judgement","floor":49,"key":"SMITH"},{"floor":57,"key":"REST"},{"data":"Pot Of Greed","floor":57,"key":"SMITH"},{"floor":59,"key":"REST"},{"data":"Devotion","floor":59,"key":"SMITH"}],"circlet_count":0,"master_deck":["Strike_P","Strike_P","Strike_P","Strike_P","Defend_P","Defend_P","Defend_P","Defend_P","Eruption+1","Vigilance","SashWhip","Worship","Pray+1","ReachHeaven","Pot Of Greed+1","Pot Of Greed+1","SandsOfTime","SandsOfTime","PathToVictory","DevaForm+1","Swivel","Pray+1","RitualDagger+1","Pot Of Greed+1","Vault+1","SandsOfTime+1","Sanctity+1","Replay:LoomingThreat","Judgement+1","PathToVictory","SandsOfTime","SandsOfTime","Clumsy","ThirdEye","PathToVictory","Devotion+1","Pot Of Greed+1","PathToVictory","Looming Evil"],"relics":["aspiration:Nostalgia","Sizzling Blood","MiniBlackHole","Grinning Jar","Orichalcum","infinitespire:Magic Flask","ReplayTheSpireMod:CursedCoin","Darkstone Periapt","SlaversCollar","hubris:BottledHeart","hubris:ToyBattleship","Ice Cream","Pen Nib","InkBottle","Ring of Peace","Ring of Hypnosis","Cursed Key","Regal Pillow","CCEMRelics:JestersCrown","ReplayTheSpireMod:Shallot","Shuriken","infinitespire:Cupcake","Replay:M_StaffOfTheSnake","hubris:Icosahedron","hubris:Spice","Pet Ghost"],"acts_visited":["Exordium","TheCity","TheBeyond","Exordium"],"potions_floor_usage":[45,45,50,50],"damage_taken":[{"damage":1.0,"enemies":"Jaw Worm","floor":1.0,"turns":4.0},{"damage":0.0,"enemies":"2 Louse","floor":4.0,"turns":1.0},{"damage":0.0,"enemies":"Small Slimes","floor":5.0,"turns":4.0},{"damage":27.0,"enemies":"Lagavulin","floor":6.0,"turns":5.0},{"damage":2.0,"enemies":"2 Fungi Beasts","floor":8.0,"turns":3.0},{"damage":6.0,"enemies":"Replay:BlueRogue","floor":10.0,"turns":5.0},{"damage":8.0,"enemies":"Lots of Slimes","floor":13.0,"turns":2.0},{"damage":2.0,"enemies":"Looter","floor":14.0,"turns":2.0},{"damage":22.0,"enemies":"Slime Boss","floor":16.0,"turns":4.0},{"damage":15.0,"enemies":"Spheric Guardian","floor":18.0,"turns":3.0},{"damage":9.0,"enemies":"Shell Parasite","floor":19.0,"turns":5.0},{"damage":4.0,"enemies":"Sentry and Sphere","floor":20.0,"turns":3.0},{"damage":0.0,"enemies":"Book of Stabbing","floor":24.0,"turns":4.0},{"damage":0.0,"enemies":"3 Cultists","floor":25.0,"turns":5.0},{"damage":0.0,"enemies":"Replay:Snechameleon","floor":27.0,"turns":6.0},{"damage":0.0,"enemies":"Slavers","floor":29.0,"turns":6.0},{"damage":0.0,"enemies":"Cultist and Chosen","floor":31.0,"turns":6.0},{"damage":0.0,"enemies":"conspire:MysteriousRune","floor":33.0,"turns":6.0},{"damage":0,"enemies":"Orb Walker","floor":35,"turns":4},{"damage":0,"enemies":"3 Shapes","floor":37,"turns":3},{"damage":0,"enemies":"Sphere and 2 Shapes","floor":41,"turns":4},{"damage":0,"enemies":"Nightmare","floor":45,"turns":6},{"damage":0,"enemies":"Transient","floor":46,"turns":6},{"damage":0,"enemies":"Jaw Worm Horde","floor":47,"turns":6},{"damage":0,"enemies":"Sphere and 2 Shapes","floor":48,"turns":4},{"damage":0,"enemies":"conspire:OrnateMirror","floor":50,"turns":6},{"damage":0,"enemies":"Jaw Worm","floor":52,"turns":4},{"damage":0,"enemies":"Small Slimes","floor":56,"turns":4},{"damage":0,"enemies":"Cultist","floor":58,"turns":4}],"seed_played":"-6899168386524955710","potions_obtained":[{"floor":1.0,"key":"Fire Potion"},{"floor":5.0,"key":"LifebloodPotion"},{"floor":8.0,"key":"Toxic Potion"},{"floor":14.0,"key":"Energy Potion"},{"floor":16.0,"key":"Doom Potion"},{"floor":18.0,"key":"Languid Potion"},{"floor":24.0,"key":"Weak Potion"},{"floor":25.0,"key":"BlessingOfTheForge"},{"floor":29.0,"key":"Ancient Potion"},{"floor":41,"key":"LiquidMemories"},{"floor":44,"key":"infinitespire:BlackPotion"},{"floor":44,"key":"Flashbang"},{"floor":46,"key":"SpeedPotion"},{"floor":48,"key":"Adrenaline Potion"},{"floor":52,"key":"LifebloodPotion"}],"is_trial":false,"path_per_floor":["M","?","?","M","M","E","R","M","T","E","R","$","M","M","R","B",null,"M","M","M","?","?","R","E","M","T","E","R","E","?","M","R","B",null,"M","?","M","?","$","R","M","$","T","?","NM","M","M","M","R","B",null,"M","?","?","?","M","R","M","R","T","?"],"character_chosen":"WATCHER","items_purchased":["infinitespire:Magic Flask","ReplayTheSpireMod:CursedCoin","SandsOfTime","Darkstone Periapt","Regal Pillow","SandsOfTime","CCEMRelics:JestersCrown"],"campfire_rested":8,"item_purchase_floors":[12,12,12,12,39,39,39],"current_hp_per_floor":[76,76,65,69,73,50,50,52,52,50,50,50,46,48,70,52,76,65,60,60,54,1,1,1,1,1,1,1,1,1,1,1,1,1,1,1,1,1,1,1,1,1,1,1,1,1,1,1,1,1,1,1,1,1,1,1,1,1,1,1,0,0],"gold":307,"neow_bonus":"NOSTALGIA","is_daily":false,"chose_seed":false,"campfire_upgraded":10,"win_rate":0.0,"timestamp":1609403061,"path_taken":["M","?","?","M","M","E","R","M","T","E","R","$","M","M","R","BOSS","M","M","M","?","?","R","E","M","T","E","R","E","?","M","R","BOSS","M","?","?","?","$","R","M","?","T","?","NM","M","M","M","R","BOSS","M","?","?","?","?","R","M","R","T","?"],"items_purchased_type":["Relic","Relic","Card","Relic","Relic","Card","Relic"],"build_version":"2020-12-22","purchased_purges":2,"victory":false,"max_hp_per_floor":[76,76,76,76,76,76,76,76,76,76,76,76,76,76,76,76,76,76,76,76,76,1,1,1,1,1,1,1,1,1,1,1,1,1,1,1,1,1,1,1,1,1,1,1,1,1,1,1,1,1,1,1,1,1,1,1,1,1,1,1,1,1],"card_choices":[{"not_picked":["Collect","FollowUp"],"picked":"JustLucky","floor":1.0},{"not_picked":["FlurryOfBlows","ThirdEye"],"picked":"SashWhip","floor":4.0},{"not_picked":["Crescendo","EmptyMind"],"picked":"Worship","floor":5.0},{"not_picked":["Replay:ManipulateFuture","SandsOfTime"],"picked":"Pray","floor":6.0},{"not_picked":["CrushJoints","Ragnarok"],"picked":"ReachHeaven","floor":8.0},{"not_picked":["EmptyFist","FlyingSleeves","Adaptation"],"picked":"SKIP","floor":10.0},{"not_picked":["Replay:BluntJabs","Consecrate"],"picked":"PathToVictory","floor":13.0},{"not_picked":["Protect","Crescendo","Collect"],"picked":"SKIP","floor":14.0},{"not_picked":["Ragnarok","Replay:LoomingThreat"],"picked":"DevaForm","floor":16.0},{"not_picked":["Fasting2","Consecrate"],"picked":"Swivel","floor":18.0},{"not_picked":["BowlingBash","CarveReality"],"picked":"Pray+1","floor":19.0},{"not_picked":["Collect+1","CutThroughFate","Evaluate"],"picked":"SKIP","floor":20.0},{"not_picked":["Replay:AtTheReady","JustLucky","CrushJoints+1"],"picked":"SKIP","floor":24.0},{"not_picked":["Evaluate","BowlingBash+1","Replay:BluntJabs"],"picked":"SKIP","floor":25.0},{"not_picked":["Prostrate","LikeWater"],"picked":"Vault","floor":27.0},{"not_picked":["Replay:BluntJabs","Replay:ManipulateFuture+1"],"picked":"SandsOfTime+1","floor":29.0},{"not_picked":["ClearTheMind","EmptyBody"],"picked":"Sanctity","floor":31.0},{"not_picked":["Judgement","LessonLearned"],"picked":"Replay:LoomingThreat","floor":33.0},{"not_picked":["CrushJoints+1","Replay:AtTheReady+1","FlyingSleeves+1"],"picked":"SKIP","floor":35},{"not_picked":["EmptyFist+1","Replay:LoomingThreat"],"picked":"PathToVictory","floor":37},{"not_picked":["CrushJoints+1","FlyingSleeves","Replay:Cycle+1"],"picked":"SKIP","floor":41},{"not_picked":["Replay:ManipulateFuture+1","FlurryOfBlows+1","Replay:Vibes"],"picked":"SKIP","floor":45},{"not_picked":["Replay:ManipulateFuture+1","FlurryOfBlows+1","Replay:Vibes"],"picked":"SKIP","floor":45},{"not_picked":["Pray","CutThroughFate","EmptyMind+1"],"picked":"SKIP","floor":46},{"not_picked":["Protect+1","Replay:AtTheReady"],"picked":"ThirdEye","floor":47},{"not_picked":["Replay:ManipulateFuture+1","Vault"],"picked":"PathToVictory","floor":48},{"not_picked":["LessonLearned","Brilliance"],"picked":"Devotion","floor":50},{"not_picked":["Evaluate","Indignation","Consecrate"],"picked":"SKIP","floor":52},{"not_picked":["Protect","Replay:Battleflow"],"picked":"PathToVictory","floor":56},{"not_picked":["Replay:AtTheReady","FlurryOfBlows","Acrobatics"],"picked":"SKIP","floor":58}],"player_experience":224357,"relics_obtained":[{"floor":6.0,"key":"MiniBlackHole"},{"floor":9.0,"key":"Grinning Jar"},{"floor":10.0,"key":"Orichalcum"},{"floor":24.0,"key":"hubris:ToyBattleship"},{"floor":26.0,"key":"Ice Cream"},{"floor":27.0,"key":"Pen Nib"},{"floor":29.0,"key":"InkBottle"},{"floor":30.0,"key":"Ring of Peace"},{"floor":30.0,"key":"Ring of Hypnosis"},{"floor":43,"key":"ReplayTheSpireMod:Shallot"},{"floor":45,"key":"Shuriken"},{"floor":60,"key":"Pet Ghost"}],"event_choices":[{"damage_healed":0.0,"max_hp_gain":0.0,"max_hp_loss":0.0,"gold_gain":0.0,"event_name":"Living Wall","player_choice":"Grow","floor":2.0,"gold_loss":0.0,"damage_taken":0.0,"cards_upgraded":["Eruption"]},{"damage_healed":0.0,"max_hp_gain":0.0,"max_hp_loss":0.0,"gold_gain":75.0,"event_name":"World of Goop","player_choice":"Gather Gold","floor":3.0,"gold_loss":0.0,"damage_taken":11.0},{"damage_healed":0.0,"max_hp_gain":0.0,"max_hp_loss":0.0,"gold_gain":0.0,"event_name":"Nest","player_choice":"Joined the Cult","floor":21.0,"gold_loss":0.0,"damage_taken":6.0,"cards_obtained":["RitualDagger"]},{"damage_healed":0,"gold_gain":0,"player_choice":"1 cards matched","damage_taken":0,"max_hp_gain":0,"max_hp_loss":0,"event_name":"Match and Keep!","floor":36,"gold_loss":0,"cards_obtained":["Judgement"]},{"damage_healed":0,"gold_gain":0,"player_choice":"1 cards matched","damage_taken":0,"max_hp_gain":0,"max_hp_loss":0,"event_name":"Match and Keep!","floor":36,"gold_loss":0,"cards_obtained":["Judgement"]},{"damage_healed":0,"gold_gain":0,"player_choice":"1 cards matched","damage_taken":0,"max_hp_gain":0,"max_hp_loss":0,"event_name":"Match and Keep!","floor":36,"gold_loss":0,"cards_obtained":["Judgement"]},{"cards_removed":["Overencumbered"],"damage_healed":0,"gold_gain":0,"player_choice":"Upgrade and Remove","damage_taken":0,"max_hp_gain":0,"max_hp_loss":0,"event_name":"Designer","floor":38,"gold_loss":90,"cards_upgraded":["Sanctity"]},{"damage_healed":0,"gold_gain":0,"player_choice":"Got Potions","damage_taken":0,"max_hp_gain":0,"max_hp_loss":0,"event_name":"Lab","floor":44,"gold_loss":0},{"damage_healed":0,"gold_gain":0,"player_choice":"Gave Potion","damage_taken":0,"relics_obtained":["hubris:Spice"],"max_hp_gain":0,"max_hp_loss":0,"event_name":"WeMeetAgain","floor":55,"gold_loss":0}],"is_beta":false,"boss_relics":[{"not_picked":["Kintsugi","conspire:SpecialSausage"],"picked":"SlaversCollar"},{"not_picked":["conspire:SeveredTorchhead","conspire:RoyalGoblet"],"picked":"Cursed Key"},{"not_picked":["hubris:TerracottaHorce","Tiny House"],"picked":"infinitespire:Cupcake"}],"items_purged_floors":[12,39],"is_endless":true,"potions_floor_spawned":[1,5,8,14,16,18,24,25,29,41,46,48,52],"ascension_level":0}}