{"host":"g1wmg2w41xhsnw8g","time":1609378440,"event":{"mods":["2.2 Compatiblity","Act Like it!","Aspiration","Bard","BaseMod","Better Altar","Better Match","Better Note","Better Sensory Stone","Better Skull","Better Third Choice","BetterRewards","Booster Modes","CapriCore","Colored Map","Colored Powertips","Curses Come First","Defuse TimeMaze Blight","Displayed Cursed Tome","Evolution","Friendly Minions","GifTheSpireLib","Googly Eyes","Infinite Spire","Minty Spire (QoL Compilation)","Red Circlet Mod","Relic Sorter","Ruin Mod","SCP261 Mod","Shop Mod","Spicy Shops","StSLib","The Sage","Transform Curses","Wandering Minibosses","????"],"gold_per_floor":[111,124,103,103,121,121,132,148,148,148,148,182,182,202,16,111,111,123,123,123,123,141,141,23,23,23,41,41,58,58,87,87,87,87],"floor_reached":33,"playtime":2363,"items_purged":["Injury"],"score":408,"play_id":"e78cbf2f-9e3a-4701-b9ed-7abf488cade7","local_time":"20201230203400","is_ascension_mode":true,"campfire_choices":[{"data":"bard:Greatness","floor":6,"key":"SMITH"},{"data":"bard:Sift","floor":23,"key":"SMITH"},{"floor":25,"key":"REST"},{"data":"bard:BestowCurse","floor":28,"key":"SMITH"},{"floor":32,"key":"REST"}],"circlet_count":0,"master_deck":["bard:Strike","bard:Strike","bard:Strike","bard:Strike","bard:Defend","bard:Defend","bard:Defend","bard:Riposte","bard:Inspire","bard:PhantasmalForce","bard:Balestra","bard:Greatness+1","bard:HideousLaughter","bard:Sift+1","bard:TinyHut","bard:Encore","bard:SplendidForm+1","bard:PhantasmalForce+1","infinitespire:Oblivion","infinitespire:Fortify","bard:Blink","bard:BestowCurse+1","bard:Parry","bard:Accelerando+1","Beam Cell"],"relics":["bard:SelfPlayingFlute","bard:BagPipes","EVO:Axolotl","MerchantsRug","Blood Vial","betterThird:SlimedRelic","infinitespire:Bottled Soul","Smiling Mask","Frozen Egg 2","Bronze Scales","sagemod:The_Guidebook_Guide","Black Star","FaceOfCleric","aspiration:HiddenCompartment","aspiration:Nostalgia","theRuin:Coffin","wanderingMiniBosses:Inkheart","PrismaticShard","aspiration:TomeofQuesting","Meat on the Bone"],"acts_visited":["Exordium","TheCity"],"potions_floor_usage":[12,14,18,27,29,31],"damage_taken":[{"damage":0,"enemies":"Cultist","floor":1,"turns":4},{"damage":0,"enemies":"Small Slimes","floor":2,"turns":3},{"damage":6,"enemies":"Jaw Worm","floor":5,"turns":4},{"damage":6,"enemies":"2 Fungi Beasts","floor":7,"turns":4},{"damage":4,"enemies":"Exordium Thugs","floor":8,"turns":5},{"damage":12,"enemies":"3 Sentries","floor":12,"turns":7},{"damage":7,"enemies":"Looter","floor":14,"turns":3},{"damage":25,"enemies":"Slime Boss","floor":16,"turns":12},{"damage":39,"enemies":"2 Thieves","floor":18,"turns":4},{"damage":42,"enemies":"Spheric Guardian","floor":22,"turns":8},{"damage":0,"enemies":"Chosen and Byrds","floor":27,"turns":6},{"damage":11,"enemies":"Snecko","floor":29,"turns":6},{"damage":11,"enemies":"Nightmare","floor":31,"turns":11},{"damage":58,"enemies":"Collector","floor":33,"turns":5}],"seed_played":"8997166603698856471","potions_obtained":[{"floor":2,"key":"SCP261:BarrettColaPotion"},{"floor":12,"key":"SkillPotion"},{"floor":16,"key":"SCP261:BarrettColaPotion"},{"floor":22,"key":"Weak Potion"},{"floor":27,"key":"DistilledChaos"},{"floor":29,"key":"Swift Potion"}],"is_trial":false,"path_per_floor":["M","M","?","?","M","R","M","M","T","?","?","E","?","M","R","B",null,"M","?","AVR","?","M","R","$","R","T","M","R","M","?","NM","R","B"],"character_chosen":"BARD","items_purchased":["MerchantsRug","Blood Vial","Lee\u0027s Waffle","Bronze Scales","aspiration:HiddenCompartment"],"campfire_rested":2,"item_purchase_floors":[0,0,15,15,24],"current_hp_per_floor":[64,66,55,55,51,51,47,45,45,38,38,35,35,30,84,59,84,45,45,45,45,6,6,6,31,31,34,34,26,18,10,36,0,0],"gold":87,"neow_bonus":"","is_daily":false,"chose_seed":false,"campfire_upgraded":3,"win_rate":0.0,"timestamp":1609378440,"path_taken":["M","M","?","?","M","R","M","?","T","?","?","E","?","M","R","BOSS","M","?","AVR","?","M","R","$","R","T","M","R","?","?","NM","R","BOSS"],"items_purchased_type":["Relic","Relic","Relic","Relic","Relic"],"build_version":"2020-12-22","purchased_purges":1,"victory":false,"max_hp_per_floor":[70,70,70,70,70,70,70,70,70,70,70,77,77,77,84,84,84,84,84,84,84,85,85,85,85,85,86,86,87,87,88,88,88,88],"card_choices":[{"not_picked":["bard:MantleOfInspiration","bard:OffKey"],"picked":"bard:PhantasmalForce","floor":1},{"not_picked":["bard:Blink","bard:ViciousMockery"],"picked":"bard:Balestra","floor":2},{"not_picked":["bard:PhantasmalForce","bard:Doot"],"picked":"bard:Greatness","floor":5},{"not_picked":["bard:StudiedStrike","bard:GuardPoint"],"picked":"bard:HideousLaughter","floor":7},{"not_picked":["bard:SongBolt","bard:Parry"],"picked":"bard:Sift","floor":8},{"not_picked":["bard:Solo","bard:Sift"],"picked":"bard:TinyHut","floor":12},{"not_picked":["bard:QuickSong","bard:Gamble"],"picked":"bard:Encore","floor":14},{"not_picked":["bard:MnemonicVestments","bard:FingerOfDeath"],"picked":"bard:SplendidForm+1","floor":16},{"not_picked":["bard:CuttingWords","bard:InspiringSong+1"],"picked":"bard:PhantasmalForce+1","floor":18},{"not_picked":["bard:CuttingWords","bard:EchoEcho"],"picked":"bard:Blink","floor":22},{"not_picked":["bard:FirstStrike+1","bard:ViciousMockery+1"],"picked":"bard:BestowCurse","floor":27},{"not_picked":["bard:BucklerBash","bard:QuickSong"],"picked":"bard:Parry","floor":29},{"not_picked":["bard:BucklerBash","bard:EchoEcho"],"picked":"bard:Accelerando+1","floor":30},{"not_picked":["Expertise+1","sagemod:Pour_Tar_Pitch+1"],"picked":"Beam Cell","floor":31}],"player_experience":1111040,"relics_obtained":[{"floor":9,"key":"infinitespire:Bottled Soul"},{"floor":11,"key":"Smiling Mask"},{"floor":12,"key":"Strawberry"},{"floor":26,"key":"aspiration:Nostalgia"},{"floor":29,"key":"wanderingMiniBosses:Inkheart"},{"floor":30,"key":"PrismaticShard"},{"floor":31,"key":"aspiration:TomeofQuesting"},{"floor":31,"key":"Meat on the Bone"}],"event_choices":[{"damage_healed":0,"gold_gain":0,"player_choice":"Slimed","damage_taken":11,"max_hp_gain":0,"max_hp_loss":0,"event_name":"betterThird:BetterGoop","floor":3,"gold_loss":21},{"cards_removed":["bard:Defend"],"damage_healed":0,"gold_gain":0,"player_choice":"Card Removal","damage_taken":7,"max_hp_gain":0,"max_hp_loss":0,"event_name":"Golden Wing","floor":10,"gold_loss":0},{"cards_removed":["bard:Balestra"],"damage_healed":0,"gold_gain":0,"player_choice":"Give","damage_taken":0,"max_hp_gain":0,"max_hp_loss":0,"event_name":"betterNote:BetterNote","floor":19,"gold_loss":0,"cards_obtained":["None"]},{"damage_healed":0,"gold_gain":0,"player_choice":"Trade","damage_taken":0,"relics_obtained":["FaceOfCleric"],"max_hp_gain":0,"max_hp_loss":0,"event_name":"FaceTrader","floor":21,"gold_loss":0}],"is_beta":false,"boss_relics":[{"not_picked":["Busted Crown","Empty Cage"],"picked":"bard:SelfPlayingFlute"}],"items_purged_floors":[24],"is_endless":true,"potions_floor_spawned":[2,12,16,22,27,29],"killed_by":"Collector","ascension_level":1}}