{"host":"480qzmvu0s2e3e6w","time":1609435245,"event":{"mods":["BaseMod","Colored Map","DeckTracker","Minty Spire (QoL Compilation)","StSLib","SuperFastMode"],"gold_per_floor":[117,129,149,165,184,184,209,209,232,232,258,258,269,269,269],"floor_reached":14,"playtime":380,"items_purged":[],"score":179,"play_id":"08a9b2c4-bac4-4cd4-b246-8507789af57f","local_time":"20210101022045","is_ascension_mode":true,"campfire_choices":[{"data":"Inflame","floor":6.0,"key":"SMITH"},{"floor":8.0,"key":"REST"},{"data":"Bludgeon","floor":10.0,"key":"SMITH"}],"circlet_count":0,"master_deck":["AscendersBane","Strike_R","Strike_R","Strike_R","Strike_R","Defend_R","Defend_R","Defend_R","Defend_R","Bash","Rupture","Headbutt","Inflame+1","Pommel Strike","Feel No Pain","Bludgeon+1","Uppercut"],"relics":["Burning Blood","Matryoshka","Vajra","Ancient Tea Set","Oddly Smooth Stone"],"acts_visited":["Exordium"],"potions_floor_usage":[13],"damage_taken":[{"damage":10.0,"enemies":"2 Louse","floor":1.0,"turns":4.0},{"damage":1.0,"enemies":"Cultist","floor":2.0,"turns":3.0},{"damage":12.0,"enemies":"Small Slimes","floor":3.0,"turns":3.0},{"damage":6.0,"enemies":"Gremlin Gang","floor":4.0,"turns":3.0},{"damage":10.0,"enemies":"2 Fungi Beasts","floor":5.0,"turns":3.0},{"damage":42.0,"enemies":"Lagavulin","floor":7.0,"turns":8.0},{"damage":32,"enemies":"Gremlin Nob","floor":11,"turns":4},{"damage":14,"enemies":"Exordium Thugs","floor":13,"turns":4},{"damage":14,"enemies":"3 Sentries","floor":14,"turns":2}],"seed_played":"8065888602144612163","potions_obtained":[{"floor":2.0,"key":"Explosive Potion"},{"floor":5.0,"key":"BlessingOfTheForge"},{"floor":7.0,"key":"AttackPotion"},{"floor":13,"key":"PowerPotion"}],"is_trial":false,"path_per_floor":["M","M","M","M","M","R","E","R","T","R","E","?","M","E"],"character_chosen":"IRONCLAD","items_purchased":[],"campfire_rested":1,"item_purchase_floors":[],"current_hp_per_floor":[64,69,63,63,59,59,23,45,45,45,19,19,11,0,0],"gold":269,"neow_bonus":"TRANSFORM_CARD","is_daily":false,"chose_seed":false,"campfire_upgraded":2,"win_rate":0.0,"timestamp":1609435245,"path_taken":["M","M","M","M","M","R","E","R","T","R","E","?","M","E"],"items_purchased_type":[],"build_version":"2020-12-22","purchased_purges":0,"victory":false,"max_hp_per_floor":[75,75,75,75,75,75,75,75,75,75,75,75,75,75,75],"card_choices":[{"not_picked":["Clothesline","Twin Strike"],"picked":"Headbutt","floor":1.0},{"not_picked":["Pummel","Perfected Strike"],"picked":"Inflame","floor":2.0},{"not_picked":["Disarm","Heavy Blade"],"picked":"Pommel Strike","floor":3.0},{"not_picked":["Thunderclap","Anger"],"picked":"Feel No Pain","floor":4.0},{"not_picked":["Sentinel","Iron Wave","Fire Breathing"],"picked":"SKIP","floor":5.0},{"not_picked":["Headbutt","Twin Strike"],"picked":"Bludgeon","floor":7.0},{"not_picked":["Clash","Pommel Strike"],"picked":"Uppercut","floor":11},{"not_picked":["Thunderclap","Cleave","Pommel Strike"],"picked":"SKIP","floor":13}],"player_experience":624771,"relics_obtained":[{"floor":7.0,"key":"Matryoshka"},{"floor":9.0,"key":"Vajra"},{"floor":9.0,"key":"Ancient Tea Set"},{"floor":11,"key":"Oddly Smooth Stone"}],"event_choices":[{"damage_healed":0,"gold_gain":0,"player_choice":"Ignored","damage_taken":0,"max_hp_gain":0,"max_hp_loss":0,"event_name":"Shining Light","floor":12,"gold_loss":0}],"is_beta":false,"boss_relics":[],"items_purged_floors":[],"is_endless":false,"potions_floor_spawned":[2,5,7,13],"killed_by":"3 Sentries","ascension_level":15}}