{"host":"vfg9szunmpjwj08o","time":1609414934,"event":{"mods":["Act Like it!","BaseMod","Challenge The Spire","Colored Map","Colored Powertips","Minty Spire (QoL Compilation)","StSLib","Waifu the Spire"],"gold_per_floor":[115,115,34,34,4,16,47,57,109,129,154,79,89,103,103,103,103],"floor_reached":16,"playtime":397,"items_purged":["Strike_B"],"score":267,"play_id":"9789db35-e55a-4c10-aabf-37c2dd00e668","local_time":"20201231124214","is_ascension_mode":true,"campfire_choices":[{"data":"Zap","floor":15,"key":"SMITH"}],"circlet_count":0,"master_deck":["AscendersBane","Strike_B+1","Strike_B","Strike_B+1","Defend_B","Defend_B+1","Defend_B","Defend_B","Zap+1","Dualcast","Storm","White Noise","Compile Driver+1","Loop","Conserve Battery","Seek"],"relics":["Cracked Core","NeowsBlessing","Vajra","Happy Flower","Whetstone"],"acts_visited":["Exordium"],"potions_floor_usage":[8,11,16],"damage_taken":[{"damage":0,"enemies":"2 Louse","floor":1,"turns":1},{"damage":0,"enemies":"Jaw Worm","floor":6,"turns":1},{"damage":0,"enemies":"Gremlin Nob","floor":7,"turns":1},{"damage":0,"enemies":"Cultist","floor":8,"turns":3},{"damage":4,"enemies":"Exordium Wildlife","floor":10,"turns":3},{"damage":28,"enemies":"Lagavulin","floor":11,"turns":5},{"damage":11,"enemies":"Large Slime","floor":13,"turns":3},{"damage":13,"enemies":"Blue Slaver","floor":14,"turns":3},{"damage":33,"enemies":"Slime Boss","floor":16,"turns":5}],"seed_played":"-2071780170075907523","potions_obtained":[{"floor":1,"key":"FairyPotion"},{"floor":7,"key":"FocusPotion"},{"floor":8,"key":"Fruit Juice"},{"floor":10,"key":"Block Potion"},{"floor":13,"key":"Dexterity Potion"}],"is_trial":false,"path_per_floor":["M","?","$","?","$","M","E","M","T","M","E","$","M","M","R","B"],"character_chosen":"DEFECT","items_purchased":["White Noise","Compile Driver"],"campfire_rested":0,"item_purchase_floors":[3,5],"current_hp_per_floor":[64,69,69,46,46,46,46,51,51,47,19,19,8,24,24,0,0],"gold":103,"neow_bonus":"THREE_ENEMY_KILL","is_daily":false,"chose_seed":false,"campfire_upgraded":1,"win_rate":0.0,"timestamp":1609414934,"path_taken":["M","?","$","?","?","M","E","M","T","M","E","$","M","M","R","BOSS"],"items_purchased_type":["Card","Card"],"build_version":"2020-12-22","purchased_purges":1,"victory":false,"max_hp_per_floor":[71,76,76,76,76,76,76,81,81,81,81,81,81,81,81,81,81],"card_choices":[{"not_picked":["Barrage","Redo"],"picked":"Storm","floor":1},{"not_picked":["Redo","Turbo"],"picked":"Loop","floor":6},{"not_picked":["Leap","Steam"],"picked":"Conserve Battery","floor":7},{"not_picked":["Auto Shields","Leap","Rebound"],"picked":"SKIP","floor":8},{"not_picked":["Gash","Redo","Stack"],"picked":"SKIP","floor":10},{"not_picked":["Leap","Consume"],"picked":"Seek","floor":11},{"not_picked":["Leap","Doom and Gloom","Auto Shields"],"picked":"SKIP","floor":13},{"not_picked":["Sunder","Turbo","Steam"],"picked":"SKIP","floor":14}],"player_experience":1020766,"relics_obtained":[{"floor":7,"key":"Vajra"},{"floor":9,"key":"Happy Flower"},{"floor":11,"key":"Whetstone"}],"event_choices":[{"damage_healed":0,"gold_gain":0,"player_choice":"Donut","damage_taken":0,"max_hp_gain":5,"max_hp_loss":0,"event_name":"Big Fish","floor":2,"gold_loss":0},{"damage_healed":0,"gold_gain":0,"player_choice":"Entered Light","damage_taken":23,"max_hp_gain":0,"max_hp_loss":0,"event_name":"Shining Light","floor":4,"gold_loss":0,"cards_upgraded":["Defend_B","Strike_B"]}],"is_beta":false,"boss_relics":[],"items_purged_floors":[12],"is_endless":false,"potions_floor_spawned":[1,7,8,10,13],"killed_by":"Slime Boss","ascension_level":19}}