{"host":"867cnhxguf2bzj4x","time":1609435458,"event":{"mods":["BaseMod","GifTheSpireLib","Lobotomy","Minty Spire (QoL Compilation)","StSLib","The Bug Knight","The Cursed"],"gold_per_floor":[115,115,115,115,40,40,55,55,55,69,69,93,114,14,14,142,142,155,70,89,89,89,130,130,169,169,188,188,188,188],"floor_reached":29,"playtime":909,"items_purged":["Defend_G","Defend_G"],"score":276,"play_id":"831fd4c7-3899-43c5-bd61-ef86b61e29ba","local_time":"20201231182418","is_ascension_mode":true,"campfire_choices":[{"floor":6,"key":"REST"},{"data":"Infinite Blades","floor":8,"key":"SMITH"},{"data":"Blade Dance","floor":11,"key":"SMITH"},{"floor":15,"key":"REST"},{"floor":24,"key":"REST"},{"data":"Cloak And Dagger","floor":28,"key":"SMITH"}],"circlet_count":0,"master_deck":["Strike_G+1","Strike_G+1","Defend_G","Survivor","Neutralize","Porccubus","Blade Dance+1","VoidDream","Cloak And Dagger+1","Burst","Backstab"],"relics":["Ring of the Snake","CogitoBucket","Golden Idol","Meat on the Bone","WristBlade","Nloth\u0027s Gift","The Courier","Tiny Chest","Pear"],"acts_visited":["Exordium","TheCity"],"potions_floor_usage":[25],"damage_taken":[{"damage":1,"enemies":"Small Slimes","floor":1,"turns":3},{"damage":8,"enemies":"2 Louse","floor":7,"turns":2},{"damage":9,"enemies":"Jaw Worm","floor":10,"turns":2},{"damage":13,"enemies":"Blue Slaver","floor":12,"turns":3},{"damage":18,"enemies":"3 Louse","floor":13,"turns":2},{"damage":28,"enemies":"Slime Boss","floor":16,"turns":8},{"damage":46,"enemies":"Spheric Guardian","floor":18,"turns":3},{"damage":7,"enemies":"3 Byrds","floor":20,"turns":4},{"damage":32,"enemies":"HollowMod:Nosk","floor":23,"turns":3},{"damage":20,"enemies":"Slavers","floor":25,"turns":4},{"damage":16,"enemies":"Sentry and Sphere","floor":27,"turns":3},{"damage":50,"enemies":"Centurion and Healer","floor":29,"turns":2}],"seed_played":"-2130954606349873898","potions_obtained":[{"floor":16,"key":"Dexterity Potion"},{"floor":18,"key":"LiquidBronze"},{"floor":23,"key":"Regen Potion"}],"is_trial":false,"path_per_floor":["M","?","?","?","$","R","M","R","T","M","R","M","M","$","R","B",null,"M","?","M","?","?","E","R","E","T","M","R","M"],"character_chosen":"THE_SILENT","items_purchased":[],"campfire_rested":3,"item_purchase_floors":[],"current_hp_per_floor":[69,55,38,38,38,59,51,51,51,43,43,43,37,37,58,42,70,36,36,41,41,41,21,42,43,53,49,49,0,0],"gold":188,"neow_bonus":"","is_daily":false,"chose_seed":false,"campfire_upgraded":3,"win_rate":0.0,"timestamp":1609435458,"path_taken":["M","?","?","?","$","R","M","R","T","M","R","M","M","$","R","BOSS","M","?","M","?","?","E","R","E","T","M","R","M"],"items_purchased_type":[],"build_version":"2020-12-22","purchased_purges":2,"victory":false,"max_hp_per_floor":[70,70,70,70,70,70,70,70,70,70,70,70,70,70,70,70,70,70,70,70,70,70,70,70,70,80,80,80,80,80],"card_choices":[{"not_picked":["Eviscerate","Caltrops"],"picked":"Infinite Blades","floor":1},{"not_picked":["MeatLantern","FieryBird"],"picked":"Porccubus","floor":1},{"not_picked":["Prepared","Bane"],"picked":"Blade Dance","floor":7},{"not_picked":["GreedKing","UniverseFragment"],"picked":"Funeral","floor":7},{"not_picked":["LittleHelper","HappyTeddy","CENSORED"],"picked":"Singing Bowl","floor":10},{"not_picked":["MeatLantern","Murderer"],"picked":"VoidDream","floor":10},{"not_picked":["Glass Knife","Flying Knee","Leg Sweep"],"picked":"SKIP","floor":10},{"not_picked":["Escape Plan","Quick Slash","Tactician"],"picked":"SKIP","floor":12},{"not_picked":["Escape Plan","Dagger Spray"],"picked":"Cloak And Dagger","floor":13},{"not_picked":["Envenom","Unload"],"picked":"Burst","floor":16},{"not_picked":["Eviscerate","Leg Sweep","Deadly Poison"],"picked":"SKIP","floor":18},{"not_picked":["Underhanded Strike","Noxious Fumes+1"],"picked":"Backstab","floor":20},{"not_picked":["Blade Dance","Tools of the Trade","Bouncing Flask"],"picked":"SKIP","floor":23},{"not_picked":["PiercingWail","Doppelganger","Night Terror"],"picked":"SKIP","floor":25},{"not_picked":["Noxious Fumes","Flying Knee","Slice+1"],"picked":"SKIP","floor":27}],"player_experience":84640,"relics_obtained":[{"floor":9,"key":"Meat on the Bone"},{"floor":23,"key":"The Courier"},{"floor":25,"key":"Tiny Chest"},{"floor":26,"key":"Pear"}],"event_choices":[{"damage_healed":0,"gold_gain":0,"player_choice":"Entered Light","damage_taken":14,"max_hp_gain":0,"max_hp_loss":0,"event_name":"Shining Light","floor":2,"gold_loss":0,"cards_upgraded":["Strike_G","Strike_G"]},{"damage_healed":0,"gold_gain":0,"player_choice":"Take Damage","damage_taken":17,"relics_obtained":["Golden Idol"],"max_hp_gain":0,"max_hp_loss":0,"event_name":"Golden Idol","floor":3,"gold_loss":0},{"damage_healed":0,"gold_gain":0,"player_choice":"Ignored","damage_taken":0,"max_hp_gain":0,"max_hp_loss":0,"event_name":"Liars Game","floor":4,"gold_loss":0},{"damage_healed":0,"gold_gain":0,"player_choice":"Obtained Relic","damage_taken":0,"relics_obtained":["The Specimen"],"max_hp_gain":0,"max_hp_loss":0,"event_name":"Addict","floor":19,"gold_loss":85},{"cards_removed":["Strike_G"],"damage_healed":0,"gold_gain":0,"player_choice":"Elegance","damage_taken":0,"max_hp_gain":0,"max_hp_loss":0,"event_name":"Back to Basics","floor":21,"gold_loss":0},{"damage_healed":0,"gold_gain":0,"player_choice":"Traded Relic","damage_taken":0,"relics_obtained":["Nloth\u0027s Gift"],"max_hp_gain":0,"max_hp_loss":0,"event_name":"N\u0027loth","floor":22,"relics_lost":["The Specimen"],"gold_loss":0}],"is_beta":false,"boss_relics":[{"not_picked":["Coffee Dripper","Ectoplasm"],"picked":"WristBlade"}],"items_purged_floors":[5,14],"is_endless":false,"potions_floor_spawned":[10,16,18,23,27],"killed_by":"Centurion and Healer","ascension_level":2}}