{"host":"410n1t7fh6lcb80z","time":1609424659,"event":{"mods":["BaseMod","Colored Map","Highlight Path","Minty Spire (QoL Compilation)"],"gold_per_floor":[109,124,141,156,166,166,18,18,45,45,45,76,76,103,103,203,203,220,13,30,30,48,48,64,98,178,178,188,188,206,222,222,327,327,338,350,360,204,204,234,234,251,274,284,284,284],"floor_reached":45,"playtime":4214,"items_purged":["Strike_R"],"score":575,"play_id":"9efac6d1-acbf-48e7-94cd-32955802b534","local_time":"20201231092419","is_ascension_mode":true,"campfire_choices":[{"data":"Spot Weakness","floor":6,"key":"SMITH"},{"data":"Rampage","floor":8,"key":"SMITH"},{"data":"Shrug It Off","floor":10,"key":"SMITH"},{"data":"Bash","floor":15,"key":"SMITH"},{"data":"Battle Trance","floor":23,"key":"SMITH"},{"floor":27,"key":"REST"},{"floor":29,"key":"DIG"},{"floor":32,"key":"DIG"},{"floor":41,"key":"REST"}],"circlet_count":0,"master_deck":["Defend_R","Defend_R","Defend_R","Bash+1","Power Through","Sword Boomerang","Shrug It Off+1","Rampage+1","Spot Weakness+1","Limit Break","Shrug It Off","Dual Wield","Battle Trance+1","Limit Break","Shrug It Off+1"],"relics":["Burning Blood","Medical Kit","Toy Ornithopter","Peace Pipe","Blood Vial","Velvet Choker","Shovel","Darkstone Periapt","MealTicket","TungstenRod","Empty Cage","Red Skull","Singing Bowl","Oddly Smooth Stone"],"acts_visited":["Exordium","TheCity","TheBeyond"],"potions_floor_usage":[5,16,22,25,25,25,33,44],"damage_taken":[{"damage":11,"enemies":"Small Slimes","floor":1,"turns":5},{"damage":2,"enemies":"Jaw Worm","floor":2,"turns":4},{"damage":16,"enemies":"Cultist","floor":3,"turns":4},{"damage":9,"enemies":"Looter","floor":4,"turns":3},{"damage":16,"enemies":"Lots of Slimes","floor":5,"turns":5},{"damage":15,"enemies":"3 Sentries","floor":12,"turns":8},{"damage":14,"enemies":"Lagavulin","floor":14,"turns":6},{"damage":26,"enemies":"The Guardian","floor":16,"turns":9},{"damage":41,"enemies":"2 Thieves","floor":18,"turns":4},{"damage":0,"enemies":"Chosen","floor":20,"turns":4},{"damage":31,"enemies":"Centurion and Healer","floor":22,"turns":10},{"damage":27,"enemies":"Sentry and Sphere","floor":24,"turns":7},{"damage":20,"enemies":"Book of Stabbing","floor":25,"turns":4},{"damage":16,"enemies":"Snecko","floor":28,"turns":7},{"damage":4,"enemies":"Centurion and Healer","floor":30,"turns":7},{"damage":13,"enemies":"Shelled Parasite and Fungi","floor":31,"turns":5},{"damage":53,"enemies":"Collector","floor":33,"turns":8},{"damage":4,"enemies":"3 Shapes","floor":35,"turns":6},{"damage":0,"enemies":"Orb Walker","floor":36,"turns":4},{"damage":38,"enemies":"Sphere and 2 Shapes","floor":37,"turns":10},{"damage":48,"enemies":"Nemesis","floor":40,"turns":9},{"damage":2,"enemies":"4 Shapes","floor":42,"turns":7},{"damage":17,"enemies":"Writhing Mass","floor":44,"turns":5},{"damage":61,"enemies":"Sphere and 2 Shapes","floor":45,"turns":3}],"seed_played":"8788341090942997934","potions_obtained":[{"floor":1,"key":"Fire Potion"},{"floor":2,"key":"Weak Potion"},{"floor":3,"key":"LiquidMemories"},{"floor":14,"key":"BloodPotion"},{"floor":20,"key":"DistilledChaos"},{"floor":22,"key":"Energy Potion"},{"floor":31,"key":"Explosive Potion"},{"floor":40,"key":"DistilledChaos"}],"is_trial":false,"path_per_floor":["M","M","M","M","M","R","$","R","T","R","?","E","T","E","R","B",null,"M","$","M","?","M","R","M","E","T","R","M","R","M","M","R","B",null,"M","M","M","$","?","E","R","M","T","M","M"],"character_chosen":"IRONCLAD","items_purchased":["Medical Kit","Shrug It Off","Dual Wield","Red Skull"],"campfire_rested":2,"item_purchase_floors":[7,19,19,38],"current_hp_per_floor":[75,79,69,66,56,56,56,56,56,56,56,47,47,39,39,26,80,45,45,53,53,51,51,32,35,35,59,51,51,55,50,50,10,80,80,80,48,63,63,25,49,57,57,55,0,0],"gold":284,"neow_bonus":"THREE_CARDS","is_daily":false,"chose_seed":false,"campfire_upgraded":5,"win_rate":0.0,"timestamp":1609424659,"path_taken":["M","M","M","M","M","R","$","R","T","R","?","E","?","E","R","BOSS","M","$","M","?","?","R","M","E","T","R","M","R","M","M","R","BOSS","M","M","M","$","?","E","R","M","T","M","?"],"items_purchased_type":["Relic","Card","Card","Relic"],"build_version":"2020-12-22","purchased_purges":1,"victory":false,"max_hp_per_floor":[80,80,80,80,80,80,80,80,80,80,80,80,80,80,80,80,80,80,80,80,80,80,80,80,80,80,80,80,80,80,80,80,80,80,80,80,80,80,80,82,82,84,84,86,86,86],"card_choices":[{"not_picked":["Flex","Blood for Blood"],"picked":"Power Through","floor":0},{"not_picked":["Spot Weakness","Iron Wave"],"picked":"Sword Boomerang","floor":1},{"not_picked":["Anger","Feel No Pain"],"picked":"Shrug It Off","floor":2},{"not_picked":["Armaments","Sword Boomerang"],"picked":"Rampage","floor":3},{"not_picked":["Clothesline","Infernal Blade","Power Through"],"picked":"SKIP","floor":4},{"not_picked":["Cleave","Limit Break"],"picked":"Spot Weakness","floor":5},{"not_picked":["Heavy Blade","Evolve","Havoc"],"picked":"SKIP","floor":12},{"not_picked":["Clothesline","Seeing Red","Cleave"],"picked":"SKIP","floor":14},{"not_picked":["Juggernaut","Exhume"],"picked":"Limit Break","floor":16},{"not_picked":["Armaments+1","Fire Breathing","Warcry"],"picked":"SKIP","floor":18},{"not_picked":["Clash","Infernal Blade","Perfected Strike"],"picked":"SKIP","floor":20},{"not_picked":["Carnage","Second Wind+1"],"picked":"Battle Trance","floor":22},{"not_picked":["Seeing Red+1","Body Slam","Anger"],"picked":"SKIP","floor":24},{"not_picked":["Metallicize","Dark Embrace+1","Heavy Blade"],"picked":"SKIP","floor":25},{"not_picked":["Sword Boomerang","Twin Strike","Clash+1"],"picked":"SKIP","floor":28},{"not_picked":["Bloodletting","Clash","Battle Trance+1"],"picked":"SKIP","floor":30},{"not_picked":["Twin Strike","Seeing Red"],"picked":"Limit Break","floor":31},{"not_picked":["Warcry+1","Cleave+1","Uppercut"],"picked":"SKIP","floor":35},{"not_picked":["Armaments+1","Searing Blow"],"picked":"Shrug It Off+1","floor":36},{"not_picked":["Bloodletting+1","Anger","Whirlwind+1"],"picked":"SKIP","floor":37},{"not_picked":["Ghostly Armor","True Grit","Pommel Strike"],"picked":"Singing Bowl","floor":40},{"not_picked":["Iron Wave","Armaments","Carnage+1"],"picked":"Singing Bowl","floor":42},{"not_picked":["Armaments+1","Thunderclap","Body Slam+1"],"picked":"Singing Bowl","floor":44}],"player_experience":463677,"relics_obtained":[{"floor":12,"key":"Toy Ornithopter"},{"floor":13,"key":"Peace Pipe"},{"floor":14,"key":"Blood Vial"},{"floor":25,"key":"Shovel"},{"floor":26,"key":"Darkstone Periapt"},{"floor":29,"key":"MealTicket"},{"floor":32,"key":"TungstenRod"},{"floor":40,"key":"Singing Bowl"},{"floor":43,"key":"Oddly Smooth Stone"}],"event_choices":[{"cards_removed":["Strike_R"],"damage_healed":0,"gold_gain":0,"player_choice":"Forget","damage_taken":0,"max_hp_gain":0,"max_hp_loss":0,"event_name":"Living Wall","floor":11,"gold_loss":0},{"cards_removed":["Strike_R"],"damage_healed":0,"gold_gain":0,"player_choice":"Purged","damage_taken":0,"max_hp_gain":0,"max_hp_loss":0,"event_name":"Purifier","floor":21,"gold_loss":0},{"cards_removed":["Defend_R"],"damage_healed":0,"gold_gain":0,"player_choice":"Purged","damage_taken":0,"max_hp_gain":0,"max_hp_loss":0,"event_name":"Purifier","floor":39,"gold_loss":0}],"is_beta":false,"boss_relics":[{"not_picked":["Runic Cube","Runic Dome"],"picked":"Velvet Choker"},{"not_picked":["Black Blood","Sozu"],"picked":"Empty Cage"}],"items_purged_floors":[19],"is_endless":false,"potions_floor_spawned":[1,2,3,14,20,22,31,40],"killed_by":"Sphere and 2 Shapes","ascension_level":4}}