{"host":"tpad8qsc9e0g0pa5","time":1609423902,"event":{"mods":["BaseMod","Minty Spire (QoL Compilation)","Quick Restart","StSLib","The Bug Knight","The Servant 0.9.4"],"gold_per_floor":[115,40,115,134,134,165,165,178,178,178,189,203,235,250,250,250,250],"floor_reached":16,"playtime":1473,"items_purged":[],"score":158,"play_id":"9a9aed5f-271d-4dd8-9c06-2a1b525c6224","local_time":"20201231221142","is_ascension_mode":true,"campfire_choices":[{"data":"HollowMod:VoidDash","floor":7.0,"key":"SMITH"},{"floor":15.0,"key":"REST"}],"circlet_count":0,"master_deck":["HollowMod:NailStrikeStart","HollowMod:NailStrikeStart","HollowMod:NailStrikeStart","HollowMod:NailStrikeStart","HollowMod:QuickDashStart","HollowMod:QuickDashStart","HollowMod:QuickDashStart","HollowMod:FocusHealStart","HollowMod:PogoStrike","HollowMod:VengefulVoid","HollowMod:SharpenedShadows","HollowMod:WraithStrike","HollowMod:VoidDash+1","HollowMod:DescendingDark","HollowMod:BlackTendrils"],"relics":["HollowMod:VesselMask","NeowsBlessing","HornCleat","Pantograph","HollowMod:DelicateFlower"],"acts_visited":["Exordium"],"potions_floor_usage":[16],"damage_taken":[{"damage":0.0,"enemies":"Jaw Worm","floor":1.0,"turns":1.0},{"damage":0.0,"enemies":"Small Slimes","floor":4.0,"turns":1.0},{"damage":0.0,"enemies":"Gremlin Nob","floor":6.0,"turns":1.0},{"damage":0.0,"enemies":"Cultist","floor":8.0,"turns":3.0},{"damage":5.0,"enemies":"Looter","floor":11.0,"turns":3.0},{"damage":17.0,"enemies":"Exordium Thugs","floor":12.0,"turns":3.0},{"damage":31.0,"enemies":"3 Sentries","floor":13.0,"turns":5.0},{"damage":0.0,"enemies":"Large Slime","floor":14.0,"turns":3.0},{"damage":64,"enemies":"Slime Boss","floor":16,"turns":7}],"seed_played":"5563394577933036791","potions_obtained":[{"floor":6.0,"key":"Swift Potion"},{"floor":8.0,"key":"SkillPotion"},{"floor":12.0,"key":"FearPotion"},{"floor":14.0,"key":"Explosive Potion"}],"is_trial":false,"path_per_floor":["M","$","?","M","?","E","R","M","T","?","M","M","E","M","R","B"],"character_chosen":"THE_BUGKNIGHT","items_purchased":["HollowMod:SharpenedShadows"],"campfire_rested":1,"item_purchase_floors":[2],"current_hp_per_floor":[75,75,64,64,57,57,57,57,57,57,52,35,6,10,32,0,0],"gold":250,"neow_bonus":"THREE_ENEMY_KILL","is_daily":false,"chose_seed":false,"campfire_upgraded":1,"win_rate":0.0,"timestamp":1609423902,"path_taken":["M","$","?","M","?","E","R","M","T","?","M","?","E","M","R","BOSS"],"items_purchased_type":["Card"],"build_version":"2020-12-22","purchased_purges":0,"victory":false,"max_hp_per_floor":[75,75,75,75,75,75,75,75,75,75,75,75,75,75,75,75,75],"card_choices":[{"not_picked":["HollowMod:SoulStrike","HollowMod:InfectionAssault"],"picked":"HollowMod:VengefulVoid","floor":1.0},{"not_picked":["HollowMod:SiblingsSouls","HollowMod:InfectedAttack"],"picked":"HollowMod:WraithStrike","floor":4.0},{"not_picked":["HollowMod:VengefulSpirit","HollowMod:SiblingsSouls"],"picked":"HollowMod:VoidDash","floor":6.0},{"not_picked":["HollowMod:GoodIntentions","HollowMod:CornifersMapStart","HollowMod:LifebloodCocoon"],"picked":"SKIP","floor":8.0},{"not_picked":["HollowMod:GreatSlash","HollowMod:AbyssShriek"],"picked":"HollowMod:DescendingDark","floor":11.0},{"not_picked":["HollowMod:AbyssShriek","HollowMod:HeavyBlow"],"picked":"HollowMod:BlackTendrils","floor":12.0},{"not_picked":["HollowMod:BaldurShell","HollowMod:MonarchWings","HollowMod:MawleksShell"],"picked":"SKIP","floor":13.0},{"not_picked":["HollowMod:NewGlowingWomb","HollowMod:MantisMark","HollowMod:CornifersMapStart"],"picked":"SKIP","floor":14.0}],"player_experience":304638,"relics_obtained":[{"floor":6.0,"key":"HornCleat"},{"floor":9.0,"key":"Pantograph"},{"floor":13.0,"key":"HollowMod:DelicateFlower"}],"event_choices":[{"damage_healed":0.0,"max_hp_gain":0.0,"max_hp_loss":0.0,"gold_gain":75.0,"event_name":"World of Goop","player_choice":"Gather Gold","floor":3.0,"gold_loss":0.0,"damage_taken":11.0},{"cards_removed":["HollowMod:QuickDashStart"],"damage_healed":0.0,"max_hp_gain":0.0,"max_hp_loss":0.0,"gold_gain":0.0,"event_name":"Golden Wing","player_choice":"Card Removal","floor":5.0,"gold_loss":0.0,"damage_taken":7.0},{"damage_healed":0.0,"max_hp_gain":0.0,"max_hp_loss":0.0,"gold_gain":0.0,"event_name":"The Woman in Blue","player_choice":"Bought 0 Potions","floor":10.0,"gold_loss":0.0,"damage_taken":0.0}],"is_beta":false,"boss_relics":[],"items_purged_floors":[],"is_endless":false,"potions_floor_spawned":[6,8,12,14],"killed_by":"Slime Boss","ascension_level":3}}