{"host":"a7dhdzm3fda48fos","time":1609374752,"event":{"mods":["AchievementEnabler","AlwaysNeverKeys","BaseMod","Better Altar","Better Note","Better Sensory Stone","Better Skull","Better Third Choice","Block Reminder","Colored Map","Gold Saver","Hermit","Minty Spire (QoL Compilation)","Quick Restart","Relic Sorter","Relic Stats","Remove Card Discount Mod","Shop Mod","Spicy Shops","StSLib"],"gold_per_floor":[536,536,551,562,28,53,72,72,97,153,163,175,202,36,36,140,140,160,187,187,187,187,218,218,232,232,248,296,326,345,376,376,481,531,547,169,179,197,74,74,86,102,102,102,119,129,183,20,20,20,20,20,8,41,41,41],"floor_reached":55,"playtime":3374,"items_purged":[],"score":848,"play_id":"56072c87-b82c-487a-a169-2cee4f6fcdb0","local_time":"20201231013232","is_ascension_mode":true,"campfire_choices":[{"floor":15,"key":"REST"},{"data":"Bloodletting","floor":24,"key":"SMITH"},{"floor":32,"key":"REST"},{"floor":40,"key":"REST"},{"data":"Sentinel","floor":49,"key":"SMITH"},{"data":"Juggernaut","floor":52,"key":"SMITH"}],"circlet_count":0,"master_deck":["Strike_R+1","Strike_R+1","Strike_R+1","Strike_R+1","Strike_R+1","Defend_R+1","Defend_R+1","Defend_R+1","Defend_R+1","Bash+1","Dramatic Entrance+1","Uppercut+1","Shrug It Off+1","Armaments","Juggernaut+1","Bloodletting+1","Iron Wave","Cleave","Thunderclap","Combust","Fire Breathing+1","Shrug It Off","Berserk+1","Sword Boomerang+1","Evolve+1","Necronomicurse","Thunderclap","Warcry","Pommel Strike+1","Dropkick","Juggernaut+1","Thunderclap+1","Inflame+1","Exhume","Dropkick","Metallicize+1","Warcry","Dark Embrace+1","Evolve+1","Pummel+1","Pummel+1","Parasite","Dropkick+1","Warcry+1","Dropkick+1","Demon Form+1","Sentinel+1","Sadistic Nature+1","Pommel Strike+1"],"relics":["Burning Blood","CaptainsWheel","Pocketwatch","Nunchaku","Happy Flower","Centennial Puzzle","Membership Card","Dream Catcher","Blood Vial","Bag of Marbles","Frozen Egg 2","Sozu","Necronomicon","Eternal Feather","Orichalcum","Bag of Preparation","MerchantsRug","PreservedInsect","Molten Egg 2","Bird Faced Urn","Boot","Bottled Tornado","Vajra","Oddly Smooth Stone"],"acts_visited":["Exordium","TheCity","TheBeyond","TheEnding"],"potions_floor_usage":[6,6,16,55],"damage_taken":[{"damage":6,"enemies":"Cultist","floor":1,"turns":3},{"damage":0,"enemies":"2 Louse","floor":3,"turns":1},{"damage":0,"enemies":"Jaw Worm","floor":4,"turns":2},{"damage":19,"enemies":"Lagavulin","floor":6,"turns":7},{"damage":11,"enemies":"3 Louse","floor":7,"turns":2},{"damage":0,"enemies":"Looter","floor":11,"turns":2},{"damage":11,"enemies":"Large Slime","floor":12,"turns":3},{"damage":31,"enemies":"Gremlin Nob","floor":13,"turns":5},{"damage":14,"enemies":"Slime Boss","floor":16,"turns":7},{"damage":11,"enemies":"Spheric Guardian","floor":18,"turns":4},{"damage":10,"enemies":"Gremlin Leader","floor":23,"turns":4},{"damage":2,"enemies":"2 Thieves","floor":25,"turns":2},{"damage":2,"enemies":"Cultist and Chosen","floor":27,"turns":4},{"damage":26,"enemies":"Book of Stabbing","floor":29,"turns":5},{"damage":7,"enemies":"Snecko","floor":30,"turns":3},{"damage":36,"enemies":"Slavers","floor":31,"turns":3},{"damage":50,"enemies":"Collector","floor":33,"turns":6},{"damage":26,"enemies":"Orb Walker","floor":35,"turns":3},{"damage":0,"enemies":"3 Darklings","floor":37,"turns":2},{"damage":33,"enemies":"Maw","floor":38,"turns":7},{"damage":7,"enemies":"Jaw Worm Horde","floor":41,"turns":2},{"damage":16,"enemies":"Writhing Mass","floor":42,"turns":4},{"damage":17,"enemies":"3 Darklings","floor":45,"turns":4},{"damage":16,"enemies":"Maw","floor":46,"turns":5},{"damage":27,"enemies":"2 Orb Walkers","floor":47,"turns":3},{"damage":48,"enemies":"Donu and Deca","floor":50,"turns":6},{"damage":55,"enemies":"Shield and Spear","floor":54,"turns":5},{"damage":92,"enemies":"The Heart","floor":55,"turns":6}],"seed_played":"-6253507213106603152","potions_obtained":[{"floor":3,"key":"ColorlessPotion"},{"floor":4,"key":"AttackPotion"},{"floor":13,"key":"EssenceOfSteel"},{"floor":16,"key":"DuplicationPotion"}],"is_trial":false,"path_per_floor":["M","?","M","M","$","E","M","?","T","?","M","M","E","$","R","B",null,"M","T","?","?","?","E","R","M","T","M","T","E","M","E","R","B",null,"M","$","M","M","$","R","M","M","T","T","M","M","?","$","R","B",null,"R","$","E","B"],"character_chosen":"IRONCLAD","items_purchased":["Juggernaut","Tiny Chest","Membership Card","Dream Catcher","Frozen Egg 2","Fire Breathing+1","Matryoshka","Bag of Preparation","MerchantsRug","PreservedInsect","Molten Egg 2","Evolve+1","Nunchaku","Bottled Tornado","Vajra","Sentinel","Sadistic Nature+1"],"campfire_rested":3,"item_purchase_floors":[5,5,5,5,14,14,36,36,36,36,36,39,39,48,48,48,53],"current_hp_per_floor":[80,80,80,80,80,67,62,62,62,62,70,67,44,44,80,72,80,75,75,75,75,59,67,67,73,73,79,79,61,62,34,90,46,95,75,75,83,58,58,95,94,85,85,85,86,95,82,82,95,67,95,95,95,64,0,0],"gold":41,"neow_bonus":"RANDOM_COLORLESS","is_daily":false,"chose_seed":false,"campfire_upgraded":3,"win_rate":0.0,"timestamp":1609374752,"path_taken":["M","?","M","?","$","E","?","?","T","?","M","M","E","$","R","BOSS","M","?","?","?","?","E","R","M","T","M","?","E","?","E","R","BOSS","M","$","M","?","$","R","?","M","T","?","M","M","?","?","R","BOSS","R","$","E","BOSS"],"items_purchased_type":["Card","Relic","Relic","Relic","Relic","Card","Relic","Relic","Relic","Relic","Relic","Card","Relic","Relic","Relic","Card","Card"],"build_version":"2020-12-22","purchased_purges":0,"victory":false,"max_hp_per_floor":[80,80,80,80,80,80,80,80,80,80,80,80,80,80,80,80,80,80,80,80,80,80,90,90,90,90,90,90,90,90,90,90,90,95,95,95,95,95,95,95,95,95,95,95,95,95,95,95,95,95,95,95,95,95,95,95],"relic_stats":{"Happy Flower":[17],"counters":[28,110],"Eternal Feather":52,"PreservedInsect":68,"Bag of Preparation":[20],"Orichalcum":[150],"Boot":[23],"Burning Blood":148,"Blood Vial":29,"Sozu":9,"Nunchaku":[9],"Centennial Puzzle":[51],"Dream Catcher":3,"Bird Faced Urn":[93],"Necronomicon":[25],"obtain_stats":[{"Regal Pillow":6,"Tiny House":34,"Vajra":48,"Bag of Preparation":36,"Whetstone":28,"Bottled Tornado":48,"Boot":44,"Burning Blood":0,"Blood Vial":9,"Sozu":17,"Dream Catcher":5,"Centennial Puzzle":19,"Nunchaku":39,"Matryoshka":36,"Tiny Chest":5,"Necronomicon":22,"Potion Belt":43,"MerchantsRug":36,"Pear":23,"Happy Flower":31,"Oddly Smooth Stone":54,"Eternal Feather":26,"PreservedInsect":36,"Frozen Egg 2":14,"Orichalcum":29,"CaptainsWheel":47,"Bird Faced Urn":43,"Molten Egg 2":36,"Bag of Marbles":13,"Membership Card":5,"Pocketwatch":44},{"Regal Pillow":4,"Tiny House":17,"Vajra":25,"Bag of Preparation":18,"Whetstone":13,"Bottled Tornado":25,"Boot":22,"Burning Blood":0,"Blood Vial":5,"Sozu":9,"Dream Catcher":3,"Centennial Puzzle":10,"Nunchaku":20,"Matryoshka":18,"Tiny Chest":3,"Necronomicon":10,"Potion Belt":22,"MerchantsRug":18,"Pear":11,"Happy Flower":16,"Oddly Smooth Stone":27,"Eternal Feather":12,"PreservedInsect":18,"Frozen Egg 2":8,"Orichalcum":14,"CaptainsWheel":25,"Bird Faced Urn":22,"Molten Egg 2":18,"Bag of Marbles":8,"Membership Card":3,"Pocketwatch":22},{"Regal Pillow":13,"Tiny House":63,"Vajra":93,"Bag of Preparation":66,"Whetstone":46,"Bottled Tornado":93,"Boot":81,"Burning Blood":0,"Blood Vial":15,"Sozu":32,"Dream Catcher":6,"Centennial Puzzle":36,"Nunchaku":75,"Matryoshka":66,"Tiny Chest":6,"Necronomicon":36,"Potion Belt":81,"MerchantsRug":66,"Pear":40,"Happy Flower":57,"Oddly Smooth Stone":104,"Eternal Feather":42,"PreservedInsect":66,"Frozen Egg 2":25,"Orichalcum":51,"CaptainsWheel":93,"Bird Faced Urn":81,"Molten Egg 2":66,"Bag of Marbles":25,"Membership Card":6,"Pocketwatch":81}],"Pocketwatch":[9]},"card_choices":[{"not_picked":["Blind","Trip"],"picked":"Dramatic Entrance","floor":0},{"not_picked":["Clothesline","Blood for Blood"],"picked":"Uppercut","floor":1},{"not_picked":["Sentinel","Carnage"],"picked":"Shrug It Off","floor":3},{"not_picked":["True Grit","Anger"],"picked":"Armaments","floor":4},{"not_picked":["Pommel Strike","Heavy Blade"],"picked":"Bloodletting","floor":6},{"not_picked":["Whirlwind","Clash"],"picked":"Iron Wave","floor":7},{"not_picked":["Headbutt","Carnage"],"picked":"Cleave","floor":11},{"not_picked":["Wild Strike","Twin Strike"],"picked":"Thunderclap","floor":12},{"not_picked":["Dark Embrace","Body Slam"],"picked":"Combust","floor":13},{"not_picked":["Anger","Pommel Strike"],"picked":"Shrug It Off","floor":15},{"not_picked":["Demon Form+1","Exhume"],"picked":"Berserk+1","floor":16},{"not_picked":["Clash+1","Havoc+1"],"picked":"Sword Boomerang+1","floor":18},{"not_picked":["Perfected Strike","Shrug It Off+1"],"picked":"Thunderclap","floor":23},{"not_picked":["Flex","Ghostly Armor"],"picked":"Warcry","floor":25},{"not_picked":["Headbutt+1","Flex"],"picked":"Pommel Strike+1","floor":27},{"not_picked":["Bloodletting","Searing Blow"],"picked":"Dropkick","floor":29},{"not_picked":["Heavy Blade","Battle Trance"],"picked":"Juggernaut+1","floor":30},{"not_picked":["Pommel Strike","Evolve+1"],"picked":"Thunderclap+1","floor":31},{"not_picked":["Warcry","Intimidate"],"picked":"Inflame+1","floor":32},{"not_picked":["Limit Break","Immolate"],"picked":"Exhume","floor":33},{"not_picked":["Sword Boomerang","Twin Strike"],"picked":"Dropkick","floor":34},{"not_picked":["Cleave+1","Pommel Strike"],"picked":"Metallicize+1","floor":35},{"not_picked":["Clash+1","Sword Boomerang+1"],"picked":"Warcry","floor":37},{"not_picked":["Body Slam+1","Battle Trance+1"],"picked":"Dark Embrace+1","floor":38},{"not_picked":["Battle Trance+1","Dark Embrace+1"],"picked":"Pummel+1","floor":40},{"not_picked":["Dual Wield","Disarm"],"picked":"Pummel+1","floor":41},{"not_picked":["Warcry+1","Cleave+1"],"picked":"Dropkick+1","floor":42},{"not_picked":["Clothesline+1","Battle Trance"],"picked":"Warcry+1","floor":45},{"not_picked":["Iron Wave+1","Thunderclap+1"],"picked":"Dropkick+1","floor":46},{"not_picked":["Clothesline+1","Combust+1"],"picked":"Demon Form+1","floor":47},{"not_picked":["Rampage+1","Iron Wave+1"],"picked":"Pommel Strike+1","floor":54}],"player_experience":62942,"relics_obtained":[{"floor":6,"key":"Regal Pillow"},{"floor":9,"key":"Blood Vial"},{"floor":13,"key":"Bag of Marbles"},{"floor":19,"key":"Centennial Puzzle"},{"floor":22,"key":"Necronomicon"},{"floor":23,"key":"Pear"},{"floor":26,"key":"Eternal Feather"},{"floor":28,"key":"Whetstone"},{"floor":29,"key":"Orichalcum"},{"floor":31,"key":"Happy Flower"},{"floor":43,"key":"Bird Faced Urn"},{"floor":43,"key":"Potion Belt"},{"floor":44,"key":"Boot"},{"floor":44,"key":"Pocketwatch"},{"floor":47,"key":"CaptainsWheel"},{"floor":54,"key":"Oddly Smooth Stone"}],"event_choices":[{"damage_healed":0,"gold_gain":0,"player_choice":"Upgraded","damage_taken":0,"max_hp_gain":0,"max_hp_loss":0,"event_name":"Upgrade Shrine","floor":2,"gold_loss":0,"cards_upgraded":["Dramatic Entrance"]},{"damage_healed":0,"gold_gain":0,"player_choice":"Leave","damage_taken":0,"max_hp_gain":0,"max_hp_loss":0,"event_name":"The Cleric","floor":8,"gold_loss":0},{"damage_healed":0,"gold_gain":56,"player_choice":"Gained Gold","damage_taken":0,"max_hp_gain":0,"max_hp_loss":0,"event_name":"Golden Wing","floor":10,"gold_loss":0},{"damage_healed":0,"gold_gain":0,"player_choice":"Simplicity","damage_taken":0,"max_hp_gain":0,"max_hp_loss":9,"event_name":"betterThird:BetterWriting","floor":20,"gold_loss":0},{"damage_healed":0,"gold_gain":0,"player_choice":"Read","damage_taken":0,"max_hp_gain":0,"max_hp_loss":0,"event_name":"The Library","floor":21,"gold_loss":0,"cards_obtained":["Evolve"]},{"damage_healed":0,"gold_gain":0,"player_choice":"Obtained Book","damage_taken":16,"max_hp_gain":0,"max_hp_loss":0,"event_name":"Cursed Tome","floor":22,"gold_loss":0},{"damage_healed":0,"gold_gain":0,"player_choice":"Fight","damage_taken":0,"max_hp_gain":0,"max_hp_loss":0,"event_name":"Mysterious Sphere","floor":47,"gold_loss":0}],"is_beta":false,"boss_relics":[{"not_picked":["Black Blood","Velvet Choker"],"picked":"Sozu"},{"not_picked":["Fusion Hammer","SacredBark"],"picked":"Tiny House"}],"items_purged_floors":[],"is_endless":false,"potions_floor_spawned":[3,4,13,16,18,25,31,37,38,42,47,54],"killed_by":"The Heart","ascension_level":1}}