{"host":"1zfbckszmdcrhnfi","time":1609449471,"event":{"mods":["AchievementEnabler","BaseMod","Colored Map","Downfall","Marisa£®ÏF”Í°°ƒß¿Ì…≥£©","Minty Spire (QoL Compilation)","Replay The Spire","Shop Mod","StSLib","The Cursed","The Servant 0.9.4"],"gold_per_floor":[110,122,135,85,85,116,116,116,116,116,116],"floor_reached":10,"playtime":565,"items_purged":[],"score":94,"play_id":"3f488855-41eb-46f0-9cc9-3a4361b171f0","local_time":"20210101051751","is_ascension_mode":true,"campfire_choices":[{"floor":8,"key":"REST"}],"circlet_count":0,"master_deck":["TheCursedMod:CursedWand","TheCursedMod:CleanUpWorkshop","TheCursedMod:Dregs","TheCursedMod:StunningStrike","TheCursedMod:CircleOfCorruption","TheCursedMod:NeowsMight+1","TheCursedMod:Neurasthenia","TheCursedMod:AntiAging","TheCursedMod:CircleOfWindfury","TheCursedMod:CursedArmor","TheCursedMod:CursedAmulet","TheCursedMod:ReleasedStrength","TheCursedMod:SurpriseAttack"],"relics":["Pandora\u0027s Box","Pondfish Scales","Mirror"],"acts_visited":["Exordium"],"potions_floor_usage":[],"damage_taken":[{"damage":0,"enemies":"Jaw Worm","floor":1,"turns":6},{"damage":0,"enemies":"2 Louse","floor":2,"turns":2},{"damage":9,"enemies":"Cultist","floor":3,"turns":4},{"damage":53,"enemies":"Gremlin Nob","floor":6,"turns":7},{"damage":57,"enemies":"3 Sentries","floor":10,"turns":16}],"seed_played":"-6580299321366847643","potions_obtained":[{"floor":6,"key":"Elixir"}],"is_trial":false,"path_per_floor":["M","M","M","?","?","E","?","R","T","E"],"character_chosen":"THE_CURSED","items_purchased":[],"campfire_rested":1,"item_purchase_floors":[],"current_hp_per_floor":[77,79,72,72,77,26,26,52,52,0,0],"gold":116,"neow_bonus":"BOSS_RELIC","is_daily":false,"chose_seed":false,"campfire_upgraded":0,"win_rate":0.0,"timestamp":1609449471,"path_taken":["M","M","M","?","?","E","?","R","T","E"],"items_purchased_type":[],"build_version":"2020-12-22","purchased_purges":0,"victory":false,"max_hp_per_floor":[77,79,81,81,86,88,88,88,88,90,90],"card_choices":[{"not_picked":["TheCursedMod:SpitefulStrike","TheCursedMod:VitalStrike","TheCursedMod:CircleOfCorruption"],"picked":"SKIP","floor":1},{"not_picked":["TheCursedMod:CircleOfCorruption","TheCursedMod:Torture"],"picked":"TheCursedMod:CursedAmulet","floor":2},{"not_picked":["TheCursedMod:CircleOfBlood","TheCursedMod:StingEye"],"picked":"TheCursedMod:ReleasedStrength","floor":3},{"not_picked":["TheCursedMod:TacticalStrike","TheCursedMod:ParallelWorld"],"picked":"TheCursedMod:SurpriseAttack","floor":6}],"player_experience":179442,"relics_obtained":[{"floor":6,"key":"Pondfish Scales"},{"floor":9,"key":"Mirror"}],"event_choices":[{"cards_removed":["TheCursedMod:SaltUponWound"],"damage_healed":0,"gold_gain":0,"player_choice":"Card Removal","damage_taken":0,"max_hp_gain":0,"max_hp_loss":0,"event_name":"The Cleric","floor":4,"gold_loss":50},{"damage_healed":0,"gold_gain":0,"player_choice":"Donut","damage_taken":0,"max_hp_gain":5,"max_hp_loss":0,"event_name":"Big Fish","floor":5,"gold_loss":0},{"damage_healed":0,"gold_gain":0,"player_choice":"Grow","damage_taken":0,"max_hp_gain":0,"max_hp_loss":0,"event_name":"Living Wall","floor":7,"gold_loss":0,"cards_upgraded":["TheCursedMod:NeowsMight"]}],"is_beta":false,"boss_relics":[],"items_purged_floors":[],"is_endless":false,"potions_floor_spawned":[6],"killed_by":"3 Sentries","ascension_level":1}}