{"host":"68ryiucqar8jyfi2","time":1609433680,"event":{"mods":["2.2 Compatiblity","Act Like it!","Aspiration","BaseMod","Better Match","Better Note","Better Skull","Better Third Choice","CCEM","CapriCore","Curses Come First","Defuse TimeMaze Blight","Displayed Cursed Tome","Emptier Cage","Energized Spire","Friendly Minions","GifTheSpireLib","HexUI Lib","Hubris","Hyrulean Relics","Infinite Spire","Minty Spire (QoL Compilation)","Permanent Neow","RNG Fix","Replay The Spire","Robot Space Explorer","StSLib","Stuff the Spire","The Blue Laboratory","Trackpad","Transform Curses","Uncapped","Wandering Minibosses"],"gold_per_floor":[113,127,141,141,156,156,156,166,190,224,254,271,271,298,298,394,394,411,391,391,391,96,96,96],"floor_reached":23,"playtime":777,"items_purged":[],"score":209,"play_id":"85b43bac-91aa-4a0f-88fe-22687020adaf","local_time":"20201231165440","daily_mods":["Vintage","Heirloom","Flight"],"is_ascension_mode":false,"campfire_choices":[{"data":"Zap","floor":6,"key":"SMITH"},{"data":"Dualcast","floor":7,"key":"SMITH"},{"data":"ReplayTheSpireMod:Calculation Training","floor":15,"key":"SMITH"}],"circlet_count":0,"master_deck":["Strike_B","Strike_B","Strike_B","Strike_B+1","Defend_B","Defend_B","Defend_B","Defend_B","Zap+1","Dualcast+1","ReplayTheSpireMod:Calculation Training+1"],"relics":["Cracked Core","StuffTheSpire:Expresso","Garlic","hubris:MobiusCoin","Lantern","hubris:Icosahedron","MealTicket","aspiration:EnhancedActuators","zeldaRelics:CourageTriforce","hubris:Towel","zeldaRelics:WisdomPiece","hubris:ScarierMask","hubris:GlazedTorus","hubris:EvacipatedBox","hubris:FruitBowl","DataDisk","Chemical X"],"acts_visited":["Exordium","TheCity"],"potions_floor_usage":[12,12,16],"damage_taken":[{"damage":1,"enemies":"Cultist","floor":1,"turns":3},{"damage":3,"enemies":"Small Slimes","floor":2,"turns":2},{"damage":2,"enemies":"2 Louse","floor":3,"turns":2},{"damage":10,"enemies":"2 Fungi Beasts","floor":5,"turns":3},{"damage":0,"enemies":"Lots of Slimes","floor":8,"turns":3},{"damage":9,"enemies":"Replay:BlueRogue","floor":10,"turns":5},{"damage":21,"enemies":"Lagavulin","floor":11,"turns":7},{"damage":2,"enemies":"Exordium Thugs","floor":12,"turns":4},{"damage":13,"enemies":"3 Sentries","floor":14,"turns":7},{"damage":22,"enemies":"Slime Boss","floor":16,"turns":10},{"damage":6,"enemies":"Chosen","floor":18,"turns":5},{"damage":51,"enemies":"Book of Stabbing","floor":23,"turns":5}],"seed_played":"442130157836295443","potions_obtained":[{"floor":1,"key":"SkillPotion"},{"floor":8,"key":"FearPotion"},{"floor":12,"key":"PotionOfCapacity"},{"floor":19,"key":"Energy Potion"}],"is_trial":true,"path_per_floor":["M","M","M","?","M","R","R","M","T","E","E","M","?","E","R","B",null,"M","?","$","?","$","E"],"character_chosen":"DEFECT","items_purchased":["hubris:EvacipatedBox","hubris:FruitBowl","DataDisk","Chemical X"],"campfire_rested":0,"item_purchase_floors":[20,20,22,22],"current_hp_per_floor":[74,71,69,69,59,59,59,75,75,66,45,43,43,30,30,8,75,69,69,31,31,46,0,0],"gold":96,"neow_bonus":"","is_daily":false,"chose_seed":false,"campfire_upgraded":3,"win_rate":0.0,"timestamp":1609433680,"path_taken":["M","M","M","?","M","R","R","M","T","E","E","M","?","E","R","BOSS","M","?","?","?","$","E"],"items_purchased_type":["Relic","Relic","Relic","Relic"],"build_version":"2020-12-22","purchased_purges":0,"victory":false,"max_hp_per_floor":[75,75,75,75,75,75,75,75,75,75,75,75,75,75,75,75,75,75,75,75,75,75,75,75],"card_choices":[{"not_picked":["StuffTheSpire:Plugnplay","Crystallizer","Fission"],"picked":"SKIP","floor":10},{"not_picked":["Leap","Undo","Cold Snap"],"picked":"SKIP","floor":11},{"not_picked":["ReplayTheSpireMod:GoodbyeWorld","Meteor Strike"],"picked":"ReplayTheSpireMod:Calculation Training","floor":14}],"player_experience":188718,"relics_obtained":[{"floor":1,"key":"Garlic"},{"floor":2,"key":"hubris:MobiusCoin"},{"floor":3,"key":"Lantern"},{"floor":5,"key":"MealTicket"},{"floor":8,"key":"aspiration:EnhancedActuators"},{"floor":9,"key":"zeldaRelics:CouragePiece"},{"floor":10,"key":"zeldaRelics:CouragePiece"},{"floor":11,"key":"zeldaRelics:CouragePiece"},{"floor":14,"key":"zeldaRelics:WisdomPiece"},{"floor":18,"key":"hubris:GlazedTorus"}],"event_choices":[{"damage_healed":0,"gold_gain":0,"player_choice":"Bought 1 Potion","damage_taken":0,"max_hp_gain":0,"max_hp_loss":0,"event_name":"The Woman in Blue","floor":19,"gold_loss":0},{"damage_healed":0,"gold_gain":0,"player_choice":"Upgraded","damage_taken":0,"max_hp_gain":0,"max_hp_loss":0,"event_name":"Upgrade Shrine","floor":21,"gold_loss":0,"cards_upgraded":["Strike_B"]}],"is_beta":false,"boss_relics":[{"not_picked":["energizedSpire:EnergizedDie","aspiration:PoetsPen_weak"],"picked":"hubris:ScarierMask"}],"items_purged_floors":[],"is_endless":false,"potions_floor_spawned":[1,8,12],"killed_by":"Book of Stabbing","ascension_level":0}}