{"host":"5fasz840ryq7obdf","time":1609412504,"event":{"mods":["AchievementEnabler","BaseMod","Bestiary","Better Altar","Better Skull","Better Third Choice","BetterRewards","Block Reminder","Colored Powertips","Curses Come First","Downfall","Highlight Path","Minty Spire (QoL Compilation)","Quick Restart","Relic Sorter","Relic Stats","Shop Mod","Spicy Shops","StSLib","SuperFastMode"],"gold_per_floor":[0,15,28,13,32,57,134,161,189,189,289,319,27,60,77,177,177,177,187,199,63,82,110,133,133,145,84,101,129,161,173,195,305,317,329,360,385,397,409,421,483,520,532,544,2,31,31,31,41,41],"floor_reached":51,"playtime":4083,"items_purged":["Regret","Slimebound:Tackle"],"score":1119,"play_id":"4ca66a63-93a7-4d6b-a831-fcbcbca2792a","local_time":"20201231110144","is_ascension_mode":true,"campfire_choices":[{"data":"Slimebound:Split","floor":1.0,"key":"SMITH"},{"data":"Slimebound:CorrosiveSpit","floor":10.0,"key":"SMITH"},{"data":"Slimebound:MinionMaster","floor":18.0,"key":"SMITH"},{"data":"Slimebound:OneTwoCombo","floor":35.0,"key":"SMITH"},{"data":"Slimebound:DuplicatedForm","floor":43,"key":"SMITH"},{"data":"Slimebound:LeadByExample","floor":47,"key":"SMITH"}],"circlet_count":0,"master_deck":["Slimebound:Defend_Slimebound","Slimebound:Defend_Slimebound","Slimebound:Defend_Slimebound","Slimebound:Split+1","Slimebound:CorrosiveSpit+1","Slimebound:SpikyOuterGoop","Slimebound:ViciousTackle","Slimebound:MinionMaster+1","Slimebound:SamplingLick","Slimebound:OneTwoCombo+1","Slimebound:LeechingTouch","Slimebound:SplitMire","Slimebound:LevelUp","Slimebound:SplitMire","Slimebound:Equalize","Slimebound:LeechingTouch","Slimebound:LeechLife","Slimebound:GrowthPunch","Slimebound:RallyTheTroops","Slimebound:FormOfPuddle","Slimebound:PressTheAttack+1","Slimebound:SlimeSpikes","Slimebound:GrowthPunch","Slimebound:DisruptingSlam+1","Slimebound:Schlurp","Slimebound:Tackle+1","Slimebound:Tackle+1","Slimebound:Tackle+1","Slimebound:SlimeBarrage+1","Slimebound:RallyTheTroops","Slimebound:LeechEnergy+1","Slimebound:SamplingLick","Slimebound:SplitBruiser","Slimebound:SplitLeeching","Slimebound:SplitMire","Slimebound:PressTheAttack","Slimebound:SpikyOuterGoop","Slimebound:AcidTongue","Slimebound:SlimeBarrage+1","Slimebound:GrowthPunch","Slimebound:MassFeed","Slimebound:DuplicatedForm+1","Slimebound:Gluttony","Slimebound:SamplingLick+1","expansioncontent:AwakenDeath","expansioncontent:Chronoboost","Slimebound:GrowthPunch","Slimebound:Darklings","Slimebound:LeadByExample+1","Slimebound:SplitBruiser+1"],"relics":["Slimebound:AbsorbEndCombat","WingedGreaves","Bronze Scales","HornCleat","Peace Pipe","Ornamental Fan","Happy Flower","Ice Cream","Slimebound:AggressiveSlimeRelic","Coffee Dripper","Art of War","Blood Vial","Juzu Bracelet","Orrery","TungstenRod","MawBank","Velvet Choker","Pen Nib","Letter Opener","Anchor","Kunai","Bag of Preparation","Girya"],"acts_visited":["Exordium","TheCity","TheBeyond"],"potions_floor_usage":[42],"damage_taken":[{"damage":11.0,"enemies":"Jaw Worm","floor":2.0,"turns":3.0},{"damage":8.0,"enemies":"Cultist","floor":3.0,"turns":4.0},{"damage":8.0,"enemies":"downfall:FleeingMerchant","floor":4.0,"turns":4.0},{"damage":3.0,"enemies":"Small Slimes","floor":5.0,"turns":3.0},{"damage":27.0,"enemies":"Lagavulin","floor":6.0,"turns":8.0},{"damage":25.0,"enemies":"Gremlin Nob","floor":8.0,"turns":4.0},{"damage":16.0,"enemies":"3 Sentries","floor":9.0,"turns":6.0},{"damage":12.0,"enemies":"Lagavulin","floor":12.0,"turns":4.0},{"damage":12.0,"enemies":"downfall:FleeingMerchant","floor":13.0,"turns":4.0},{"damage":16.0,"enemies":"3 Sentries","floor":14.0,"turns":6.0},{"damage":10.0,"enemies":"Blue Slaver","floor":15.0,"turns":2.0},{"damage":32.0,"enemies":"downfall:Watcher","floor":16.0,"turns":5.0},{"damage":12.0,"enemies":"Spheric Guardian","floor":19.0,"turns":3.0},{"damage":30.0,"enemies":"Centurion and Healer","floor":20.0,"turns":3.0},{"damage":16.0,"enemies":"downfall:FleeingMerchant","floor":21.0,"turns":4.0},{"damage":20.0,"enemies":"Chosen and Byrds","floor":22.0,"turns":3.0},{"damage":20.0,"enemies":"Gremlin Leader","floor":23.0,"turns":4.0},{"damage":26.0,"enemies":"Snecko","floor":26.0,"turns":5.0},{"damage":8.0,"enemies":"downfall:FleeingMerchant","floor":27.0,"turns":4.0},{"damage":28.0,"enemies":"Snake Plant","floor":28.0,"turns":2.0},{"damage":20.0,"enemies":"Book of Stabbing","floor":29.0,"turns":2.0},{"damage":32.0,"enemies":"Gremlin Leader","floor":30.0,"turns":4.0},{"damage":27.0,"enemies":"Shelled Parasite and Fungi","floor":32.0,"turns":3.0},{"damage":18.0,"enemies":"downfall:Defect","floor":33.0,"turns":4.0},{"damage":22.0,"enemies":"3 Shapes","floor":36.0,"turns":5.0},{"damage":37.0,"enemies":"3 Darklings","floor":37.0,"turns":3.0},{"damage":38,"enemies":"Nemesis","floor":42,"turns":5},{"damage":28,"enemies":"Reptomancer","floor":46,"turns":5},{"damage":21,"enemies":"Writhing Mass","floor":49,"turns":4},{"damage":26,"enemies":"downfall:Ironclad","floor":50,"turns":6}],"seed_played":"-2512603384092645475","potions_obtained":[{"floor":2.0,"key":"SpeedPotion"},{"floor":3.0,"key":"EntropicBrew"},{"floor":5.0,"key":"SkillPotion"},{"floor":8.0,"key":"Energy Potion"},{"floor":14.0,"key":"SpeedPotion"},{"floor":22.0,"key":"DistilledChaos"},{"floor":26.0,"key":"Strength Potion"},{"floor":33.0,"key":"Slimebound:SlimedPotion"}],"is_trial":false,"path_per_floor":["R","M","M","$","M","E","T","E","E","R","?","E","$","E","M","B",null,"R","M","M","$","M","E","T","?","M","$","M","E","E","$","M","B",null,"R","M","M","?","?","$","T","E","R","?","?","E","R","$","M","B",null],"character_chosen":"SLIMEBOUND","items_purchased":["Ice Cream","Slimebound:Equalize","Slimebound:LeechingTouch","Art of War","Slimebound:GrowthPunch","Orrery","Slimebound:SplitMire","Slimebound:PressTheAttack","Slimebound:SpikyOuterGoop","Anchor","Kunai","Bag of Preparation"],"campfire_rested":0,"item_purchase_floors":[13,13,13,21,21,27,27,27,27,45,45,45],"current_hp_per_floor":[60,60,60,60,59,52,52,41,37,37,37,49,60,60,60,60,60,60,60,58,60,56,60,60,60,44,54,44,44,46,46,43,58,60,60,60,60,60,56,56,56,45,45,45,45,60,60,60,60,60],"gold":41,"neow_bonus":"ONE_RARE_RELIC","is_daily":false,"chose_seed":false,"campfire_upgraded":6,"win_rate":0.0,"timestamp":1609412504,"path_taken":["R","M","M","$","M","E","T","E","E","R","?","E","?","E","M","BOSS","R","M","M","$","M","E","T","?","M","$","M","E","E","$","M","BOSS","R","M","M","?","?","$","T","E","R","?","?","E","R","$","M","BOSS"],"items_purchased_type":["Relic","Card","Card","Relic","Card","Relic","Card","Card","Card","Relic","Relic","Relic"],"build_version":"2020-12-22","purchased_purges":2,"victory":true,"max_hp_per_floor":[60,60,60,60,60,60,60,60,60,60,60,60,60,60,60,60,60,60,60,60,60,60,60,60,60,60,60,60,60,60,60,60,60,60,60,60,60,60,60,60,60,60,60,60,60,60,60,60,60,60],"relic_stats":{"Happy Flower":[28],"counters":[30,121],"Pen Nib":[4],"Juzu Bracelet":0,"Bag of Preparation":[6],"Letter Opener":[25],"MawBank":180,"Peace Pipe":0,"Blood Vial":16,"Ornamental Fan":[112],"Bronze Scales":[234],"Art of War":[7],"Kunai":[6],"obtain_stats":[{"Ice Cream":13,"Slimebound:AggressiveSlimeRelic":14,"Girya":46,"Happy Flower":12,"Velvet Choker":34,"Pen Nib":41,"Juzu Bracelet":24,"Bag of Preparation":45,"Letter Opener":42,"MawBank":30,"Peace Pipe":8,"Blood Vial":23,"Anchor":45,"HornCleat":7,"Ornamental Fan":9,"Bronze Scales":6,"Orrery":27,"WingedGreaves":0,"Slimebound:AbsorbEndCombat":0,"Coffee Dripper":17,"Art of War":21,"Kunai":45,"TungstenRod":29},{"Ice Cream":9,"Slimebound:AggressiveSlimeRelic":10,"Girya":28,"Happy Flower":8,"Velvet Choker":24,"Pen Nib":26,"Juzu Bracelet":17,"Bag of Preparation":27,"Letter Opener":27,"MawBank":22,"Peace Pipe":6,"Blood Vial":17,"Anchor":27,"HornCleat":5,"Ornamental Fan":7,"Bronze Scales":5,"Orrery":19,"WingedGreaves":0,"Slimebound:AbsorbEndCombat":0,"Coffee Dripper":12,"Art of War":15,"Kunai":27,"TungstenRod":21},{"Ice Cream":40,"Slimebound:AggressiveSlimeRelic":45,"Girya":111,"Happy Flower":36,"Velvet Choker":93,"Pen Nib":101,"Juzu Bracelet":69,"Bag of Preparation":106,"Letter Opener":106,"MawBank":86,"Peace Pipe":26,"Blood Vial":69,"Anchor":106,"HornCleat":22,"Ornamental Fan":32,"Bronze Scales":22,"Orrery":78,"WingedGreaves":0,"Slimebound:AbsorbEndCombat":0,"Coffee Dripper":52,"Art of War":62,"Kunai":106,"TungstenRod":82}],"TungstenRod":57},"card_choices":[{"not_picked":["Slimebound:SlimeBrawl","Slimebound:FinishingTackle"],"picked":"Slimebound:SpikyOuterGoop","floor":2.0},{"not_picked":["Slimebound:SplitAcid","Slimebound:PressTheAttack"],"picked":"Slimebound:ViciousTackle","floor":3.0},{"not_picked":["Slimebound:GoopSpray","Slimebound:Schlurp"],"picked":"Slimebound:MinionMaster","floor":4.0},{"not_picked":["Slimebound:GoopTackle","Slimebound:ViciousTackle"],"picked":"Slimebound:SamplingLick","floor":5.0},{"not_picked":["Slimebound:PressTheAttack","Slimebound:FinishingTackle"],"picked":"Slimebound:OneTwoCombo","floor":6.0},{"not_picked":["Slimebound:GoopTackle","Slimebound:SplitLeeching"],"picked":"Slimebound:LeechingTouch","floor":8.0},{"not_picked":["Slimebound:GoopSpray","Slimebound:FinishingTackle"],"picked":"Slimebound:SplitMire","floor":9.0},{"not_picked":["Slimebound:Nibble","Slimebound:PrepareCrush"],"picked":"Slimebound:LevelUp","floor":12.0},{"not_picked":["Slimebound:GrowthPunch","Slimebound:ViciousTackle"],"picked":"Slimebound:SplitMire","floor":13.0},{"not_picked":["Slimebound:ServeAndProtect","Slimebound:SlimeBrawl"],"picked":"Slimebound:LeechLife","floor":14.0},{"not_picked":["Slimebound:LeechEnergy","Slimebound:LeechingTouch"],"picked":"Slimebound:GrowthPunch","floor":15.0},{"not_picked":["Slimebound:CheckThePlaybook","Slimebound:Overexert"],"picked":"Slimebound:RallyTheTroops","floor":16.0},{"not_picked":["Slimebound:SlimeSpikes","Slimebound:FinishingTackle"],"picked":"Slimebound:FormOfPuddle","floor":19.0},{"not_picked":["Slimebound:GoopSpray","Slimebound:SamplingLick"],"picked":"Slimebound:PressTheAttack+1","floor":20.0},{"not_picked":["Slimebound:FinishingTackle+1","Slimebound:GoopTackle"],"picked":"Slimebound:SlimeSpikes","floor":21.0},{"not_picked":["Slimebound:TongueLash","Slimebound:ServeAndProtect"],"picked":"Slimebound:DisruptingSlam+1","floor":22.0},{"not_picked":["Slimebound:FormOfPuddle+1","Slimebound:SplitLeeching"],"picked":"Slimebound:Schlurp","floor":23.0},{"not_picked":["Slimebound:ComboTackle","Slimebound:FlameTackle"],"picked":"Slimebound:SlimeBarrage+1","floor":26.0},{"not_picked":["Slimebound:SplitBruiser","Slimebound:GoopSpray"],"picked":"Slimebound:RallyTheTroops","floor":27.0},{"not_picked":["Slimebound:SplitLeeching","Slimebound:RallyTheTroops"],"picked":"Slimebound:LeechEnergy+1","floor":27.0},{"not_picked":["Slimebound:PressTheAttack","Slimebound:GoopTackle"],"picked":"Slimebound:SamplingLick","floor":27.0},{"not_picked":["Slimebound:ComboTackle+1","Slimebound:SplitAcid"],"picked":"Slimebound:SplitBruiser","floor":27.0},{"not_picked":["Slimebound:BestDefense","Slimebound:FinishingTackle"],"picked":"Slimebound:SplitLeeching","floor":27.0},{"not_picked":["Slimebound:ViciousTackle","Slimebound:SamplingLick"],"picked":"Slimebound:AcidTongue","floor":28.0},{"not_picked":["Slimebound:SelfFormingGoo","Slimebound:SlimeSpikes"],"picked":"Slimebound:SlimeBarrage+1","floor":29.0},{"not_picked":["Slimebound:SplitBruiser","Slimebound:ItLooksTasty"],"picked":"Slimebound:GrowthPunch","floor":30.0},{"not_picked":["Slimebound:LivingWall","Slimebound:SplitMire"],"picked":"Slimebound:MassFeed","floor":32.0},{"not_picked":["Slimebound:Overexert","Slimebound:CheckThePlaybook"],"picked":"Slimebound:DuplicatedForm","floor":33.0},{"not_picked":["Slimebound:Schlurp+1","Slimebound:LeechingTouch+1"],"picked":"Slimebound:Gluttony","floor":36.0},{"not_picked":["Slimebound:SplitAcid","Slimebound:Equalize+1"],"picked":"Slimebound:SamplingLick+1","floor":37.0},{"not_picked":["expansioncontent:Chronoboost","expansioncontent:ChargeUp"],"picked":"expansioncontent:AwakenDeath","floor":39.0},{"not_picked":["expansioncontent:DefensiveMode","expansioncontent:Collect"],"picked":"expansioncontent:Chronoboost","floor":39.0},{"not_picked":["Slimebound:Schlurp","Slimebound:SplitLeeching"],"picked":"Slimebound:GrowthPunch","floor":42},{"not_picked":["Slimebound:LivingWall","Slimebound:LeechEnergy"],"picked":"Slimebound:LeadByExample","floor":46},{"not_picked":["Slimebound:FirmFortitude","Slimebound:ViciousTackle+1"],"picked":"Slimebound:SplitBruiser+1","floor":49}],"player_experience":1326638,"relics_obtained":[{"floor":6.0,"key":"Bronze Scales"},{"floor":7.0,"key":"HornCleat"},{"floor":8.0,"key":"Peace Pipe"},{"floor":9.0,"key":"Ornamental Fan"},{"floor":12.0,"key":"Happy Flower"},{"floor":14.0,"key":"Slimebound:AggressiveSlimeRelic"},{"floor":23.0,"key":"Blood Vial"},{"floor":24.0,"key":"Juzu Bracelet"},{"floor":29.0,"key":"TungstenRod"},{"floor":30.0,"key":"MawBank"},{"floor":41.0,"key":"Pen Nib"},{"floor":42,"key":"Letter Opener"},{"floor":46,"key":"Girya"}],"event_choices":[{"cards_removed":["Slimebound:Defend_Slimebound"],"damage_healed":0.0,"max_hp_gain":0.0,"max_hp_loss":0.0,"gold_gain":0.0,"event_name":"Falling","player_choice":"Removed Skill","floor":38.0,"gold_loss":0.0,"damage_taken":0.0}],"is_beta":false,"boss_relics":[{"not_picked":["Runic Pyramid","Empty Cage"],"picked":"Coffee Dripper"},{"not_picked":["Tiny House","SacredBark"],"picked":"Velvet Choker"}],"items_purged_floors":[13,27],"is_endless":false,"potions_floor_spawned":[2,3,5,8,14,22,26,29,30,32,33,36,37],"ascension_level":2}}