{"host":"p6y17sixyu8q9v1f","time":1609422912,"event":{"mods":["BaseMod","Colored Map","Minty Spire (QoL Compilation)"],"gold_per_floor":[109,34,51,51,67,67,78,78,78,111,111,111,142,157,157,157,157],"floor_reached":16,"playtime":891,"items_purged":["Strike_R"],"score":163,"play_id":"e24b6ce3-7a20-4429-8506-7adb765fdab1","local_time":"20201231075512","is_ascension_mode":true,"campfire_choices":[{"data":"Searing Blow","floor":6,"key":"SMITH"},{"data":"Armaments","floor":12,"key":"SMITH"},{"data":"Searing Blow+1","floor":15,"key":"SMITH"}],"circlet_count":0,"master_deck":["Strike_R","Strike_R","Strike_R","Strike_R","Defend_R","Defend_R","Defend_R","Bash","Searing Blow+2","Spot Weakness","Flex","Armaments+1","Clash"],"relics":["Burning Blood","Potion Belt","Eternal Feather","Singing Bowl"],"acts_visited":["Exordium"],"potions_floor_usage":[10,14],"damage_taken":[{"damage":18,"enemies":"Cultist","floor":1,"turns":6},{"damage":5,"enemies":"Small Slimes","floor":3,"turns":3},{"damage":7,"enemies":"Jaw Worm","floor":5,"turns":5},{"damage":17,"enemies":"3 Louse","floor":7,"turns":4},{"damage":40,"enemies":"3 Sentries","floor":10,"turns":10},{"damage":27,"enemies":"Lagavulin","floor":13,"turns":7},{"damage":11,"enemies":"Gremlin Gang","floor":14,"turns":4},{"damage":33,"enemies":"Slime Boss","floor":16,"turns":6}],"seed_played":"3960637409456982993","potions_obtained":[{"floor":3,"key":"Swift Potion"},{"floor":10,"key":"LiquidMemories"},{"floor":13,"key":"Dexterity Potion"}],"is_trial":false,"path_per_floor":["M","$","M","$","M","R","M","?","T","E","?","R","E","M","R","B"],"character_chosen":"IRONCLAD","items_purchased":[],"campfire_rested":0,"item_purchase_floors":[],"current_hp_per_floor":[76,76,77,77,76,76,65,70,70,36,36,42,23,18,24,0,0],"gold":157,"neow_bonus":"TEN_PERCENT_HP_BONUS","is_daily":false,"chose_seed":false,"campfire_upgraded":3,"win_rate":0.0,"timestamp":1609422912,"path_taken":["M","?","M","$","?","R","M","?","T","E","?","R","E","M","R","BOSS"],"items_purchased_type":[],"build_version":"2020-12-22","purchased_purges":1,"victory":false,"max_hp_per_floor":[88,88,88,88,88,88,88,93,93,93,93,93,95,95,95,95,95],"card_choices":[{"not_picked":["Clothesline","Second Wind"],"picked":"Searing Blow","floor":1},{"not_picked":["Anger","Whirlwind"],"picked":"Spot Weakness","floor":3},{"not_picked":["Heavy Blade","Sword Boomerang"],"picked":"Flex","floor":5},{"not_picked":["Uppercut","Anger"],"picked":"Armaments","floor":7},{"not_picked":["Twin Strike","Sword Boomerang","Pommel Strike"],"picked":"SKIP","floor":10},{"not_picked":["Fire Breathing","Shrug It Off","Havoc"],"picked":"Singing Bowl","floor":13},{"not_picked":["Cleave","Thunderclap"],"picked":"Clash","floor":14}],"player_experience":828402,"relics_obtained":[{"floor":9,"key":"Potion Belt"},{"floor":10,"key":"Eternal Feather"},{"floor":13,"key":"Singing Bowl"}],"event_choices":[{"damage_healed":0,"gold_gain":0,"player_choice":"Donut","damage_taken":0,"max_hp_gain":5,"max_hp_loss":0,"event_name":"Big Fish","floor":8,"gold_loss":0},{"cards_removed":["Defend_R"],"damage_healed":0,"gold_gain":0,"player_choice":"Purged","damage_taken":0,"max_hp_gain":0,"max_hp_loss":0,"event_name":"Purifier","floor":11,"gold_loss":0}],"is_beta":false,"boss_relics":[],"items_purged_floors":[2],"is_endless":false,"potions_floor_spawned":[3,10,13],"killed_by":"Slime Boss","ascension_level":5}}