{"host":"2461dio7vetlq1z3","time":1609449381,"event":{"mods":["2.2 Compatiblity","AchievementEnabler","BaseMod","Better Third Choice","Friendly Minions","Hubris","Minty Spire (QoL Compilation)","Relic Stats","Spicy Shops","StSLib","Waifu the Spire"],"gold_per_floor":[110,110,10,10,85,85,111,111,137,153,153,164,164,180,180,257,257,273,198,473,9,26,59,59,70,94,128,140,140,90,119,119,193,193,212,227,227,50,50,50,83,117,166,166,191,206,206,231,231,231,231,231,231,54,82,82,82],"floor_reached":56,"playtime":3625,"items_purged":["Strike_P","Regret","Strike_P"],"score":2309,"play_id":"60784fb8-ac33-443d-954b-13dfb3ad5e4d","local_time":"20201231221621","is_ascension_mode":true,"campfire_choices":[{"data":"CrushJoints","floor":6,"key":"SMITH"},{"floor":8,"key":"REST"},{"data":"EmptyFist","floor":11,"key":"SMITH"},{"data":"Vigilance","floor":13,"key":"SMITH"},{"data":"Meditate","floor":15,"key":"SMITH"},{"data":"DevaForm","floor":24,"key":"SMITH"},{"floor":29,"key":"REST"},{"data":"Pray","floor":32,"key":"SMITH"},{"floor":40,"key":"REST"},{"floor":44,"key":"REST"},{"floor":47,"key":"REST"},{"floor":49,"key":"RECALL"},{"floor":53,"key":"REST"}],"circlet_count":0,"master_deck":["AscendersBane","Strike_P+1","Defend_P+1","Defend_P+1","Defend_P+1","Defend_P+1","Eruption+1","Vigilance+1","Tantrum+1","CrushJoints+1","EmptyFist+1","Meditate+1","Prostrate+1","Pray+1","LessonLearned+1","DevaForm+1","Evaluate+1","FollowUp+1","WreathOfFlame+1","Swivel+1","TalkToTheHand+1","SpiritShield+1","WreathOfFlame+1","FlurryOfBlows+1","Vault+1","FlurryOfBlows+1","CrushJoints+1","MentalFortress+1","CutThroughFate+1","Wallop+1","SpiritShield+1"],"relics":["Runic Pyramid","hubris:Towel","CaptainsWheel","Ancient Tea Set","hubris:Stopwatch","Toxic Egg 2","Potion Belt","White Beast Statue","WingedGreaves","Fusion Hammer","hubris:Zylophone","hubris:CuriousFeather","Vajra","Molten Egg 2","TungstenRod"],"acts_visited":["Exordium","TheCity","TheBeyond","TheEnding"],"potions_floor_usage":[16,42,51,55,56,56],"damage_taken":[{"damage":0,"enemies":"Jaw Worm","floor":1,"turns":4},{"damage":32,"enemies":"3 Sentries","floor":7,"turns":9},{"damage":8,"enemies":"2 Louse","floor":10,"turns":2},{"damage":0,"enemies":"Cultist","floor":12,"turns":3},{"damage":0,"enemies":"Looter","floor":14,"turns":3},{"damage":21,"enemies":"The Guardian","floor":16,"turns":10},{"damage":0,"enemies":"Spheric Guardian","floor":18,"turns":4},{"damage":19,"enemies":"Shell Parasite","floor":22,"turns":3},{"damage":0,"enemies":"Book of Stabbing","floor":23,"turns":4},{"damage":0,"enemies":"Centurion and Healer","floor":25,"turns":4},{"damage":0,"enemies":"Slavers","floor":27,"turns":4},{"damage":27,"enemies":"Snake Plant","floor":28,"turns":5},{"damage":6,"enemies":"Book of Stabbing","floor":31,"turns":4},{"damage":11,"enemies":"Automaton","floor":33,"turns":9},{"damage":10,"enemies":"3 Shapes","floor":35,"turns":5},{"damage":4,"enemies":"Orb Walker","floor":36,"turns":4},{"damage":0,"enemies":"Giant Head","floor":41,"turns":5},{"damage":49,"enemies":"Reptomancer","floor":42,"turns":5},{"damage":0,"enemies":"Giant Head","floor":45,"turns":4},{"damage":3,"enemies":"Maw","floor":46,"turns":6},{"damage":0,"enemies":"Nemesis","floor":48,"turns":6},{"damage":16,"enemies":"Donu and Deca","floor":50,"turns":7},{"damage":22,"enemies":"Time Eater","floor":51,"turns":7},{"damage":26,"enemies":"Shield and Spear","floor":55,"turns":7},{"damage":42,"enemies":"The Heart","floor":56,"turns":3}],"seed_played":"-603565374968235464","potions_obtained":[{"floor":1,"key":"Weak Potion"},{"floor":14,"key":"StancePotion"},{"floor":16,"key":"LiquidBronze"},{"floor":27,"key":"Explosive Potion"},{"floor":28,"key":"FearPotion"},{"floor":31,"key":"BottledMiracle"},{"floor":33,"key":"Energy Potion"},{"floor":42,"key":"SkillPotion"},{"floor":55,"key":"ColorlessPotion"}],"is_trial":false,"path_per_floor":["M","?","$","$","?","R","E","R","T","M","R","M","R","M","R","B",null,"M","?","?","$","M","E","R","M","T","E","M","R","?","E","R","B",null,"M","M","?","$","?","R","E","E","T","R","E","M","R","E","R","B","B",null,"R","$","E","B"],"character_chosen":"WATCHER","items_purchased":["CrushJoints","DevaForm","Vault+1","SpiritShield+1"],"campfire_rested":6,"item_purchase_floors":[3,21,38,54],"current_hp_per_floor":[61,61,61,61,50,50,18,38,38,30,30,30,30,30,30,9,53,53,53,53,53,34,34,34,34,34,34,7,27,27,21,21,10,54,44,40,40,40,40,60,60,11,11,31,31,28,48,48,48,32,10,54,68,68,42,0,0],"gold":82,"neow_bonus":"BOSS_RELIC","is_daily":false,"chose_seed":false,"campfire_upgraded":6,"win_rate":0.0,"timestamp":1609449381,"path_taken":["M","?","?","$","?","R","E","R","T","M","R","M","R","M","R","BOSS","M","?","?","$","?","E","R","M","T","E","M","R","?","E","R","BOSS","M","M","?","$","?","R","E","E","T","R","E","M","R","E","R","BOSS","BOSS","R","$","E","BOSS"],"items_purchased_type":["Card","Card","Card","Card"],"build_version":"2020-12-22","purchased_purges":3,"victory":false,"max_hp_per_floor":[68,68,68,68,68,68,68,68,68,68,68,68,68,68,68,68,68,68,68,68,68,68,68,68,68,68,68,68,68,68,68,68,68,68,68,68,68,68,68,68,68,68,68,68,68,68,68,68,68,68,68,68,68,68,68,68,68],"relic_stats":{"counters":[25,127],"obtain_stats":[{"Potion Belt":26,"Vajra":45,"hubris:Towel":2,"Ancient Tea Set":9,"White Beast Statue":27,"hubris:Zylophone":41,"CaptainsWheel":7,"hubris:Stopwatch":17,"Molten Egg 2":48,"WingedGreaves":31,"Fusion Hammer":34,"hubris:CuriousFeather":42,"PureWater":0,"Toxic Egg 2":23,"TungstenRod":55,"Runic Pyramid":0},{"Potion Belt":10,"Vajra":19,"hubris:Towel":1,"Ancient Tea Set":2,"White Beast Statue":11,"hubris:Zylophone":17,"CaptainsWheel":2,"hubris:Stopwatch":6,"Molten Egg 2":21,"WingedGreaves":13,"Fusion Hammer":14,"hubris:CuriousFeather":18,"PureWater":0,"Toxic Egg 2":9,"TungstenRod":24,"Runic Pyramid":0},{"Potion Belt":46,"Vajra":91,"hubris:Towel":4,"Ancient Tea Set":13,"White Beast Statue":50,"hubris:Zylophone":82,"CaptainsWheel":13,"hubris:Stopwatch":31,"Molten Egg 2":103,"WingedGreaves":59,"Fusion Hammer":68,"hubris:CuriousFeather":87,"PureWater":0,"Toxic Egg 2":42,"TungstenRod":124,"Runic Pyramid":0}],"TungstenRod":6},"card_choices":[{"not_picked":["Fasting2","Wireheading"],"picked":"Tantrum","floor":1},{"not_picked":["WreathOfFlame","Prostrate"],"picked":"EmptyFist","floor":7},{"not_picked":["SashWhip","MentalFortress"],"picked":"Meditate","floor":10},{"not_picked":["WreathOfFlame","Conclude"],"picked":"Prostrate","floor":12},{"not_picked":["SashWhip","SignatureMove"],"picked":"Pray","floor":14},{"not_picked":["Wish","ConjureBlade"],"picked":"LessonLearned","floor":16},{"not_picked":["CrushJoints+1","CutThroughFate","Fasting2"],"picked":"SKIP","floor":18},{"not_picked":["Conclude","WheelKick"],"picked":"Evaluate+1","floor":22},{"not_picked":["Sanctity+1","SandsOfTime"],"picked":"FollowUp","floor":23},{"not_picked":["ForeignInfluence+1","Consecrate"],"picked":"WreathOfFlame+1","floor":25},{"not_picked":["EmptyBody+1","EmptyFist+1"],"picked":"Swivel+1","floor":27},{"not_picked":["CutThroughFate","ForeignInfluence+1"],"picked":"TalkToTheHand","floor":28},{"not_picked":["FollowUp","Vengeance+1","EmptyFist"],"picked":"SKIP","floor":31},{"not_picked":["FollowUp","Vengeance+1","EmptyFist"],"picked":"SKIP","floor":31},{"not_picked":["LessonLearned","DevaForm"],"picked":"SpiritShield+1","floor":33},{"not_picked":["Prostrate+1","CrushJoints"],"picked":"WreathOfFlame+1","floor":35},{"not_picked":["Protect+1","ClearTheMind+1","Adaptation"],"picked":"SKIP","floor":36},{"not_picked":["Meditate+1","SashWhip"],"picked":"FlurryOfBlows","floor":41},{"not_picked":["FollowUp","Crescendo+1"],"picked":"CrushJoints+1","floor":42},{"not_picked":["SashWhip","Perseverance+1"],"picked":"MentalFortress","floor":45},{"not_picked":["Nirvana","Tantrum"],"picked":"CutThroughFate+1","floor":46},{"not_picked":["WheelKick+1","PathToVictory+1"],"picked":"Wallop+1","floor":48},{"not_picked":["Conclude+1","Vengeance+1","Protect+1"],"picked":"SKIP","floor":55}],"player_experience":972820,"relics_obtained":[{"floor":7,"key":"CaptainsWheel"},{"floor":9,"key":"Ancient Tea Set"},{"floor":23,"key":"Toxic Egg 2"},{"floor":26,"key":"Potion Belt"},{"floor":27,"key":"White Beast Statue"},{"floor":31,"key":"WingedGreaves"},{"floor":41,"key":"hubris:Zylophone"},{"floor":42,"key":"hubris:CuriousFeather"},{"floor":45,"key":"Vajra"},{"floor":48,"key":"Molten Egg 2"},{"floor":55,"key":"TungstenRod"}],"event_choices":[{"damage_healed":0,"gold_gain":75,"player_choice":"Gold","damage_taken":11,"max_hp_gain":0,"max_hp_loss":0,"event_name":"betterThird:BetterGoop","floor":5,"gold_loss":0},{"cards_removed":["Strike_P"],"damage_healed":0,"gold_gain":0,"player_choice":"Gave Gold","damage_taken":0,"max_hp_gain":0,"max_hp_loss":0,"event_name":"Beggar","floor":19,"gold_loss":75},{"damage_healed":0,"gold_gain":275,"player_choice":"Desecrate","damage_taken":0,"max_hp_gain":0,"max_hp_loss":0,"event_name":"Golden Shrine","floor":20,"gold_loss":0,"cards_obtained":["Regret"]},{"damage_healed":0,"gold_gain":0,"player_choice":"Bet on Murderer","damage_taken":0,"max_hp_gain":0,"max_hp_loss":0,"event_name":"The Joust","floor":30,"gold_loss":50}],"is_beta":false,"boss_relics":[{"not_picked":["hubris:BlackHole","hubris:GrandSneckoEye"],"picked":"hubris:Stopwatch"},{"not_picked":["Empty Cage","Black Star"],"picked":"Fusion Hammer"}],"items_purged_floors":[3,21,21],"is_endless":false,"potions_floor_spawned":[1,14,16,18,25,27,28,31,33,35,36,41,42,45,46,48,55],"killed_by":"The Heart","ascension_level":20}}