{"host":"pe2q1tocp309rrg9","time":1609414868,"event":{"mods":["2.2 Compatiblity","BaseMod","BetterRewards","Downfall","Ekko","Gremlin Mod","Hermit","Jorbs\u0027s Wanderer Trilogy","Minty Spire (QoL Compilation)","Quick Restart","Rare Cards Sparkle","Replay The Spire","StSLib","The Blue Laboratory","The Construct","The Hierophant","Uncapped"],"gold_per_floor":[113,113,113,77,96,96,110,110,164,177,52,52,78,92,92,187,187,199,212,10,109,121,155,155,190,190,208,208,228,228,241,241,343,343,353,365,63,81,81,81,81,109,145,169,213,225,34,49,49,49],"floor_reached":51,"playtime":2262,"items_purged":[],"score":987,"play_id":"09188a1b-5cad-4612-80c8-3383e29448a2","local_time":"20201231054108","is_ascension_mode":true,"campfire_choices":[{"data":"Hidden Blade","floor":6.0,"key":"SMITH"},{"data":"Infinite Blades","floor":8.0,"key":"SMITH"},{"data":"Dagger Spray","floor":12.0,"key":"SMITH"},{"floor":15.0,"key":"REST"},{"floor":24.0,"key":"REST"},{"floor":30.0,"key":"REST"},{"floor":32.0,"key":"REST"},{"data":"Accuracy","floor":41.0,"key":"SMITH"},{"floor":46.0,"key":"REST"},{"floor":49,"key":"REST"}],"circlet_count":0,"master_deck":["Strike_G","Strike_G","Strike_G","Strike_G","Strike_G","Defend_G+1","Defend_G","Defend_G","Defend_G","Defend_G+1","Survivor+1","Neutralize","Dagger Spray+1","Dagger Spray","Dagger Spray","Hidden Blade+1","Infinite Blades+1","Endless Agony","ReplayTheSpireMod:Scrap Shanks","Dagger Throw","Prepared","Endless Agony","Burst","Skewer","Setup+1","Dagger Spray","Outmaneuver","Accuracy+1","ReplayTheSpireMod:Scrap Shanks+1","Pot Of Greed","Pot Of Greed","Pot Of Greed","Masterful Stab","Fluid Movement","Blade Dance+1","Slice","Phantasmal Killer","Blade Dance","Pot Of Greed","ReplayTheSpireMod:Scrap Shanks+1","Tactician","The Bomb","Slice+1","Dodge and Roll+1","Cloak And Dagger+1","Endless Agony+1","Calculated Gamble","ReplayTheSpireMod:Scrap Shanks","Parasite"],"relics":["Ring of the Snake","War Paint","Oddly Smooth Stone","The Specimen","Snecko Scales","Membership Card","Tough Bandages","Grinning Jar","Garlic","Sozu","Counterbalance","MawBank","Smiling Mask","Happy Flower","Bronze Scales","Strange Spoon"],"acts_visited":["Exordium","TheCity","TheBeyond"],"potions_floor_usage":[50],"damage_taken":[{"damage":0.0,"enemies":"Small Slimes","floor":1.0,"turns":5.0},{"damage":0.0,"enemies":"Jaw Worm","floor":5.0,"turns":3.0},{"damage":0.0,"enemies":"2 Louse","floor":7.0,"turns":2.0},{"damage":1.0,"enemies":"Looter","floor":10.0,"turns":3.0},{"damage":8.0,"enemies":"Gremlin Nob","floor":13.0,"turns":4.0},{"damage":0.0,"enemies":"Large Slime","floor":14.0,"turns":4.0},{"damage":29.0,"enemies":"Slime Boss","floor":16.0,"turns":8.0},{"damage":10.0,"enemies":"2 Thieves","floor":18.0,"turns":3.0},{"damage":0.0,"enemies":"Chosen","floor":19.0,"turns":3.0},{"damage":26.0,"enemies":"Shelled Parasite and Fungi","floor":22.0,"turns":7.0},{"damage":20.0,"enemies":"Slavers","floor":23.0,"turns":2.0},{"damage":0.0,"enemies":"Replay:Snechameleon","floor":25.0,"turns":5.0},{"damage":0.0,"enemies":"Sentry and Sphere","floor":27.0,"turns":3.0},{"damage":0.0,"enemies":"Colosseum Slavers","floor":28.0,"turns":1.0},{"damage":0.0,"enemies":"Snake Plant","floor":29.0,"turns":4.0},{"damage":0.0,"enemies":"Cultist and Chosen","floor":31.0,"turns":4.0},{"damage":26.0,"enemies":"Champ","floor":33.0,"turns":7.0},{"damage":0.0,"enemies":"3 Darklings","floor":35.0,"turns":3.0},{"damage":0.0,"enemies":"Orb Walker","floor":36.0,"turns":2.0},{"damage":0.0,"enemies":"Spire Growth","floor":38.0,"turns":3.0},{"damage":18.0,"enemies":"Reptomancer","floor":42.0,"turns":5.0},{"damage":6.0,"enemies":"Maw","floor":44.0,"turns":5.0},{"damage":21.0,"enemies":"Nemesis","floor":45.0,"turns":5.0},{"damage":0,"enemies":"Writhing Mass","floor":48,"turns":5},{"damage":0,"enemies":"Donu and Deca","floor":50,"turns":6}],"seed_played":"-6396454581023045763","potions_obtained":[{"floor":1.0,"key":"BlessingOfTheForge"},{"floor":5.0,"key":"Milkshake"},{"floor":14.0,"key":"blueLaboratory:EnvenomedCoating"},{"floor":25.0,"key":"SmokeBomb"},{"floor":31.0,"key":"blueLaboratory:BottledHope"}],"is_trial":false,"path_per_floor":["M","?","?","$","M","R","M","R","T","M","$","R","E","M","R","B",null,"M","M","$","?","M","E","R","E","T","M","?","M","R","M","R","B",null,"M","M","$","M","?","?","R","E","T","M","E","R","$","M","R","B",null],"character_chosen":"THE_SILENT","items_purchased":["Dagger Spray","ReplayTheSpireMod:Scrap Shanks","Dagger Throw","Membership Card","Dagger Spray","Outmaneuver","ReplayTheSpireMod:Scrap Shanks+1","Counterbalance","Tactician","The Bomb","Calculated Gamble","Bronze Scales","ReplayTheSpireMod:Scrap Shanks","Strange Spoon"],"campfire_rested":6,"item_purchase_floors":[4,11,11,20,20,20,37,37,37,37,47,47,47,47],"current_hp_per_floor":[70,70,70,70,70,70,70,70,70,69,69,69,61,61,70,41,70,60,60,60,60,34,14,35,35,35,35,35,35,56,56,70,44,70,70,70,70,70,70,70,70,52,52,46,25,46,46,46,67,67],"gold":49,"neow_bonus":"RANDOM_COMMON_RELIC","is_daily":false,"chose_seed":false,"campfire_upgraded":4,"win_rate":0.0,"timestamp":1609414868,"path_taken":["M","?","?","?","M","R","M","R","T","M","$","R","E","M","R","BOSS","M","M","$","?","M","E","R","E","T","M","?","M","R","M","R","BOSS","M","M","$","M","?","?","R","E","T","M","E","R","?","M","R","BOSS"],"items_purchased_type":["Card","Card","Card","Relic","Card","Card","Card","Relic","Card","Card","Card","Relic","Card","Relic"],"build_version":"2020-12-22","purchased_purges":0,"victory":true,"max_hp_per_floor":[70,70,70,70,70,70,70,70,70,70,70,70,70,70,70,70,70,70,70,70,70,70,70,70,70,70,70,70,70,70,70,70,70,70,70,70,70,70,70,70,70,70,70,70,70,70,70,70,70,70],"card_choices":[{"not_picked":["Masterful Stab","Sneak Up"],"picked":"Dagger Spray","floor":1.0},{"not_picked":["Deadly Poison","Footwork"],"picked":"Hidden Blade","floor":5.0},{"not_picked":["Dagger Throw","Quick Slash"],"picked":"Infinite Blades","floor":7.0},{"not_picked":["Concentrate","Deadly Poison"],"picked":"Endless Agony","floor":10.0},{"not_picked":["Acrobatics","Backflip"],"picked":"Prepared","floor":13.0},{"not_picked":["Poisoned Stab","Skewer"],"picked":"Endless Agony","floor":14.0},{"not_picked":["Night Terror","Malaise"],"picked":"Burst","floor":16.0},{"not_picked":["Deadly Poison","Bane"],"picked":"Skewer","floor":18.0},{"not_picked":["Hidden Blade+1","Underhanded Strike+1"],"picked":"Setup+1","floor":19.0},{"not_picked":["Setup","Backstab"],"picked":"Accuracy","floor":22.0},{"not_picked":["Footwork","Venomology"],"picked":"ReplayTheSpireMod:Scrap Shanks+1","floor":23.0},{"not_picked":["Malaise","Terror"],"picked":"Masterful Stab","floor":25.0},{"not_picked":["Flying Knee","Bane+1"],"picked":"Fluid Movement","floor":27.0},{"not_picked":["Dodge and Roll","Bane"],"picked":"Blade Dance+1","floor":29.0},{"not_picked":["Bane","Outmaneuver"],"picked":"Slice","floor":31.0},{"not_picked":["Venomology","Storm of Steel"],"picked":"Phantasmal Killer","floor":33.0},{"not_picked":["Bane","Deflect"],"picked":"Blade Dance","floor":35.0},{"not_picked":["Underhanded Strike+1","Outmaneuver"],"picked":"Prepared+1","floor":36.0},{"not_picked":["Sucker Punch+1","Flechettes"],"picked":"Slice+1","floor":38.0},{"not_picked":["Expertise","Backflip"],"picked":"Dodge and Roll+1","floor":42.0},{"not_picked":["Quick Slash","Dodge and Roll+1"],"picked":"Cloak And Dagger+1","floor":44.0},{"not_picked":["Finisher","ReplayTheSpireMod:Speed Training+1"],"picked":"Endless Agony+1","floor":45.0},{"not_picked":["Dagger Throw+1","Deadly Poison+1","Well Laid Plans+1"],"picked":"SKIP","floor":48}],"player_experience":682505,"relics_obtained":[{"floor":9.0,"key":"Oddly Smooth Stone"},{"floor":13.0,"key":"The Specimen"},{"floor":23.0,"key":"Tough Bandages"},{"floor":25.0,"key":"Grinning Jar"},{"floor":26.0,"key":"Garlic"},{"floor":42.0,"key":"MawBank"},{"floor":43.0,"key":"Smiling Mask"},{"floor":45.0,"key":"Happy Flower"}],"event_choices":[{"damage_healed":0.0,"max_hp_gain":0.0,"max_hp_loss":0.0,"gold_gain":0.0,"event_name":"The Cleric","player_choice":"Leave","floor":2.0,"gold_loss":0.0,"damage_taken":0.0},{"damage_healed":0.0,"max_hp_gain":0.0,"max_hp_loss":0.0,"gold_gain":0.0,"event_name":"Living Wall","player_choice":"Grow","floor":3.0,"gold_loss":0.0,"damage_taken":0.0,"cards_upgraded":["Survivor"]},{"damage_healed":0.0,"max_hp_gain":0.0,"max_hp_loss":0.0,"gold_gain":99.0,"event_name":"Nest","player_choice":"Stole From Cult","floor":21.0,"gold_loss":0.0,"damage_taken":0.0},{"damage_healed":0.0,"max_hp_gain":0.0,"max_hp_loss":0.0,"gold_gain":0.0,"event_name":"Colosseum","player_choice":"Fight","floor":28.0,"gold_loss":0.0,"damage_taken":0.0},{"damage_healed":0.0,"max_hp_gain":0.0,"max_hp_loss":0.0,"gold_gain":0.0,"event_name":"Colosseum","player_choice":"Fled From Nobs","floor":28.0,"gold_loss":0.0,"damage_taken":0.0},{"cards_removed":["Prepared"],"damage_healed":0.0,"max_hp_gain":0.0,"max_hp_loss":0.0,"gold_gain":0.0,"event_name":"Falling","player_choice":"Removed Skill","floor":39.0,"gold_loss":0.0,"damage_taken":0.0},{"damage_healed":0.0,"max_hp_gain":0.0,"max_hp_loss":0.0,"gold_gain":0.0,"event_name":"Mysterious Sphere","player_choice":"Ignored","floor":40.0,"gold_loss":0.0,"damage_taken":0.0}],"is_beta":false,"boss_relics":[{"not_picked":["expansioncontent:StudyCardRelic","Runic Pyramid"],"picked":"Snecko Scales"},{"not_picked":["Snecko Eye","Abe\u0027s Treasure"],"picked":"Sozu"}],"items_purged_floors":[],"is_endless":false,"potions_floor_spawned":[1,5,14,16,19,22,25,28,31,38,44,45,48],"ascension_level":1}}