{"host":"bz6gkvdcavhdnmlv","time":1609397472,"event":{"mods":["2.2 Compatiblity","Aspiration","BaseMod","BetterRewards","Block Reminder","CCEM","Clawfect","Colored Map","Conspire","Downfall","Energized Spire","GifTheSpireLib","Googly Eyes","Halation","Highlight Path","Hubris","Infinite Spire","Minty Spire (QoL Compilation)","Permanent Neow","Quick Restart","Replay The Spire","Spicy Shops","StSLib","Stuff the Spire","SuperFastMode","The Construct","The IronCluck","Unceasing Turn Reminder","everything is the same but u backflip on backflip"],"gold_per_floor":[115,115,115,130,140,173,136,169,169,183,200,58,85,103,103,208,208,226,261,63,75,89,121,141,141,164,164,164],"floor_reached":27,"playtime":1205,"items_purged":[],"score":280,"play_id":"df8e0b2b-135a-4d0f-8d3a-28cedf690a2a","local_time":"20201231015112","is_ascension_mode":false,"campfire_choices":[{"floor":15,"key":"REST"},{"floor":25,"key":"REST"}],"circlet_count":0,"master_deck":["Gash","Gash","Gash","Gash","Defend_B","Defend_B","Defend_B","Defend_B","Defend_B","Clawfect:ClawSnap","Clawfect:ClawLightning+1","Clawfect:ScrapingClaw","Clawfect:ClawLightning","FTL","FTL","Clawfect:ClawingBeam","Dramatic Entrance","FTL","Clawfect:ScrapingClaw","Clawfect:ClawCell","Clawfect:Clawter","Capacitor","Clawfect:ClawingBeam","Clawfect:ClawCell+1","Clawfect:ClawAndTear"],"relics":["halation:LoveArrow","Durian","StuffTheSpire:Expresso","CCEMRelics:Pendulum","CCEMRelics:TinyMinotavrHorn","conspire:Flyswatter","CCEMRelics:SpiritsEdge","Emotion Chip"],"acts_visited":["Exordium","TheCity"],"potions_floor_usage":[6,11,24,24,27,27],"damage_taken":[{"damage":7,"enemies":"Small Slimes","floor":1,"turns":5},{"damage":6,"enemies":"2 Louse","floor":4,"turns":3},{"damage":0,"enemies":"Cultist","floor":5,"turns":3},{"damage":7,"enemies":"Gremlin Nob","floor":6,"turns":4},{"damage":11,"enemies":"Lagavulin","floor":8,"turns":5},{"damage":0,"enemies":"Large Slime","floor":10,"turns":4},{"damage":5,"enemies":"Exordium Thugs","floor":11,"turns":3},{"damage":8,"enemies":"3 Sentries","floor":13,"turns":5},{"damage":7,"enemies":"2 Fungi Beasts","floor":14,"turns":2},{"damage":23,"enemies":"The Guardian","floor":16,"turns":10},{"damage":15,"enemies":"Shell Parasite","floor":18,"turns":4},{"damage":31,"enemies":"conspire:MimicChest","floor":19,"turns":4},{"damage":0,"enemies":"Spheric Guardian","floor":21,"turns":3},{"damage":13,"enemies":"Snecko","floor":22,"turns":4},{"damage":13,"enemies":"Gremlin Leader","floor":23,"turns":4},{"damage":5,"enemies":"Centurion and Healer","floor":24,"turns":2},{"damage":29,"enemies":"Slavers","floor":27,"turns":2}],"seed_played":"-3162959436469481100","potions_obtained":[{"floor":1,"key":"FocusPotion"},{"floor":6,"key":"Weak Potion"},{"floor":10,"key":"Ancient Potion"},{"floor":16,"key":"SneckoOil"},{"floor":19,"key":"AttackPotion"},{"floor":24,"key":"AttackPotion"}],"is_trial":false,"path_per_floor":["M","?","?","M","M","E","?","E","T","M","M","$","E","M","R","B",null,"M","?","$","M","M","E","M","R","T","E"],"character_chosen":"DEFECT","items_purchased":["Dramatic Entrance","Capacitor","CCEMRelics:SpiritsEdge","Clawfect:ClawingBeam"],"campfire_rested":2,"item_purchase_floors":[12,20,20,20],"current_hp_per_floor":[68,68,75,69,69,67,67,56,56,56,51,51,43,36,60,37,80,65,34,34,34,21,8,3,27,27,0,0],"gold":164,"neow_bonus":"BOSS_RELIC","is_daily":false,"chose_seed":false,"campfire_upgraded":0,"win_rate":0.0,"timestamp":1609397472,"path_taken":["M","?","?","M","?","E","?","E","T","M","M","$","E","M","R","BOSS","M","?","?","?","M","E","M","R","T","E"],"items_purchased_type":["Card","Card","Relic","Card"],"build_version":"2020-12-22","purchased_purges":0,"victory":false,"max_hp_per_floor":[75,75,75,75,75,80,80,80,80,80,80,80,80,80,80,80,80,80,80,80,80,80,80,80,80,80,80,80],"card_choices":[{"not_picked":["hubris:PowerSurge","Lockon"],"picked":"Clawfect:ClawSnap","floor":1},{"not_picked":["Clawfect:ClawLightning","Redo"],"picked":"Clawfect:ScrapingClaw","floor":4},{"not_picked":["StuffTheSpire:GlassShard","Steam"],"picked":"Clawfect:ClawLightning","floor":5},{"not_picked":["conspire:Rain","Stack","Steam Power"],"picked":"SKIP","floor":6},{"not_picked":["Recycle","Panic Button"],"picked":"FTL","floor":8},{"not_picked":["StuffTheSpire:ForEach","StuffTheSpire:GlassShard"],"picked":"FTL","floor":10},{"not_picked":["Leap","Reinforced Body"],"picked":"Clawfect:ClawingBeam","floor":11},{"not_picked":["Amplify","Leap"],"picked":"FTL","floor":13},{"not_picked":["StuffTheSpire:Plugnplay","Glacier"],"picked":"Clawfect:ScrapingClaw","floor":14},{"not_picked":["Reinforced Body","Panic Button"],"picked":"Clawfect:ClawCell","floor":18},{"not_picked":["Clawfect:ClawLightning+1","ReplayTheSpireMod:Calculation Training"],"picked":"Clawfect:Clawter","floor":19},{"not_picked":["Redo","Steam+1"],"picked":"Clawfect:ClawCell+1","floor":21},{"not_picked":["StuffTheSpire:Plugnplay","White Noise+1","ReplayRNGCard"],"picked":"SKIP","floor":22},{"not_picked":["Heatsinks","ReplayGash","hubris:PowerSurge"],"picked":"SKIP","floor":23},{"not_picked":["StuffTheSpire:Plugnplay","StuffTheSpire:LoadUp"],"picked":"Clawfect:ClawAndTear","floor":24}],"player_experience":199024,"relics_obtained":[{"floor":6,"key":"Durian"},{"floor":8,"key":"StuffTheSpire:Expresso"},{"floor":9,"key":"CCEMRelics:Pendulum"},{"floor":13,"key":"CCEMRelics:TinyMinotavrHorn"},{"floor":19,"key":"conspire:Flyswatter"},{"floor":23,"key":"Emotion Chip"}],"event_choices":[{"damage_healed":7,"gold_gain":0,"player_choice":"Full Heal","damage_taken":0,"max_hp_gain":0,"max_hp_loss":0,"event_name":"Wheel of Change","floor":3,"gold_loss":0},{"damage_healed":0,"gold_gain":0,"player_choice":"Left Gold","damage_taken":0,"max_hp_gain":0,"max_hp_loss":0,"event_name":"World of Goop","floor":7,"gold_loss":37}],"is_beta":false,"boss_relics":[{"not_picked":["energizedSpire:MagnifyingGlass","halation:Risk","Kintsugi"]}],"items_purged_floors":[],"is_endless":false,"potions_floor_spawned":[1,6,10,16,19,24],"killed_by":"Slavers","ascension_level":0}}