{"host":"1sep654oresgee70","time":1609374295,"event":{"mods":["2.2 Compatiblity","Aspiration","BaseMod","Better Altar","Better Match","Better Note","Better Sensory Stone","Better Skull","Better Third Choice","Better Vampires","Better-Laid Plans","BetterRewards","Block Reminder","Conspire","Curses Come First","Displayed Cursed Tome","Gold Saver","Hubris","Infinite Spire","Minty Spire (QoL Compilation)","Potion Indicator Mod","Red Circlet Mod","Replay The Spire","Shop Mod","Spicy Shops","StSLib","Thieving Mod","Transform Curses","UnlockEverythingMod"],"gold_per_floor":[114,129,15,30,30,30,60,60,60,90,120,135,60,75,75,175,175,190,190,190,205,205,235,265,280,280,280,310,310,340,355,355,455,455,470,485,500,500,515,515,515,515,515,515,565,595,610,640,640,740,740,752,552,552,559,559,559,564,564,564,587,587,599,638,661,661,648,648],"floor_reached":67,"playtime":2130,"items_purged":[],"score":1238,"play_id":"66f40697-7f1d-4dec-9367-82cb851618b4","local_time":"20201231012455","daily_mods":["Cursed Run","Diverse","DeadlyEvents"],"is_ascension_mode":false,"campfire_choices":[{"floor":6,"key":"REST"},{"floor":8,"key":"REST"},{"floor":15,"key":"REST"},{"floor":29,"key":"REST"},{"floor":32,"key":"DIG"},{"floor":40,"key":"REST"},{"floor":42,"key":"REST"},{"floor":44,"key":"DIG"},{"floor":49,"key":"REST"},{"floor":57,"key":"DIG"},{"floor":59,"key":"DIG"},{"floor":62,"key":"REST"}],"circlet_count":0,"master_deck":["Zap","Dualcast","SandsOfTime","Swivel","Doom and Gloom","Cloak And Dagger","Armaments","Prostrate","Doubt","Undo","Worship","Go for the Eyes+1","Halt+1","Wallop+1","CommonCold","Storm of Steel","Accuracy+1","hubris:Fate","infinitespire:Punishment+1","Masterful Stab+1","hubris:Sloth","Glass Knife+1","Rupture","Dodge and Roll","Writhe","JustLucky+1","Hidden Blade","Dagger Spray+1","Hallucinations","Replay:LoomingThreat","Seeing Red","Tools of the Trade","Tempest","Thunder Strike+1","Replay:BluntJabs+1","Eviscerate+1","Tempest","conspire:DoublingDagger","ReplayTheSpireMod:Calculation Training","ReplayTheSpireMod:Muscle Training+1","Uppercut+1","ReplayTheSpireMod:Chaos Vortex","Shrug It Off+1","ReplayTheSpireMod:Faulty Equipment","Leap+1","Accuracy","Headbutt+1","Wireheading+1","hubris:Gluttony","Thunder Strike+1","Cloak And Dagger","conspire:SpireCoStock","conspire:SpireCoStock","conspire:SpireCoStock","conspire:SpireCoStock","Deflect","Deflect","hubris:Greed","Steam","Replay:Undeath\u0027s Touch+1","ForeignInfluence","Poisoned Stab+1"],"relics":["Cursed Key","Darkstone Periapt","Du-Vu Doll","Molten Egg 2","Shovel","Gremlin Horn","hubris:GlazedTorus","aspiration:PoetsPen_weak","Pocketwatch","conspire:DecoderRing","Replay:Kaleidoscope","infinitespire:CheckeredPen","Kunai","aspiration:MysteriousAuxiliaryCore","hubris:BottledRain","Boot","Pandora\u0027s Box","hubris:Icosahedron","infinitespire:Eraser","Smiling Mask","aspiration:DSix","Bottled Lightning","Blue Doll","hubris:ScarierMask","aspiration:Lifesprig","hubris:MysteriousPyramids","Onion Ring","Replay:Antivirus Software","Art of War"],"acts_visited":["Exordium","TheCity","TheBeyond","Exordium"],"potions_floor_usage":[11,23,24,28,39,39,46,48,50,50],"damage_taken":[{"damage":1,"enemies":"Cultist","floor":1,"turns":3},{"damage":12,"enemies":"Small Slimes","floor":2,"turns":3},{"damage":0,"enemies":"Jaw Worm","floor":4,"turns":3},{"damage":22,"enemies":"3 Sentries","floor":7,"turns":6},{"damage":43,"enemies":"Gremlin Nob","floor":10,"turns":5},{"damage":14,"enemies":"Lagavulin","floor":11,"turns":8},{"damage":2,"enemies":"Exordium Thugs","floor":12,"turns":4},{"damage":0,"enemies":"2 Fungi Beasts","floor":14,"turns":3},{"damage":15,"enemies":"Slime Boss","floor":16,"turns":8},{"damage":0,"enemies":"Spheric Guardian","floor":18,"turns":3},{"damage":0,"enemies":"3 Byrds","floor":21,"turns":3},{"damage":21,"enemies":"Book of Stabbing","floor":23,"turns":6},{"damage":29,"enemies":"Nightmare","floor":24,"turns":6},{"damage":0,"enemies":"Snecko","floor":25,"turns":4},{"damage":5,"enemies":"Gremlin Leader","floor":28,"turns":2},{"damage":0,"enemies":"conspire:SneckoGhost","floor":30,"turns":3},{"damage":0,"enemies":"Snake Plant","floor":31,"turns":2},{"damage":5,"enemies":"conspire:MysteriousRune","floor":33,"turns":5},{"damage":17,"enemies":"3 Darklings","floor":35,"turns":4},{"damage":3,"enemies":"3 Shapes","floor":36,"turns":2},{"damage":16,"enemies":"Jaw Worm Horde","floor":37,"turns":2},{"damage":16,"enemies":"4 Shapes","floor":39,"turns":4},{"damage":12,"enemies":"Mind Bloom Boss Battle","floor":45,"turns":3},{"damage":13,"enemies":"R_Hoarder","floor":46,"turns":3},{"damage":0,"enemies":"Sphere and 2 Shapes","floor":47,"turns":2},{"damage":26,"enemies":"Reptomancer","floor":48,"turns":4},{"damage":65,"enemies":"Donu and Deca","floor":50,"turns":7},{"damage":0,"enemies":"Small Slimes","floor":52,"turns":1},{"damage":0,"enemies":"Cultist","floor":55,"turns":2},{"damage":2,"enemies":"Jaw Worm","floor":58,"turns":2},{"damage":28,"enemies":"Nightmare","floor":61,"turns":3},{"damage":0,"enemies":"Looter","floor":63,"turns":2},{"damage":0,"enemies":"3 Louse","floor":64,"turns":1},{"damage":0,"enemies":"3 Sentries","floor":65,"turns":2},{"damage":132,"enemies":"Hexaghost","floor":67,"turns":2}],"seed_played":"9091901603564859836","potions_obtained":[{"floor":10,"key":"FearPotion"},{"floor":12,"key":"LifebloodPotion"},{"floor":16,"key":"BlessingOfTheForge"},{"floor":21,"key":"SteroidPotion"},{"floor":30,"key":"Reflective Coating"},{"floor":31,"key":"Adrenaline Potion"},{"floor":33,"key":"AttackPotion"},{"floor":46,"key":"AttackPotion"},{"floor":47,"key":"PowerPotion"},{"floor":48,"key":"Dexterity Potion"},{"floor":61,"key":"Weak Potion"},{"floor":63,"key":"ColorlessPotion"},{"floor":65,"key":"Energy Potion"}],"is_trial":false,"path_per_floor":["M","M","$","M","$","R","E","R","T","E","E","M","?","M","R","B",null,"M","AVR","?","M","T","E","NM","M","T","?","E","R","E","M","R","B",null,"M","M","M","AVR","M","R","?","R","T","R","?","E","M","E","R","B",null,"M","?","?","M","AVR","R","M","R","T","NM","R","M","M","E","R","B"],"character_chosen":"DEFECT","items_purchased":["Doom and Gloom","Cloak And Dagger"],"campfire_rested":8,"item_purchase_floors":[3,3],"current_hp_per_floor":[74,62,62,62,62,75,53,75,81,38,24,22,22,22,46,37,87,87,87,87,87,93,72,43,43,49,52,47,77,77,77,77,78,108,91,88,72,72,56,88,88,108,114,114,102,89,89,63,97,38,120,120,120,120,120,120,120,118,118,124,96,126,126,126,126,126,0,0],"gold":648,"neow_bonus":"","is_daily":true,"chose_seed":false,"campfire_upgraded":0,"win_rate":0.0,"timestamp":1609374295,"path_taken":["M","M","$","?","$","R","?","R","T","E","?","M","?","M","R","BOSS","M","AVR","?","M","?","?","NM","M","T","?","E","R","E","M","R","BOSS","M","M","M","AVR","M","R","?","R","T","R","?","E","?","E","R","BOSS","M","?","?","M","AVR","R","?","R","T","NM","R","M","M","E","R","BOSS"],"items_purchased_type":["Card","Card"],"build_version":"2020-12-22","purchased_purges":0,"victory":false,"max_hp_per_floor":[75,75,75,75,75,75,75,75,81,81,81,81,81,81,81,87,87,87,87,87,87,93,93,93,93,99,102,102,102,102,102,102,108,108,108,108,108,108,108,108,108,108,114,114,114,114,114,114,114,120,120,120,120,120,120,120,120,120,120,126,126,126,126,126,126,126,126,126],"card_choices":[{"not_picked":["Go for the Eyes","CrushJoints"],"picked":"SandsOfTime","floor":1},{"not_picked":["ThirdEye","hubris:SharpeningStone"],"picked":"Swivel","floor":2},{"not_picked":["Heavy Blade","Wild Strike"],"picked":"Armaments","floor":4},{"not_picked":["FlyingSleeves+1","Sword Boomerang+1"],"picked":"Prostrate","floor":7},{"not_picked":["Terror","Sucker Punch+1"],"picked":"Undo","floor":10},{"not_picked":["Tools of the Trade","Compile Driver+1"],"picked":"Worship","floor":11},{"not_picked":["Consume","Flying Knee+1"],"picked":"Go for the Eyes+1","floor":12},{"not_picked":["Poisoned Stab+1","Twin Strike+1"],"picked":"Halt+1","floor":13},{"not_picked":["hubris:Prefetch","Wireheading"],"picked":"Wallop+1","floor":14},{"not_picked":["Establishment","Poison Darts"],"picked":"Storm of Steel","floor":16},{"not_picked":["Steam","True Grit"],"picked":"Accuracy+1","floor":18},{"not_picked":["Replay:AtTheReady","Crescendo"],"picked":"Masterful Stab+1","floor":21},{"not_picked":["BasicCrystalCard","Quick Slash+1"],"picked":"Glass Knife+1","floor":23},{"not_picked":["Poisoned Stab+1","Carnage+1"],"picked":"Rupture","floor":24},{"not_picked":["Predator+1","Coolheaded"],"picked":"Dodge and Roll","floor":25},{"not_picked":["Reprogram+1","WreathOfFlame"],"picked":"JustLucky+1","floor":28},{"not_picked":["Combust","Blizzard+1"],"picked":"Hidden Blade","floor":30},{"not_picked":["Heavy Blade+1","ReachHeaven+1"],"picked":"Dagger Spray+1","floor":31},{"not_picked":["Night Terror","ReplayRNGCard"],"picked":"Replay:LoomingThreat","floor":33},{"not_picked":["ReplayTheSpireMod:LeadingStrike+1","Barrage+1"],"picked":"ReplayTheSpireMod:Calculation Training","floor":35},{"not_picked":["EmptyMind+1","Perfected Strike+1"],"picked":"ReplayTheSpireMod:Muscle Training+1","floor":36},{"not_picked":["Crescendo","Bloodletting+1"],"picked":"Uppercut+1","floor":37},{"not_picked":["Sucker Punch+1","Indignation"],"picked":"Shrug It Off+1","floor":39},{"not_picked":["Reinforced Body+1","Calculated Gamble"],"picked":"Leap+1","floor":45},{"not_picked":["Skim+1","Consume"],"picked":"Accuracy","floor":46},{"not_picked":["Battle Trance","Dodge and Roll"],"picked":"Headbutt+1","floor":47},{"not_picked":["Reprogram","Defy Death"],"picked":"Wireheading+1","floor":48},{"not_picked":["A Thousand Cuts","conspire:Purge"],"picked":"Thunder Strike+1","floor":50},{"not_picked":["Replay:AtTheReady","Fluid Movement"],"picked":"Cloak And Dagger","floor":52},{"not_picked":["Protect","SashWhip+1"],"picked":"Deflect","floor":55},{"not_picked":["Shrug It Off","Body Slam+1"],"picked":"Deflect","floor":58},{"not_picked":["Bane+1","Body Slam+1"],"picked":"Steam","floor":61},{"not_picked":["Twin Strike+1","ReplayGash+1"],"picked":"Replay:Undeath\u0027s Touch+1","floor":63},{"not_picked":["hubris:Sniper","EmptyBody"],"picked":"ForeignInfluence","floor":64},{"not_picked":["WreathOfFlame","Spot Weakness"],"picked":"Poisoned Stab+1","floor":65}],"player_experience":2409684,"relics_obtained":[{"floor":7,"key":"Molten Egg 2"},{"floor":9,"key":"Shovel"},{"floor":10,"key":"Gremlin Horn"},{"floor":11,"key":"hubris:GlazedTorus"},{"floor":22,"key":"conspire:DecoderRing"},{"floor":23,"key":"Replay:Kaleidoscope"},{"floor":24,"key":"infinitespire:CheckeredPen"},{"floor":26,"key":"Kunai"},{"floor":28,"key":"aspiration:MysteriousAuxiliaryCore"},{"floor":30,"key":"hubris:BottledRain"},{"floor":32,"key":"Boot"},{"floor":43,"key":"infinitespire:Eraser"},{"floor":44,"key":"Smiling Mask"},{"floor":45,"key":"aspiration:DSix"},{"floor":46,"key":"Bottled Lightning"},{"floor":48,"key":"Blue Doll"},{"floor":57,"key":"aspiration:Lifesprig"},{"floor":59,"key":"hubris:MysteriousPyramids"},{"floor":60,"key":"Onion Ring"},{"floor":61,"key":"Replay:Antivirus Software"},{"floor":65,"key":"Art of War"}],"event_choices":[{"damage_healed":0,"gold_gain":0,"player_choice":"2","damage_taken":0,"max_hp_gain":0,"max_hp_loss":0,"event_name":"betterMatch:BetterMatch","floor":13,"gold_loss":0,"cards_obtained":["betterMatch:CommonCard"]},{"damage_healed":0,"gold_gain":0,"player_choice":"Ignored","damage_taken":0,"max_hp_gain":0,"max_hp_loss":0,"event_name":"Vampires","floor":20,"gold_loss":0},{"damage_healed":0,"gold_gain":0,"player_choice":"Fight","damage_taken":0,"max_hp_gain":0,"max_hp_loss":0,"event_name":"MindBloom","floor":45,"gold_loss":0},{"damage_healed":0,"gold_gain":0,"player_choice":"Invest 4","damage_taken":0,"max_hp_gain":0,"max_hp_loss":0,"event_name":"conspire:Investor","floor":53,"gold_loss":0}],"is_beta":false,"boss_relics":[{"not_picked":["Black Star","conspire:SlowCooker"],"picked":"aspiration:PoetsPen_weak"},{"not_picked":["hubris:GrandSneckoEye","Velvet Choker"],"picked":"Pandora\u0027s Box"},{"not_picked":["hubris:VirtuousBlindfold","SlaversCollar"],"picked":"hubris:ScarierMask"}],"items_purged_floors":[],"is_endless":true,"potions_floor_spawned":[10,12,16,21,30,31,33,37,46,47,48,61,63,65],"killed_by":"Hexaghost","ascension_level":0}}