{"host":"w1xj5yb993x94b3l","time":1609431852,"event":{"mods":["AchievementEnabler","Act Like it!","Aspiration","BaseMod","Beaked The Cultist","BetterRewards","CCEM","Clockwork Mod","Colored Powertips","Conspire","Downfall","Energized Spire","Friendly Minions","GifTheSpireLib","Glutton Mod","Halation","Hubris","Infinite Spire","Lobotomy","LobotomyExtend","Mad Scientist","Marisa????????","Minty Spire (QoL Compilation)","Relic Sorter","Replay The Spire","Slumbering Mod","Spikes Relics","StSLib","Stuff the Spire","The Bladedancer","The Construct","The Disciple","The Jungle","The Mystic","The Runesmith","The Sage","The Servant 0.9.4","Trackpad","vexMod"],"gold_per_floor":[111,111,128,142,142,142,173,191,191,191,191,191,191,191,191,314,314,327,312,336,42,42,42],"floor_reached":22,"playtime":1022,"items_purged":[],"score":212,"play_id":"ad87a3db-639f-4478-b24f-35dbc6c0c027","local_time":"20201231172412","is_ascension_mode":true,"campfire_choices":[{"data":"construct:ForceCore","floor":6,"key":"SMITH"},{"floor":10,"key":"REST"},{"data":"construct:ForceCore+1","floor":12,"key":"SMITH"},{"data":"construct:Strike_Gold+1","floor":15,"key":"SMITH"}],"circlet_count":0,"master_deck":["construct:Strike_Gold+2","construct:Strike_Gold","construct:Strike_Gold","construct:Strike_Gold","construct:Strike_Gold","construct:Defend_Gold","construct:Defend_Gold","construct:Defend_Gold","construct:Defend_Gold","construct:Defend_Gold","construct:AttackMode","construct:DefenseMode","construct:FocusedBeam","construct:Disrupt","construct:ForceCore+2","Injury","construct:ElectricArmor","construct:Tumble","construct:Bunker","construct:Hazardproof","construct:Versatility","construct:MetalShell+1"],"relics":["construct:ClockworkPhoenix","construct:Challenge1","LetterFromLob","Golden Idol","conspire:InfiniteJournal","aspiration:HummingbirdHeart","CCEMRelics:GrapeVine","hubris:Towel","conspire:RoyalGoblet","ClockworkSouvenir","Omamori"],"acts_visited":["Exordium","TheCity"],"potions_floor_usage":[16,20,22],"damage_taken":[{"damage":3,"enemies":"Cultist","floor":1,"turns":5},{"damage":6,"enemies":"Jaw Worm","floor":3,"turns":3},{"damage":7,"enemies":"Small Slimes","floor":4,"turns":4},{"damage":41,"enemies":"3 Sentries","floor":7,"turns":9},{"damage":10,"enemies":"Blue Slaver","floor":8,"turns":4},{"damage":46,"enemies":"The Guardian","floor":16,"turns":14},{"damage":25,"enemies":"Spheric Guardian","floor":18,"turns":6},{"damage":3,"enemies":"2 Thieves","floor":19,"turns":4},{"damage":5,"enemies":"Snecko","floor":20,"turns":8},{"damage":56,"enemies":"Sentry and Sphere","floor":22,"turns":8}],"seed_played":"8288175222157383154","potions_obtained":[{"floor":4,"key":"Elixir"},{"floor":8,"key":"Regen Potion"},{"floor":16,"key":"ColorlessPotion"},{"floor":19,"key":"Toxic Potion"},{"floor":20,"key":"hexamod:EctoCoolerPotion"}],"is_trial":false,"path_per_floor":["M","$","M","M","?","R","E","M","T","R","M","R","T","?","R","B",null,"M","M","M","$","M"],"character_chosen":"THE_CONSTRUCT_MOD","items_purchased":["ClockworkSouvenir","Omamori"],"campfire_rested":1,"item_purchase_floors":[21,21],"current_hp_per_floor":[82,82,76,69,69,69,28,18,18,43,68,68,68,68,68,37,85,60,57,52,52,0,0],"gold":42,"neow_bonus":"UPGRADE_CARD","is_daily":false,"chose_seed":false,"campfire_upgraded":3,"win_rate":0.0,"timestamp":1609431852,"path_taken":["M","$","M","?","?","R","E","M","T","R","M","R","?","?","R","BOSS","M","M","M","$","M"],"items_purchased_type":["Relic","Relic"],"build_version":"2020-12-22","purchased_purges":0,"victory":false,"max_hp_per_floor":[85,85,85,85,85,85,85,85,85,85,85,85,85,85,85,85,85,85,85,85,85,85,85],"card_choices":[{"not_picked":["construct:BatteryAcid","construct:Reinforce"],"picked":"construct:FocusedBeam","floor":1},{"not_picked":["construct:Forcefield","construct:SaveState"],"picked":"construct:Disrupt","floor":3},{"not_picked":["construct:GuardCore","construct:SaveState"],"picked":"construct:ForceCore","floor":4},{"not_picked":["construct:FierceBash","construct:PanicFire"],"picked":"construct:ElectricArmor","floor":7},{"not_picked":["construct:ScopeCore","construct:ModeShift"],"picked":"construct:Tumble","floor":8},{"not_picked":["construct:GoldenBullet","construct:MassProduction"],"picked":"construct:Bunker","floor":16},{"not_picked":["construct:Tumble","construct:Stasis"],"picked":"construct:Hazardproof","floor":18},{"not_picked":["construct:ScrapCannon","construct:SyphonStrike"],"picked":"construct:Versatility","floor":19},{"not_picked":["construct:ShiftStrike","construct:ChargeShot"],"picked":"construct:MetalShell+1","floor":20}],"player_experience":233038,"relics_obtained":[{"floor":1,"key":"LetterFromLob"},{"floor":7,"key":"conspire:InfiniteJournal"},{"floor":9,"key":"aspiration:HummingbirdHeart"},{"floor":13,"key":"CCEMRelics:GrapeVine"}],"event_choices":[{"damage_healed":0,"gold_gain":0,"player_choice":"Take Wound","damage_taken":0,"relics_obtained":["Golden Idol"],"max_hp_gain":0,"max_hp_loss":0,"event_name":"Golden Idol","floor":5,"gold_loss":0,"cards_obtained":["Injury"]}],"is_beta":false,"boss_relics":[{"not_picked":["Pandora\u0027s Box","Snecko Eye"],"picked":"conspire:RoyalGoblet"}],"items_purged_floors":[],"is_endless":false,"potions_floor_spawned":[4,8,16,19,20],"killed_by":"Sentry and Sphere","ascension_level":3}}