{"host":"u2zgzag0koeblr9v","time":1609440228,"event":{"mods":["AchievementEnabler","BaseMod","Colored Map","Key Reminder","Minty Spire (QoL Compilation)"],"gold_per_floor":[109,109,184,2,18,18,78,106,106,135,135,160,176,205,205,205,205],"floor_reached":16,"playtime":875,"items_purged":[],"score":234,"play_id":"15fae591-f0b5-4c03-b68c-ab755363a375","local_time":"20201231134348","is_ascension_mode":true,"campfire_choices":[{"data":"TalkToTheHand","floor":6,"key":"SMITH"},{"data":"Vigilance","floor":11,"key":"SMITH"},{"data":"FollowUp","floor":15,"key":"SMITH"}],"circlet_count":0,"master_deck":["AscendersBane","Strike_P","Strike_P","Strike_P","Strike_P","Defend_P","Defend_P","Defend_P","Eruption","Vigilance+1","EmptyFist","TalkToTheHand+1","WaveOfTheHand","JustLucky","FollowUp+1","Halt+1"],"relics":["Busted Crown","MealTicket","Toxic Egg 2","FossilizedHelix","Orichalcum","Eternal Feather","Singing Bowl"],"acts_visited":["Exordium"],"potions_floor_usage":[16],"damage_taken":[{"damage":0,"enemies":"Cultist","floor":1,"turns":4},{"damage":3,"enemies":"Jaw Worm","floor":5,"turns":4},{"damage":6,"enemies":"Gremlin Nob","floor":7,"turns":4},{"damage":6,"enemies":"Lagavulin","floor":8,"turns":8},{"damage":28,"enemies":"3 Sentries","floor":10,"turns":13},{"damage":0,"enemies":"Lagavulin","floor":12,"turns":8},{"damage":0,"enemies":"2 Louse","floor":13,"turns":2},{"damage":1,"enemies":"3 Sentries","floor":14,"turns":7},{"damage":20,"enemies":"Hexaghost","floor":16,"turns":9}],"seed_played":"1722455643492033200","potions_obtained":[{"floor":5,"key":"StancePotion"}],"is_trial":false,"path_per_floor":["M","?","?","$","M","R","?","E","T","E","R","E","M","E","R","B"],"character_chosen":"WATCHER","items_purchased":["TalkToTheHand","WaveOfTheHand","DuplicationPotion"],"campfire_rested":0,"item_purchase_floors":[4,4,4],"current_hp_per_floor":[65,65,54,54,51,51,45,39,39,11,11,11,11,10,19,0,0],"gold":205,"neow_bonus":"BOSS_RELIC","is_daily":false,"chose_seed":false,"campfire_upgraded":3,"win_rate":0.0,"timestamp":1609440228,"path_taken":["M","?","?","$","?","R","?","E","T","E","R","E","M","E","R","BOSS"],"items_purchased_type":["Card","Card","Potion"],"build_version":"2020-12-22","purchased_purges":0,"victory":false,"max_hp_per_floor":[72,72,72,72,72,72,72,72,72,72,72,72,72,72,72,72,72],"card_choices":[{"not_picked":["EmptyFist"],"picked":"SKIP","floor":1},{"not_picked":["EmptyMind"],"picked":"SKIP","floor":5},{"not_picked":[],"picked":"JustLucky","floor":8},{"not_picked":["Protect+1"],"picked":"SKIP","floor":10},{"not_picked":[],"picked":"FollowUp","floor":12},{"not_picked":["SignatureMove"],"picked":"SKIP","floor":13},{"not_picked":[],"picked":"Halt+1","floor":14}],"player_experience":368196,"relics_obtained":[{"floor":8,"key":"Toxic Egg 2"},{"floor":9,"key":"FossilizedHelix"},{"floor":10,"key":"Orichalcum"},{"floor":12,"key":"Eternal Feather"},{"floor":14,"key":"Singing Bowl"}],"event_choices":[{"damage_healed":0,"gold_gain":0,"cards_transformed":["Defend_P"],"player_choice":"Change","damage_taken":0,"max_hp_gain":0,"max_hp_loss":0,"event_name":"Living Wall","floor":2,"gold_loss":0,"cards_obtained":["EmptyFist"]},{"damage_healed":0,"gold_gain":75,"player_choice":"Gather Gold","damage_taken":11,"max_hp_gain":0,"max_hp_loss":0,"event_name":"World of Goop","floor":3,"gold_loss":0},{"damage_healed":0,"gold_gain":0,"player_choice":"Searched \u00272\u0027 times","damage_taken":0,"relics_obtained":["MealTicket"],"max_hp_gain":0,"max_hp_loss":0,"event_name":"Dead Adventurer","floor":7,"gold_loss":0}],"is_beta":false,"boss_relics":[],"items_purged_floors":[],"is_endless":false,"potions_floor_spawned":[5,12,14],"killed_by":"Hexaghost","ascension_level":11}}