{"host":"ixqzyafodex1tsi5","time":1609429845,"event":{"mods":["ATMod(°¢èªMod)","AchievementEnabler","Act Like it!","BaseMod","Gensokyo","GifTheSpireLib","Lobotomy","LobotomyExtend","Minty Spire (QoL Compilation)","Relic Stats","Replay The Spire","RumiaBox-Â¶Ã×æ«µÄÉñÃØºÐ×Ó","Spicy Shops","StSLib","The Cursed","[IsaacMod]ÒÔÈö¼âËþ","¡¾¹¦ÄÜMod¡¿»ìãçÖ®»·ÐÞ¸´²¹¶¡","¡¾ÒÅÎï¿¨ÅÆ¡¿REMEMod"],"gold_per_floor":[118,118,132,147,77,105,105,135,135,173,198,214,234,263,263,363,363,363,42,42,92,92,126,136,147,219,259,343,343,440,732,744,1102,1114,1169,1234,1246,1284,817,970,1049,1049,1049,1127,1251,1367,488,608,608,800,800,800,800,518,629,1248],"floor_reached":57,"playtime":3362,"items_purged":["TheCursedMod:CursedWand+1","CENSORED","Delirium","Mercenary","DespairKnight"],"score":1820,"play_id":"94c3a8cf-fdd3-46b5-9544-7ec4850ddce3","local_time":"20201231235045","is_ascension_mode":true,"campfire_choices":[{"data":"LifeForTheDareDevil","floor":7.0,"key":"SMITH"},{"data":"TheCursedMod:Mangle","floor":15.0,"key":"SMITH"},{"floor":29.0,"key":"RECALL"},{"floor":32.0,"key":"REST"},{"floor":42.0,"key":"REST"},{"floor":49.0,"key":"REST"},{"floor":53.0,"key":"REST"}],"circlet_count":0,"master_deck":["BodiesMountain","BigBird","BlueStar","Woodsman","TheCursedMod:Stigma","TheCursedMod:CircleOfFlame","TheCursedMod:Mangle+1","TheCursedMod:Mangle","TheCursedMod:Mangle","TheCursedMod:AshesToAshes","TheCursedMod:NeowsMight","TheCursedMod:ParallelWorld","Flash of Steel","LifeForTheDareDevil+1","TheCursedMod:Mangle","TheCursedMod:SpitefulPray","TheCursedMod:Mangle+1","MHz","TheCursedMod:Mangle","RedShoes"],"relics":["TheCursedMod:Tack","REME_ComplimentaryCards","HushsDoor","AT_ATBox","SalivaCoin","CogitoBucket","RabbitCall","LetterFromLob","Tiny Chest","REME_HourglassOfDeath","BookofShadows","Incense Burner","Orichalcum","CENSORED_r","ChangeAnything","YumHeart","Fusion Hammer","AT_BellDemon","AdjustmentMirror","SSSystem","Replay:Bandana","Replay:Bottled Steam","Singing Bowl","Boot","MawBank","Logging_r","SwordSharpenedByTears_r","ReplayTheSpireMod:Lightbulb","SkinProphecy","SoundOfStar_r","DeadEye","Ccalipers","ReplayTheSpireMod:Ring of Challenge","Pet Ghost","Membership Card","Blood Vial","Toy Ornithopter","REME_LimitBreaker","WantedRequest","Art of War","PunchingBag","Lamp_r","UnicornStump","AT_MibuBalloonWealth","BloodDonationMachine","Omamori","GodSword5","Kunai","GodSword1","Vajra","ReplayTheSpireMod:ShopPack","TheCursedMod:DemonicMark","Replay:WaspNest","TheSmile_r","Lantern","AT_ChloranthyRing","Pen Nib","GnawedLeaf","Bag of Marbles"],"acts_visited":["Gensokyo:Gensokyo","TheCity","TheBeyond","TheEnding"],"potions_floor_usage":[],"damage_taken":[{"damage":0.0,"enemies":"Gensokyo:Python","floor":1.0,"turns":1.0},{"damage":0.0,"enemies":"Gensokyo:3_Fairies","floor":3.0,"turns":3.0},{"damage":0.0,"enemies":"Gensokyo:2_Kodama","floor":4.0,"turns":1.0},{"damage":0.0,"enemies":"Gensokyo:Mamizou","floor":6.0,"turns":2.0},{"damage":0.0,"enemies":"Gensokyo:Cirno","floor":8.0,"turns":4.0},{"damage":22.0,"enemies":"Gensokyo:Aya","floor":10.0,"turns":1.0},{"damage":0.0,"enemies":"Gensokyo:Gryphon_and_Rabbit","floor":12.0,"turns":3.0},{"damage":0.0,"enemies":"Gensokyo:Kitsune","floor":13.0,"turns":1.0},{"damage":0.0,"enemies":"Gensokyo:Mamizou","floor":14.0,"turns":3.0},{"damage":0.0,"enemies":"Gensokyo:Yukari","floor":16.0,"turns":1.0},{"damage":0.0,"enemies":"Slavers","floor":23.0,"turns":1.0},{"damage":0.0,"enemies":"3 Byrds","floor":24.0,"turns":2.0},{"damage":0.0,"enemies":"Shell Parasite","floor":25.0,"turns":1.0},{"damage":2.0,"enemies":"Shelled Parasite and Fungi","floor":27.0,"turns":1.0},{"damage":8.0,"enemies":"3 Cultists","floor":28.0,"turns":1.0},{"damage":6.0,"enemies":"Book of Stabbing","floor":30.0,"turns":1.0},{"damage":34.0,"enemies":"Centurion and Healer","floor":31.0,"turns":3.0},{"damage":50.0,"enemies":"Pondfish","floor":33.0,"turns":7.0},{"damage":3.0,"enemies":"Orb Walker","floor":35.0,"turns":1.0},{"damage":14.0,"enemies":"R_Hoarder","floor":40.0,"turns":2.0},{"damage":5.0,"enemies":"3 Shapes","floor":41.0,"turns":1.0},{"damage":1.0,"enemies":"Nemesis","floor":44.0,"turns":1.0},{"damage":6.0,"enemies":"Sphere and 2 Shapes","floor":45.0,"turns":1.0},{"damage":5.0,"enemies":"R_Hoarder","floor":46.0,"turns":1.0},{"damage":2.0,"enemies":"Transient","floor":48.0,"turns":2.0},{"damage":75.0,"enemies":"FixerMidnight","floor":50.0,"turns":2.0},{"damage":10.0,"enemies":"Shield and Spear","floor":55.0,"turns":2.0},{"damage":162,"enemies":"LittleHush","floor":56,"turns":6}],"seed_played":"-8001175320556293356","potions_obtained":[{"floor":4.0,"key":"Energy Potion"},{"floor":12.0,"key":"Venom Potion"},{"floor":13.0,"key":"Adrenaline Potion"},{"floor":14.0,"key":"Block Potion"},{"floor":23.0,"key":"REME_GoldPotion"},{"floor":35.0,"key":"FearPotion"},{"floor":48.0,"key":"Dexterity Potion"}],"is_trial":false,"path_per_floor":["M","?","M","M","?","E","R","E","T","E","T","M","M","E","R","B",null,"M","$","?","T","?","E","M","M","T","M","M","R","E","M","R","B",null,"M","?","?","T","$","E","M","R","T","E","M","E","$","M","R","B",null,null,"R","$","E","B",null],"character_chosen":"THE_CURSED","items_purchased":["AT_BellDemon","Membership Card","Blood Vial","Toy Ornithopter","REME_LimitBreaker","GodSword1","Vajra","ReplayTheSpireMod:ShopPack","TheCursedMod:DemonicMark","Replay:WaspNest","ChaosCard","AT_ChloranthyRing","Pen Nib","FairyPotion"],"campfire_rested":4,"item_purchase_floors":[19,39,39,39,39,47,47,47,47,47,47,54,54,54],"current_hp_per_floor":[75,75,75,75,75,75,75,75,75,53,53,53,53,65,65,65,75,75,75,75,75,75,75,75,75,75,75,69,69,65,58,82,78,87,88,73,73,73,73,71,90,99,99,102,107,108,114,120,121,57,57,123,123,123,124,119],"gold":1248,"neow_bonus":"","is_daily":false,"chose_seed":false,"campfire_upgraded":2,"win_rate":0.0,"timestamp":1609429845,"path_taken":["M","?","M","?","?","E","R","E","T","E","?","?","M","E","R","BOSS","M","$","?","?","?","E","M","M","T","M","M","R","E","M","R","BOSS","M","?","?","?","$","E","?","R","T","E","M","E","$","M","R","BOSS","R","$","E","BOSS"],"items_purchased_type":["Relic","Relic","Relic","Relic","Relic","Relic","Relic","Relic","Relic","Relic","Card","Relic","Relic","Potion"],"build_version":"2020-12-22","purchased_purges":5,"victory":true,"max_hp_per_floor":[75,75,75,75,75,75,75,75,75,75,75,75,75,75,75,75,75,75,75,75,75,75,75,75,75,75,77,79,79,81,83,83,87,87,91,91,91,91,91,95,99,99,99,103,107,111,117,121,121,123,123,123,123,123,127,129],"relic_stats":{"Blood Vial":18,"Singing Bowl":32,"counters":[31,58],"Tiny Chest":2,"Pen Nib":[9],"Art of War":[0],"Kunai":[36],"Orichalcum":[114],"Boot":[200],"MawBank":108,"obtain_stats":[{"AT_ATBox":0,"TheCursedMod:Tack":0,"AT_MibuBalloonWealth":43,"SSSystem":24,"Vajra":47,"DeadEye":33,"AdjustmentMirror":24,"SkinProphecy":31,"Boot":28,"Blood Vial":39,"Ccalipers":35,"Fusion Hammer":17,"Kunai":46,"Replay:Bottled Steam":26,"WantedRequest":40,"KeepersGift":0,"Logging_r":31,"BookofShadows":9,"PunchingBag":40,"Pen Nib":54,"REME_LimitBreaker":39,"YumHeart":14,"REME_HourglassOfDeath":8,"TheSmile_r":48,"SoundOfStar_r":33,"GodSword5":46,"HushsDoor":0,"BloodDonationMachine":44,"GodSword1":47,"AT_BellDemon":19,"RabbitCall":0,"CENSORED_r":12,"UnicornStump":41,"Lantern":48,"Singing Bowl":27,"GnawedLeaf":55,"Incense Burner":10,"TheCursedMod:DemonicMark":47,"Pet Ghost":38,"Lamp_r":41,"CogitoBucket":0,"Replay:Bandana":25,"Tiny Chest":6,"AT_ChloranthyRing":54,"Replay:WaspNest":47,"Omamori":45,"Orichalcum":11,"MawBank":30,"SwordSharpenedByTears_r":31,"SalivaCoin":0,"LetterFromLob":1,"Art of War":40,"Bag of Marbles":55,"Membership Card":39,"ChangeAnything":12,"ReplayTheSpireMod:Ring of Challenge":37,"ReplayTheSpireMod:Lightbulb":31,"Toy Ornithopter":39,"REME_ComplimentaryCards":0,"ReplayTheSpireMod:ShopPack":47},{"AT_ATBox":0,"TheCursedMod:Tack":0,"AT_MibuBalloonWealth":24,"SSSystem":14,"Vajra":27,"DeadEye":21,"AdjustmentMirror":14,"SkinProphecy":20,"Boot":17,"Blood Vial":22,"Ccalipers":22,"Fusion Hammer":11,"Kunai":27,"Replay:Bottled Steam":15,"WantedRequest":23,"KeepersGift":0,"Logging_r":20,"BookofShadows":5,"PunchingBag":23,"Pen Nib":29,"REME_LimitBreaker":22,"YumHeart":10,"REME_HourglassOfDeath":5,"TheSmile_r":28,"SoundOfStar_r":21,"GodSword5":27,"HushsDoor":0,"BloodDonationMachine":25,"GodSword1":27,"AT_BellDemon":11,"RabbitCall":0,"CENSORED_r":8,"UnicornStump":24,"Lantern":28,"Singing Bowl":16,"GnawedLeaf":30,"Incense Burner":6,"TheCursedMod:DemonicMark":27,"Pet Ghost":22,"Lamp_r":24,"CogitoBucket":0,"Replay:Bandana":15,"Tiny Chest":4,"AT_ChloranthyRing":29,"Replay:WaspNest":27,"Omamori":26,"Orichalcum":6,"MawBank":18,"SwordSharpenedByTears_r":20,"SalivaCoin":0,"LetterFromLob":1,"Art of War":23,"Bag of Marbles":30,"Membership Card":22,"ChangeAnything":8,"ReplayTheSpireMod:Ring of Challenge":22,"ReplayTheSpireMod:Lightbulb":20,"Toy Ornithopter":22,"REME_ComplimentaryCards":0,"ReplayTheSpireMod:ShopPack":27},{"AT_ATBox":0,"TheCursedMod:Tack":0,"AT_MibuBalloonWealth":43,"SSSystem":24,"Vajra":46,"DeadEye":39,"AdjustmentMirror":24,"SkinProphecy":32,"Boot":27,"Blood Vial":40,"Ccalipers":40,"Fusion Hammer":20,"Kunai":46,"Replay:Bottled Steam":25,"WantedRequest":42,"KeepersGift":0,"Logging_r":31,"BookofShadows":11,"PunchingBag":42,"Pen Nib":50,"REME_LimitBreaker":40,"YumHeart":19,"REME_HourglassOfDeath":11,"TheSmile_r":48,"SoundOfStar_r":38,"GodSword5":46,"HushsDoor":0,"BloodDonationMachine":44,"GodSword1":46,"AT_BellDemon":20,"RabbitCall":0,"CENSORED_r":15,"UnicornStump":43,"Lantern":48,"Singing Bowl":26,"GnawedLeaf":52,"Incense Burner":12,"TheCursedMod:DemonicMark":46,"Pet Ghost":40,"Lamp_r":43,"CogitoBucket":0,"Replay:Bandana":25,"Tiny Chest":7,"AT_ChloranthyRing":50,"Replay:WaspNest":46,"Omamori":45,"Orichalcum":12,"MawBank":28,"SwordSharpenedByTears_r":31,"SalivaCoin":0,"LetterFromLob":1,"Art of War":42,"Bag of Marbles":52,"Membership Card":40,"ChangeAnything":15,"ReplayTheSpireMod:Ring of Challenge":40,"ReplayTheSpireMod:Lightbulb":32,"Toy Ornithopter":40,"REME_ComplimentaryCards":0,"ReplayTheSpireMod:ShopPack":46}],"Toy Ornithopter":0},"card_choices":[{"not_picked":["OldLady","Variant","ShyLook"],"picked":"Singing Bowl","floor":1.0},{"not_picked":["TheCursedMod:SpitefulPlan","TheCursedMod:AshesToAshes","TheCursedMod:FleshFromBone"],"picked":"SKIP","floor":1.0},{"not_picked":["TheCursedMod:CursedMace","TheCursedMod:ManaBullet"],"picked":"TheCursedMod:Mangle","floor":2.0},{"not_picked":["TheCursedMod:CursedMace","TheCursedMod:VitalStrike"],"picked":"TheCursedMod:SpitefulPray","floor":2.0},{"not_picked":["FairyFestival","ShyLook","HappyTeddy"],"picked":"Singing Bowl","floor":3.0},{"not_picked":["TheCursedMod:Stigma","TheCursedMod:CircleOfFocus","TheCursedMod:RapidMovement"],"picked":"SKIP","floor":3.0},{"not_picked":["BlackSwan","PunishingBird"],"picked":"DespairKnight","floor":4.0},{"not_picked":["TheCursedMod:TacticalStrike","TheCursedMod:CircleOfFlame"],"picked":"TheCursedMod:Mangle","floor":4.0},{"not_picked":["VoidDream","Bloodbath","SpiderBud"],"picked":"Singing Bowl","floor":6.0},{"not_picked":["CrumblingArmor","SingingMachine"],"picked":"MHz","floor":6.0},{"not_picked":["TheCursedMod:Wield","TheCursedMod:CircleOfWindfury","TheCursedMod:CircleOfCorruption"],"picked":"SKIP","floor":6.0},{"not_picked":["PunishingBird","FairyFestival"],"picked":"CENSORED","floor":8.0},{"not_picked":["TheCursedMod:Obscuration","TheCursedMod:CursedAmulet","TheCursedMod:Stigma"],"picked":"SKIP","floor":8.0},{"not_picked":["Porccubus","FairyFestival","BlackSwan"],"picked":"Singing Bowl","floor":10.0},{"not_picked":["SingingMachine","NothingThere"],"picked":"BlueStar","floor":10.0},{"not_picked":["TheCursedMod:BloodBarrier","TheCursedMod:SoulCrush","TheCursedMod:RapidMovement"],"picked":"SKIP","floor":10.0},{"not_picked":["Bloodbath","BeautyBeast","CherryBlossoms"],"picked":"Singing Bowl","floor":12.0},{"not_picked":["TheCursedMod:CursedMace","TheCursedMod:SoulCrush","TheCursedMod:Evocation"],"picked":"SKIP","floor":12.0},{"not_picked":["Bloodbath","QueenBee","UniverseFragment"],"picked":"Singing Bowl","floor":13.0},{"not_picked":["TheCursedMod:HellfireBreathing","TheCursedMod:VitalStrike","TheCursedMod:CursedShiv"],"picked":"SKIP","floor":13.0},{"not_picked":["Scorched","BeautyBeast","Rudolta"],"picked":"Singing Bowl","floor":14.0},{"not_picked":["TheCursedMod:SoulReap","TheCursedMod:CircleOfAbyss","TheCursedMod:FleshFromBone"],"picked":"SKIP","floor":14.0},{"not_picked":["ShyLook","WhitesApple","SpiderBud"],"picked":"Singing Bowl","floor":16.0},{"not_picked":["Wellcheers","Alriune","FieryBird"],"picked":"Singing Bowl","floor":23.0},{"not_picked":["TheCursedMod:BlessingInDisguise","TheCursedMod:WearCloak","TheCursedMod:SpreadPlague"],"picked":"SKIP","floor":23.0},{"not_picked":["Wellcheers","OSAHOGD"],"picked":"MeltingLove","floor":24.0},{"not_picked":["TheCursedMod:RapidMovement+1","TheCursedMod:ManaBullet","TheCursedMod:SpitefulPlan+1"],"picked":"SKIP","floor":24.0},{"not_picked":["Wellcheers","Rudolta","BigBird"],"picked":"Singing Bowl","floor":25.0},{"not_picked":["MeatLantern","Mercenary"],"picked":"RedShoes","floor":25.0},{"not_picked":["TheCursedMod:SpitefulStrike+1","TheCursedMod:RapidMovement","TheCursedMod:BlessingInDisguise"],"picked":"SKIP","floor":25.0},{"not_picked":["DreamingCurrent","CENSORED"],"picked":"Woodsman","floor":27.0},{"not_picked":["TheCursedMod:Stigma+1","TheCursedMod:SoulCrush","TheCursedMod:Mangle"],"picked":"Singing Bowl","floor":27.0},{"not_picked":["HappyTeddy","PunishingBird","GalaxyChild"],"picked":"Singing Bowl","floor":28.0},{"not_picked":["TheCursedMod:SpitefulPray+1","TheCursedMod:SoulCrush","TheCursedMod:CircleOfFocus"],"picked":"Singing Bowl","floor":28.0},{"not_picked":["DreamingCurrent","PunishingBird","Murderer"],"picked":"Singing Bowl","floor":30.0},{"not_picked":["TheCursedMod:DoubleShield","TheCursedMod:RavingStaff","TheCursedMod:VoidForm"],"picked":"Singing Bowl","floor":30.0},{"not_picked":["TheCursedMod:CircleOfWindfury","TheCursedMod:CircleOfBlood+1","TheCursedMod:Hemoplague"],"picked":"Singing Bowl","floor":31.0},{"not_picked":["CrumblingArmor","LittlePrince","GreedKing"],"picked":"Singing Bowl","floor":31.0},{"not_picked":["LittlePrince","OSAHOGD","OldLady"],"picked":"Singing Bowl","floor":33.0},{"not_picked":["TheCursedMod:NeowsMight","TheCursedMod:CursedRelics","TheCursedMod:DemonSword"],"picked":"Singing Bowl","floor":33.0},{"not_picked":["ShyLook","LittleHelper"],"picked":"Mercenary","floor":35.0},{"not_picked":["TheCursedMod:CursedBoomerang+1","TheCursedMod:CursedShiv+1","TheCursedMod:CircleOfFocus+1"],"picked":"Singing Bowl","floor":35.0},{"not_picked":["TheCursedMod:CircleOfFlame","TheCursedMod:CursedShiv+1","TheCursedMod:HellfireBreathing"],"picked":"Singing Bowl","floor":40.0},{"not_picked":["Rudolta","Murderer","HappyTeddy"],"picked":"Singing Bowl","floor":40.0},{"not_picked":["HeroicMonk","Scarecrow"],"picked":"BigBird","floor":40.0},{"not_picked":["QueenBee","Scorched","MeatLantern"],"picked":"Singing Bowl","floor":41.0},{"not_picked":["TheCursedMod:RapidMovement","TheCursedMod:CircleOfBlood+1","TheCursedMod:CircleOfCorruption+1"],"picked":"Singing Bowl","floor":41.0},{"not_picked":["FieryBird","BlackArmy","OldLady"],"picked":"Singing Bowl","floor":44.0},{"not_picked":["TheCursedMod:CursedAmulet","TheCursedMod:CircleOfFlame+1","TheCursedMod:AshesToAshes"],"picked":"Singing Bowl","floor":44.0},{"not_picked":["BlackSwan","Funeral","MeatLantern"],"picked":"Singing Bowl","floor":45.0},{"not_picked":["Bloodbath","LaLuna"],"picked":"BodiesMountain","floor":45.0},{"not_picked":["TheCursedMod:RapidMovement+1","TheCursedMod:FleshFromBone+1","TheCursedMod:Mangle+1"],"picked":"Singing Bowl","floor":45.0},{"not_picked":["LittleHelper","BlackArmy","Alriune"],"picked":"Singing Bowl","floor":46.0},{"not_picked":["TheCursedMod:SmokeScreen","TheCursedMod:HellfireBreathing+1","TheCursedMod:SurpriseAttack+1"],"picked":"Singing Bowl","floor":46.0},{"not_picked":["REME_ProfessionalPlagiarism","EpicFetus","Panache"],"picked":"Singing Bowl","floor":47.0},{"not_picked":["AT_CelerityRune","Survey Options","Bandage Up"],"picked":"Singing Bowl","floor":47.0},{"not_picked":["AT_LightSaberMaster","Jack Of All Trades","Specialist"],"picked":"Singing Bowl","floor":47.0},{"not_picked":["NakedNest","SnowQueen","BlackArmy"],"picked":"Singing Bowl","floor":48.0},{"not_picked":["TheCursedMod:EmpowerCircles","TheCursedMod:RapidMovement+1","TheCursedMod:CircleOfFlame+1"],"picked":"Singing Bowl","floor":48.0},{"not_picked":["Alriune","Mercenary","QueenBee"],"picked":"Singing Bowl","floor":55.0},{"not_picked":["TheCursedMod:TroublousMinions+1","TheCursedMod:Stigma+1","TheCursedMod:SpitefulStrike+1"],"picked":"Singing Bowl","floor":55.0}],"player_experience":163719,"relics_obtained":[{"floor":1.0,"key":"LetterFromLob"},{"floor":6.0,"key":"Tiny Chest"},{"floor":8.0,"key":"REME_HourglassOfDeath"},{"floor":9.0,"key":"BookofShadows"},{"floor":10.0,"key":"Incense Burner"},{"floor":11.0,"key":"Orichalcum"},{"floor":14.0,"key":"YumHeart"},{"floor":24.0,"key":"SSSystem"},{"floor":25.0,"key":"Replay:Bandana"},{"floor":26.0,"key":"Replay:Bottled Steam"},{"floor":27.0,"key":"Singing Bowl"},{"floor":28.0,"key":"Boot"},{"floor":30.0,"key":"MawBank"},{"floor":31.0,"key":"ReplayTheSpireMod:Lightbulb"},{"floor":33.0,"key":"DeadEye"},{"floor":35.0,"key":"Ccalipers"},{"floor":37.0,"key":"ReplayTheSpireMod:Ring of Challenge"},{"floor":38.0,"key":"Pet Ghost"},{"floor":40.0,"key":"Art of War"},{"floor":40.0,"key":"PunchingBag"},{"floor":41.0,"key":"UnicornStump"},{"floor":43.0,"key":"AT_MibuBalloonWealth"},{"floor":44.0,"key":"BloodDonationMachine"},{"floor":45.0,"key":"Omamori"},{"floor":46.0,"key":"GodSword5"},{"floor":46.0,"key":"Kunai"},{"floor":48.0,"key":"Lantern"},{"floor":55.0,"key":"GnawedLeaf"},{"floor":55.0,"key":"Bag of Marbles"}],"event_choices":[{"damage_healed":0.0,"max_hp_gain":0.0,"max_hp_loss":0.0,"gold_gain":0.0,"event_name":"The Library","player_choice":"Read","floor":20.0,"gold_loss":0.0,"damage_taken":0.0,"cards_obtained":["TheCursedMod:Mangle"]}],"is_beta":false,"boss_relics":[{"not_picked":["Runic Dome","Calling Bell"],"picked":"Fusion Hammer"},{"not_picked":[]},{"not_picked":["Snecko Eye","Ring of Chaos","Kintsugi"]}],"items_purged_floors":[19,19,39,47,54],"is_endless":false,"potions_floor_spawned":[4,12,13,14,23,25,27,33,35,48],"ascension_level":1}}