{"host":"x1qj4d8ympd5jdqh","time":1609403489,"event":{"mods":["AchievementEnabler","AlwaysNeverKeys","BaseMod","Colored Map","Custom Start","DeckTracker","Highlight Path","Minty Spire (QoL Compilation)","StSLib","SuperFastMode"],"gold_per_floor":[362,375,390,132,132,132,132,102,126,126,126,136,136,12,12,90,140,152,77,97,68,68,68],"floor_reached":22,"playtime":598,"items_purged":["Strike_G","Parasite"],"score":348,"play_id":"8df893d3-6060-4df4-a552-6d4ead2216f4","local_time":"20201231173129","is_ascension_mode":true,"campfire_choices":[{"floor":6,"key":"REST"},{"data":"Noxious Fumes","floor":15,"key":"SMITH"}],"circlet_count":0,"master_deck":["AscendersBane","Strike_G+1","Strike_G","Strike_G","Defend_G","Defend_G+1","Defend_G","Defend_G","Survivor","Neutralize","Backstab+1","Noxious Fumes+1","Well Laid Plans","Blur","Backflip","Blade Dance","Adrenaline","Dagger Spray","Prepared+1","Blade Dance"],"relics":["Ring of the Snake","Whetstone","Blood Vial","Tiny House"],"acts_visited":["Exordium","TheCity"],"potions_floor_usage":[8,16,18],"damage_taken":[{"damage":3,"enemies":"Small Slimes","floor":1,"turns":6},{"damage":2,"enemies":"Jaw Worm","floor":2,"turns":5},{"damage":7,"enemies":"2 Louse","floor":3,"turns":3},{"damage":6,"enemies":"Exordium Thugs","floor":8,"turns":4},{"damage":5,"enemies":"2 Fungi Beasts","floor":12,"turns":5},{"damage":10,"enemies":"The Guardian","floor":16,"turns":12},{"damage":18,"enemies":"2 Thieves","floor":18,"turns":4},{"damage":0,"enemies":"3 Byrds","floor":20,"turns":4},{"damage":7,"enemies":"Centurion and Healer","floor":22,"turns":5}],"seed_played":"-7333744410022739464","potions_obtained":[{"floor":8,"key":"CunningPotion"},{"floor":12,"key":"CunningPotion"},{"floor":17,"key":"CultistPotion"},{"floor":20,"key":"DistilledChaos"}],"is_trial":false,"path_per_floor":["M","M","M","$","?","R","?","M","T","?","?","M","?","$","R","B",null,"M","?","M","$","M"],"character_chosen":"THE_SILENT","items_purchased":["Well Laid Plans","Blur","FearPotion","Blade Dance","Blade Dance"],"campfire_rested":1,"item_purchase_floors":[4,4,4,14,21],"current_hp_per_floor":[41,39,32,32,25,44,44,38,38,27,32,29,46,46,46,38,66,50,50,52,52,47,47],"gold":68,"neow_bonus":"TWO_FIFTY_GOLD","is_daily":false,"chose_seed":false,"campfire_upgraded":1,"win_rate":0.0,"timestamp":1609403489,"path_taken":["M","M","M","$","?","R","?","M","T","?","?","M","?","?","R","BOSS","M","?","M","$","M"],"items_purchased_type":["Card","Card","Potion","Card","Card"],"build_version":"2020-12-22","purchased_purges":2,"victory":false,"max_hp_per_floor":[66,66,66,66,66,66,66,66,66,66,71,71,71,68,68,68,73,73,73,73,73,73,73],"card_choices":[{"not_picked":["Slice","Prepared"],"picked":"Backstab","floor":1},{"not_picked":["Eviscerate","Escape Plan"],"picked":"Noxious Fumes","floor":2},{"not_picked":["Underhanded Strike","Dodge and Roll","Accuracy"],"picked":"SKIP","floor":3},{"not_picked":["Underhanded Strike","Dodge and Roll","Accuracy"],"picked":"SKIP","floor":3},{"not_picked":["Prepared","Finisher","Sucker Punch"],"picked":"SKIP","floor":8},{"not_picked":["Sucker Punch","Dodge and Roll"],"picked":"Backflip","floor":12},{"not_picked":["Doppelganger","Phantasmal Killer"],"picked":"Adrenaline","floor":16},{"not_picked":["Underhanded Strike","Riddle With Holes"],"picked":"Dagger Spray","floor":17},{"not_picked":["Reflex","Bane"],"picked":"Prepared+1","floor":18},{"not_picked":["Skewer","Noxious Fumes+1","Quick Slash"],"picked":"SKIP","floor":20}],"player_experience":1299807,"relics_obtained":[{"floor":9,"key":"Whetstone"}],"event_choices":[{"cards_removed":["Strike_G"],"damage_healed":0,"gold_gain":0,"player_choice":"Card Removal","damage_taken":7,"max_hp_gain":0,"max_hp_loss":0,"event_name":"Golden Wing","floor":5,"gold_loss":0},{"damage_healed":0,"gold_gain":0,"player_choice":"Ignored","damage_taken":0,"max_hp_gain":0,"max_hp_loss":0,"event_name":"Liars Game","floor":7,"gold_loss":0},{"damage_healed":0,"gold_gain":0,"player_choice":"Success","damage_taken":11,"relics_obtained":["Blood Vial"],"max_hp_gain":0,"max_hp_loss":0,"event_name":"Scrap Ooze","floor":10,"gold_loss":0},{"damage_healed":0,"gold_gain":0,"player_choice":"Donut","damage_taken":0,"max_hp_gain":5,"max_hp_loss":0,"event_name":"Big Fish","floor":11,"gold_loss":0},{"damage_healed":17,"gold_gain":0,"player_choice":"Healed and dodged fight","damage_taken":0,"max_hp_gain":0,"max_hp_loss":0,"event_name":"Mushrooms","floor":13,"gold_loss":0,"cards_obtained":["Parasite"]},{"cards_removed":["Defend_G"],"damage_healed":0,"gold_gain":0,"player_choice":"Gave Gold","damage_taken":0,"max_hp_gain":0,"max_hp_loss":0,"event_name":"Beggar","floor":19,"gold_loss":75}],"is_beta":false,"boss_relics":[{"not_picked":["Sozu","Fusion Hammer"],"picked":"Tiny House"}],"items_purged_floors":[4,14],"is_endless":false,"potions_floor_spawned":[8,12,20],"killed_by":"Centurion and Healer","ascension_level":20}}