{"host":"9whf1n4a9wpiw119","time":1609434275,"event":{"mods":["Aspiration","BaseMod","Beaked The Cultist","Bestiary","Better Altar","Better Note","Better Skull","Better Third Choice","Challenge The Spire","Colored Map","Colored Powertips","Conspire","Emptier Cage","Energized Spire","GifTheSpireLib","Halation","Hermit","Highlight Path","Hubris","Infinite Spire","Minty Spire (QoL Compilation)","Quick Restart","Rare Cards Sparkle","Relic Stats","Replay The Spire","Shop Mod","Spikes Relics","StSLib","Stuff the Spire","SuperFastMode","Synergy Search","The Construct","The Jungle"],"gold_per_floor":[118,135,135,145,145,145,173,188,188,188,188,188],"floor_reached":11,"playtime":273,"items_purged":[],"score":110,"play_id":"2f5343c6-beac-442c-bc61-f06aced1e179","local_time":"20201231200435","is_ascension_mode":true,"campfire_choices":[{"data":"StuffTheSpire:Injection","floor":6,"key":"SMITH"},{"data":"Deadly Poison","floor":10,"key":"SMITH"}],"circlet_count":0,"master_deck":["AscendersBane","Strike_G","Strike_G","Strike_G","Strike_G","Strike_G","Defend_G","Defend_G","Defend_G","Defend_G","Defend_G","Survivor","Neutralize","Dash","StuffTheSpire:Injection+1","StuffTheSpire:Repulse","Quick Slash","StuffTheSpire:Injection","Deadly Poison+1"],"relics":["Ring of the Snake","NeowsBlessing","halation:AfternoonTea","infinitespire:Joker Card"],"acts_visited":["Exordium"],"potions_floor_usage":[11],"damage_taken":[{"damage":0,"enemies":"Jaw Worm","floor":1,"turns":1},{"damage":0,"enemies":"Cultist","floor":2,"turns":1},{"damage":0,"enemies":"Small Slimes","floor":4,"turns":1},{"damage":32,"enemies":"Gremlin Nob","floor":7,"turns":4},{"damage":6,"enemies":"Red Slaver","floor":8,"turns":3},{"damage":25,"enemies":"Lagavulin","floor":11,"turns":6}],"seed_played":"-3092997706041133736","potions_obtained":[{"floor":8,"key":"ColorlessPotion"}],"is_trial":false,"path_per_floor":["M","M","?","M","$","R","E","M","T","R","E"],"character_chosen":"THE_SILENT","items_purchased":[],"campfire_rested":0,"item_purchase_floors":[],"current_hp_per_floor":[63,63,63,63,63,63,31,25,25,25,0,0],"gold":188,"neow_bonus":"THREE_ENEMY_KILL","is_daily":false,"chose_seed":false,"campfire_upgraded":2,"win_rate":0.0,"timestamp":1609434275,"path_taken":["M","M","?","M","$","R","E","?","T","R","E"],"items_purchased_type":[],"build_version":"2020-12-22","purchased_purges":0,"victory":false,"max_hp_per_floor":[70,70,70,70,70,70,70,70,70,70,70,70],"relic_stats":{"counters":[6,16],"obtain_stats":[{"NeowsBlessing":0,"infinitespire:Joker Card":9,"halation:AfternoonTea":7,"Ring of the Snake":0},{"NeowsBlessing":0,"infinitespire:Joker Card":5,"halation:AfternoonTea":4,"Ring of the Snake":0},{"NeowsBlessing":0,"infinitespire:Joker Card":10,"halation:AfternoonTea":7,"Ring of the Snake":0}],"Ring of the Snake":[12]},"card_choices":[{"not_picked":["Deflect","Flying Knee"],"picked":"Dash","floor":1},{"not_picked":["Deflect","Crippling Poison"],"picked":"StuffTheSpire:Injection","floor":2},{"not_picked":["StuffTheSpire:Shiver","Dodge and Roll"],"picked":"Quick Slash","floor":4},{"not_picked":["Blade Dance","Underhanded Strike"],"picked":"StuffTheSpire:Injection","floor":7},{"not_picked":["Sucker Punch","Underhanded Strike"],"picked":"Deadly Poison","floor":8}],"player_experience":1079100,"relics_obtained":[{"floor":7,"key":"halation:AfternoonTea"},{"floor":9,"key":"infinitespire:Joker Card"}],"event_choices":[{"cards_removed":["Defend_G"],"damage_healed":0,"gold_gain":0,"player_choice":"Take \u0026 Give","damage_taken":0,"max_hp_gain":0,"max_hp_loss":0,"event_name":"betterNote:BetterNote","floor":3,"gold_loss":0,"cards_obtained":["StuffTheSpire:Repulse"]}],"is_beta":false,"boss_relics":[],"items_purged_floors":[],"is_endless":false,"potions_floor_spawned":[8],"killed_by":"Lagavulin","ascension_level":10}}