{"host":"49c2zf0lajbcs427","time":1609389109,"event":{"mods":["AchievementEnabler","BaseMod","Colored Map","Colored Powertips","Highlight Path","Key Reminder","Minty Spire (QoL Compilation)","Relic Stats","StSLib"],"gold_per_floor":[116,126,145,161,161,192,142,169,169,186,199,216,242,262,262,361,361,380,160,160,173,192,227,238,267,267,295,328,341,667,718,718,815,815,829,1051,1051,1067,689,721,721,749,749,776,776,809,825,841,841,841,841,841,535,570,570],"floor_reached":56,"playtime":4416,"items_purged":["Strike_R","Defend_R"],"score":2325,"play_id":"85fdc57a-3fab-46d5-b1e3-626662230287","local_time":"20201231173149","is_ascension_mode":true,"campfire_choices":[{"data":"Bash","floor":15,"key":"SMITH"},{"floor":32,"key":"RECALL"},{"floor":49,"key":"REST"},{"floor":52,"key":"REST"}],"circlet_count":0,"master_deck":["AscendersBane","Defend_R","Defend_R","Defend_R+1","Bash+1","Carnage+1","Iron Wave","Heavy Blade","Burning Pact+1","Clothesline","Whirlwind","Shrug It Off","Feed","Clothesline+1","Uppercut","Dual Wield","Flame Barrier","Corruption","Dark Embrace","Feed","Double Tap","Sword Boomerang+1","Burning Pact+1","Shrug It Off+1","Apotheosis","Uppercut","Enlightenment","Blood for Blood+1","Shrug It Off"],"relics":["Snecko Eye","PreservedInsect","Bag of Marbles","Pear","Gambling Chip","Fusion Hammer","Membership Card","Bronze Scales","Unceasing Top","Paper Frog","War Paint","Red Mask","Old Coin","Anchor","Astrolabe","Kunai","Orichalcum","Centennial Puzzle","Juzu Bracelet","Bag of Preparation","Self Forming Clay","Smiling Mask","Red Skull","Mummified Hand","Strange Spoon","Bottled Lightning"],"acts_visited":["Exordium","TheCity","TheBeyond","TheEnding"],"potions_floor_usage":[1,18,23,55,55,55],"damage_taken":[{"damage":0,"enemies":"2 Louse","floor":1,"turns":3},{"damage":2,"enemies":"Jaw Worm","floor":2,"turns":2},{"damage":0,"enemies":"Cultist","floor":3,"turns":2},{"damage":4,"enemies":"Lots of Slimes","floor":4,"turns":3},{"damage":20,"enemies":"Lagavulin","floor":6,"turns":4},{"damage":0,"enemies":"Gremlin Nob","floor":8,"turns":2},{"damage":4,"enemies":"2 Fungi Beasts","floor":10,"turns":3},{"damage":0,"enemies":"Looter","floor":11,"turns":2},{"damage":0,"enemies":"Exordium Thugs","floor":12,"turns":2},{"damage":0,"enemies":"Lagavulin","floor":13,"turns":2},{"damage":0,"enemies":"Exordium Wildlife","floor":14,"turns":1},{"damage":17,"enemies":"Slime Boss","floor":16,"turns":8},{"damage":11,"enemies":"2 Thieves","floor":18,"turns":3},{"damage":0,"enemies":"Spheric Guardian","floor":21,"turns":2},{"damage":0,"enemies":"Cultist and Chosen","floor":22,"turns":3},{"damage":21,"enemies":"Book of Stabbing","floor":23,"turns":5},{"damage":0,"enemies":"Snake Plant","floor":24,"turns":2},{"damage":1,"enemies":"Gremlin Leader","floor":25,"turns":4},{"damage":3,"enemies":"Book of Stabbing","floor":27,"turns":3},{"damage":0,"enemies":"Masked Bandits","floor":28,"turns":2},{"damage":0,"enemies":"Centurion and Healer","floor":29,"turns":2},{"damage":0,"enemies":"Slavers","floor":30,"turns":2},{"damage":42,"enemies":"Collector","floor":33,"turns":7},{"damage":0,"enemies":"3 Darklings","floor":35,"turns":1},{"damage":0,"enemies":"Orb Walker","floor":38,"turns":2},{"damage":0,"enemies":"Giant Head","floor":40,"turns":2},{"damage":0,"enemies":"Reptomancer","floor":42,"turns":3},{"damage":0,"enemies":"Giant Head","floor":44,"turns":5},{"damage":2,"enemies":"Reptomancer","floor":46,"turns":2},{"damage":0,"enemies":"Maw","floor":47,"turns":4},{"damage":0,"enemies":"Sphere and 2 Shapes","floor":48,"turns":3},{"damage":14,"enemies":"Time Eater","floor":50,"turns":6},{"damage":0,"enemies":"Shield and Spear","floor":54,"turns":2},{"damage":91,"enemies":"The Heart","floor":55,"turns":7}],"seed_played":"5533779370313410420","potions_obtained":[{"floor":1,"key":"Fruit Juice"},{"floor":2,"key":"PowerPotion"},{"floor":4,"key":"Ancient Potion"},{"floor":8,"key":"ColorlessPotion"},{"floor":21,"key":"PowerPotion"},{"floor":24,"key":"EntropicBrew"}],"is_trial":false,"path_per_floor":["M","M","M","M","?","E","?","E","T","M","M","M","E","M","R","B",null,"M","$","?","M","M","E","M","E","T","E","?","M","E","T","R","B",null,"M","?","?","M","$","E","?","E","T","E","T","E","M","M","R","B",null,"R","$","E","B",null],"character_chosen":"IRONCLAD","items_purchased":["Membership Card","Uppercut","Apotheosis","Kunai","Orichalcum","Uppercut","Red Skull","Mummified Hand","Strange Spoon","Shrug It Off"],"campfire_rested":2,"item_purchase_floors":[19,19,39,39,39,39,53,53,53,53],"current_hp_per_floor":[77,75,75,71,71,51,51,51,61,57,57,57,57,57,57,40,81,70,70,70,73,76,58,58,60,60,60,63,66,69,69,69,30,99,99,99,99,102,102,106,96,100,100,104,104,106,110,118,147,137,148,151,151,159,68],"gold":570,"neow_bonus":"BOSS_RELIC","is_daily":false,"chose_seed":false,"campfire_upgraded":1,"win_rate":0.0,"timestamp":1609389109,"path_taken":["M","M","M","M","?","E","?","E","T","?","M","M","E","M","R","BOSS","M","$","?","M","M","E","M","E","T","E","?","M","E","?","R","BOSS","M","?","?","M","$","E","?","E","T","E","?","E","M","M","R","BOSS","R","$","E","BOSS"],"items_purchased_type":["Relic","Card","Card","Relic","Relic","Card","Relic","Relic","Relic","Card"],"build_version":"2020-12-22","purchased_purges":2,"victory":true,"max_hp_per_floor":[85,85,85,85,85,85,85,85,95,95,95,95,95,95,95,95,95,95,95,95,98,101,104,104,107,107,110,113,116,119,119,119,122,122,122,122,116,119,119,123,123,127,127,131,131,135,139,147,147,151,151,151,151,159,159],"relic_stats":{"counters":[34,106],"Self Forming Clay":[75],"Astrolabe":["Sword Boomerang","Burning Pact","Shrug It Off"],"PreservedInsect":685,"Juzu Bracelet":0,"Bag of Preparation":[12],"War Paint":["Defend_R","Burning Pact"],"Orichalcum":[30],"Smiling Mask":0,"Strange Spoon":[10],"Centennial Puzzle":[9],"Mummified Hand":[7],"Gambling Chip":[84],"Bronze Scales":[200],"Snecko Eye":[233,252,232,230],"Kunai":[32],"obtain_stats":[{"Juzu Bracelet":42,"Bag of Preparation":44,"Smiling Mask":46,"Burning Blood":0,"Old Coin":30,"Centennial Puzzle":40,"Mummified Hand":53,"Gambling Chip":13,"Fusion Hammer":17,"Red Mask":28,"Kunai":39,"Red Skull":53,"Paper Frog":26,"Pear":9,"Self Forming Clay":45,"Astrolabe":34,"PreservedInsect":6,"War Paint":27,"Orichalcum":39,"keyreminder:keyreminder":32,"Strange Spoon":53,"Anchor":31,"Bronze Scales":23,"Snecko Eye":0,"Bag of Marbles":8,"Membership Card":19,"Bottled Lightning":54,"Unceasing Top":25},{"Juzu Bracelet":27,"Bag of Preparation":28,"Smiling Mask":29,"Burning Blood":0,"Old Coin":22,"Centennial Puzzle":26,"Mummified Hand":32,"Gambling Chip":10,"Fusion Hammer":12,"Red Mask":20,"Kunai":25,"Red Skull":32,"Paper Frog":18,"Pear":6,"Self Forming Clay":28,"Astrolabe":23,"PreservedInsect":5,"War Paint":19,"Orichalcum":25,"keyreminder:keyreminder":22,"Strange Spoon":32,"Anchor":22,"Bronze Scales":16,"Snecko Eye":0,"Bag of Marbles":6,"Membership Card":13,"Bottled Lightning":33,"Unceasing Top":18},{"Juzu Bracelet":77,"Bag of Preparation":82,"Smiling Mask":84,"Burning Blood":0,"Old Coin":62,"Centennial Puzzle":74,"Mummified Hand":97,"Gambling Chip":25,"Fusion Hammer":34,"Red Mask":58,"Kunai":72,"Red Skull":97,"Paper Frog":53,"Pear":16,"Self Forming Clay":82,"Astrolabe":69,"PreservedInsect":14,"War Paint":56,"Orichalcum":72,"keyreminder:keyreminder":62,"Strange Spoon":97,"Anchor":62,"Bronze Scales":47,"Snecko Eye":0,"Bag of Marbles":16,"Membership Card":37,"Bottled Lightning":99,"Unceasing Top":53}],"Unceasing Top":[0]},"card_choices":[{"not_picked":["Intimidate","Feel No Pain"],"picked":"Carnage","floor":1},{"not_picked":["Flex","Bloodletting"],"picked":"Iron Wave","floor":2},{"not_picked":["Warcry","True Grit","Feel No Pain"],"picked":"SKIP","floor":3},{"not_picked":["Carnage","Armaments"],"picked":"Heavy Blade","floor":4},{"not_picked":["Sword Boomerang","Rampage"],"picked":"Burning Pact","floor":6},{"not_picked":["Iron Wave","Ghostly Armor"],"picked":"Clothesline","floor":8},{"not_picked":["Perfected Strike","Headbutt"],"picked":"Whirlwind","floor":10},{"not_picked":["Headbutt","Havoc","Flex"],"picked":"SKIP","floor":11},{"not_picked":["True Grit","Power Through"],"picked":"Shrug It Off","floor":12},{"not_picked":["Twin Strike","Clash","Brutality"],"picked":"SKIP","floor":13},{"not_picked":["True Grit","Rage","Sword Boomerang"],"picked":"SKIP","floor":14},{"not_picked":["Berserk","Exhume"],"picked":"Feed","floor":16},{"not_picked":["Carnage","Seeing Red"],"picked":"Clothesline+1","floor":18},{"not_picked":["True Grit","Twin Strike"],"picked":"Flame Barrier","floor":21},{"not_picked":["Clash","Warcry","Entrench"],"picked":"SKIP","floor":22},{"not_picked":["Combust","Sword Boomerang+1","Whirlwind"],"picked":"SKIP","floor":23},{"not_picked":["Cleave","Headbutt"],"picked":"Corruption","floor":24},{"not_picked":["Body Slam","Shrug It Off","Thunderclap"],"picked":"SKIP","floor":25},{"not_picked":["Twin Strike+1","Wild Strike"],"picked":"Dark Embrace","floor":27},{"not_picked":["Blood for Blood","Sword Boomerang","Cleave"],"picked":"SKIP","floor":29},{"not_picked":["Perfected Strike","Twin Strike"],"picked":"Feed","floor":30},{"not_picked":["Impervious","Feed"],"picked":"Double Tap","floor":33},{"not_picked":["True Grit","Sever Soul","Armaments"],"picked":"SKIP","floor":35},{"not_picked":["Wild Strike","Perfected Strike+1","Iron Wave+1"],"picked":"SKIP","floor":38},{"not_picked":["Anger","Flex","True Grit"],"picked":"SKIP","floor":40},{"not_picked":["Purity","Blind"],"picked":"Enlightenment","floor":41},{"not_picked":["Body Slam","Offering","Warcry"],"picked":"SKIP","floor":42},{"not_picked":["Iron Wave","Entrench","Inflame"],"picked":"SKIP","floor":44},{"not_picked":["Flex+1","Dark Embrace","Iron Wave"],"picked":"SKIP","floor":46},{"not_picked":["Rampage","Shrug It Off","Hemokinesis"],"picked":"SKIP","floor":47},{"not_picked":["Sword Boomerang+1","Dual Wield"],"picked":"Blood for Blood+1","floor":48},{"not_picked":["Evolve+1","Cleave","Feed"],"picked":"SKIP","floor":54}],"player_experience":2209816,"relics_obtained":[{"floor":6,"key":"PreservedInsect"},{"floor":8,"key":"Bag of Marbles"},{"floor":9,"key":"Pear"},{"floor":13,"key":"Gambling Chip"},{"floor":23,"key":"Bronze Scales"},{"floor":25,"key":"Unceasing Top"},{"floor":26,"key":"Paper Frog"},{"floor":27,"key":"War Paint"},{"floor":28,"key":"Red Mask"},{"floor":30,"key":"Old Coin"},{"floor":31,"key":"Anchor"},{"floor":40,"key":"Centennial Puzzle"},{"floor":42,"key":"Juzu Bracelet"},{"floor":44,"key":"Bag of Preparation"},{"floor":45,"key":"Self Forming Clay"},{"floor":46,"key":"Smiling Mask"},{"floor":54,"key":"Bottled Lightning"}],"event_choices":[{"damage_healed":0,"gold_gain":0,"player_choice":"Grow","damage_taken":0,"max_hp_gain":0,"max_hp_loss":0,"event_name":"Living Wall","floor":5,"gold_loss":0,"cards_upgraded":["Carnage"]},{"cards_removed":["Strike_R"],"damage_healed":0,"gold_gain":0,"player_choice":"Card Removal","damage_taken":0,"max_hp_gain":0,"max_hp_loss":0,"event_name":"The Cleric","floor":7,"gold_loss":50},{"damage_healed":0,"gold_gain":0,"player_choice":"Read","damage_taken":0,"max_hp_gain":0,"max_hp_loss":0,"event_name":"The Library","floor":20,"gold_loss":0,"cards_obtained":["Dual Wield"]},{"damage_healed":0,"gold_gain":0,"player_choice":"Fought Bandits","damage_taken":0,"max_hp_gain":0,"max_hp_loss":0,"event_name":"Masked Bandits","floor":28,"gold_loss":0},{"damage_healed":0,"gold_gain":222,"player_choice":"Wore Mask","damage_taken":0,"max_hp_gain":0,"max_hp_loss":0,"event_name":"Tomb of Lord Red Mask","floor":36,"gold_loss":0},{"damage_healed":0,"gold_gain":0,"player_choice":"Max HP","damage_taken":0,"max_hp_gain":0,"max_hp_loss":6,"event_name":"Winding Halls","floor":37,"gold_loss":0},{"damage_healed":0,"gold_gain":0,"player_choice":"Memory 3","damage_taken":10,"max_hp_gain":0,"max_hp_loss":0,"event_name":"SensoryStone","floor":41,"gold_loss":0}],"is_beta":false,"boss_relics":[{"not_picked":["Philosopher\u0027s Stone","Tiny House"],"picked":"Fusion Hammer"},{"not_picked":["Black Star","Runic Pyramid"],"picked":"Astrolabe"}],"items_purged_floors":[19,39],"is_endless":false,"potions_floor_spawned":[1,2,4,8,13,14,21,24,27,33,44,46,47,48],"ascension_level":12}}