{"host":"qm4rv4rkpk76sbxu","time":1609433621,"event":{"mods":["BaseMod","Bestiary","Block Reminder","DeckTracker","Filter the Spire","Keyboard Shortcuts","Minty Spire (QoL Compilation)","MonsterHotkey","Potion Indicator Mod","Quick Restart","Random Character Button","Relic Stats","Slay-I","StSLib","ojb\u0027s Better Paths Mod"],"gold_per_floor":[111,111,261,28,28,62,62,96,119,133,133,133,165,183,183,258,258,271,286,304,304,316,316,348,348,348,382,382,395,395,424,424,503,503,522,522,542,542,558,558,558,589,589,589,604,639,657,224,224,224,224,224,224,57,82,82,82],"floor_reached":56,"playtime":4139,"items_purged":["Doubt","Strike_G"],"score":1962,"play_id":"a63c9fa2-4fb7-45be-8b58-36edc7374449","local_time":"20201231175341","is_ascension_mode":true,"campfire_choices":[{"floor":7.0,"key":"REST"},{"data":"Catalyst","floor":12.0,"key":"SMITH"},{"floor":15.0,"key":"REST"},{"floor":23.0,"key":"REST"},{"floor":30.0,"key":"REST"},{"data":"Night Terror","floor":32.0,"key":"SMITH"},{"data":"Acrobatics","floor":40.0,"key":"SMITH"},{"data":"1","floor":44.0,"key":"LIFT"},{"floor":49.0,"key":"RECALL"},{"data":"2","floor":53.0,"key":"LIFT"}],"circlet_count":0,"master_deck":["AscendersBane","Strike_G","Strike_G","Strike_G","Defend_G+1","Defend_G","Defend_G","Defend_G+1","Defend_G","Survivor+1","Neutralize","Corpse Explosion+1","Cloak And Dagger","Dash","Night Terror+1","Catalyst+1","All Out Attack","Endless Agony","Deadly Poison","Backflip","Envenom+1","Well Laid Plans+1","Acrobatics+1","Footwork+1","Outmaneuver+1","Catalyst+1","Venomology+1","PiercingWail+1","Catalyst+1","All Out Attack+1","Calculated Gamble+1","Backflip+1","Footwork+1","Tactician+1"],"relics":["Ring of the Snake","Orrery","Akabeko","Snake Skull","Tiny Chest","Frozen Egg 2","InkBottle","HoveringKite","Toy Ornithopter","HornCleat","Prayer Wheel","Turnip","Pantograph","Toxic Egg 2","Busted Crown","Oddly Smooth Stone","Girya","War Paint","Paper Crane","Strawberry"],"acts_visited":["Exordium","TheCity","TheBeyond","TheEnding"],"potions_floor_usage":[56,56],"damage_taken":[{"damage":6.0,"enemies":"Jaw Worm","floor":1.0,"turns":5.0},{"damage":16.0,"enemies":"Lagavulin","floor":6.0,"turns":7.0},{"damage":5.0,"enemies":"Gremlin Nob","floor":8.0,"turns":3.0},{"damage":0.0,"enemies":"Small Slimes","floor":10.0,"turns":1.0},{"damage":9.0,"enemies":"3 Sentries","floor":13.0,"turns":4.0},{"damage":0.0,"enemies":"2 Louse","floor":14.0,"turns":1.0},{"damage":5.0,"enemies":"The Guardian","floor":16.0,"turns":6.0},{"damage":11.0,"enemies":"2 Thieves","floor":18.0,"turns":2.0},{"damage":11.0,"enemies":"Spheric Guardian","floor":19.0,"turns":3.0},{"damage":16.0,"enemies":"Snecko","floor":20.0,"turns":4.0},{"damage":4.0,"enemies":"Cultist and Chosen","floor":22.0,"turns":4.0},{"damage":29.0,"enemies":"Book of Stabbing","floor":24.0,"turns":4.0},{"damage":16.0,"enemies":"Gremlin Leader","floor":27.0,"turns":7.0},{"damage":0.0,"enemies":"Snake Plant","floor":29.0,"turns":4.0},{"damage":7.0,"enemies":"Book of Stabbing","floor":31.0,"turns":3.0},{"damage":29.0,"enemies":"Automaton","floor":33.0,"turns":10.0},{"damage":1.0,"enemies":"Orb Walker","floor":35.0,"turns":3.0},{"damage":1.0,"enemies":"3 Shapes","floor":37.0,"turns":7.0},{"damage":14.0,"enemies":"Jaw Worm Horde","floor":39.0,"turns":4.0},{"damage":16.0,"enemies":"Giant Head","floor":42.0,"turns":5.0},{"damage":0.0,"enemies":"Transient","floor":45.0,"turns":3.0},{"damage":27.0,"enemies":"Nemesis","floor":46.0,"turns":5.0},{"damage":14.0,"enemies":"Spire Growth","floor":47.0,"turns":5.0},{"damage":19.0,"enemies":"Donu and Deca","floor":50.0,"turns":6.0},{"damage":56.0,"enemies":"Awakened One","floor":51.0,"turns":14.0},{"damage":50.0,"enemies":"Shield and Spear","floor":55.0,"turns":6.0},{"damage":77,"enemies":"The Heart","floor":56,"turns":5}],"seed_played":"-5135731971735242573","potions_obtained":[{"floor":13.0,"key":"DistilledChaos"},{"floor":14.0,"key":"Fruit Juice"},{"floor":22.0,"key":"Fire Potion"},{"floor":27.0,"key":"Swift Potion"},{"floor":31.0,"key":"EssenceOfSteel"},{"floor":37.0,"key":"SteroidPotion"},{"floor":39.0,"key":"Energy Potion"},{"floor":42.0,"key":"Regen Potion"},{"floor":46.0,"key":"Weak Potion"}],"is_trial":false,"path_per_floor":["M","?","?","$","?","E","R","E","T","M","T","R","E","M","R","B",null,"M","M","M","T","M","R","E","?","T","E","?","M","R","E","R","B",null,"M","?","M","T","M","R","?","E","T","R","M","E","M","$","R","B","B",null,"R","$","E","B"],"character_chosen":"THE_SILENT","items_purchased":["Orrery","Paper Crane","Backflip+1","Footwork+1","Tactician+1"],"campfire_rested":4,"item_purchase_floors":[4,48,48,54,54],"current_hp_per_floor":[53,46,46,46,26,10,29,24,24,24,24,24,15,15,34,29,57,46,35,19,19,15,46,17,17,17,6,6,6,27,20,20,26,60,59,59,58,58,54,54,54,48,48,48,53,47,38,38,38,49,15,57,57,57,19,0,0],"gold":82,"neow_bonus":"THREE_RARE_CARDS","is_daily":false,"chose_seed":false,"campfire_upgraded":3,"win_rate":0.0,"timestamp":1609433621,"path_taken":["M","?","?","$","?","E","R","E","T","M","?","R","E","?","R","BOSS","M","M","?","?","M","R","E","?","T","E","?","M","R","E","R","BOSS","M","?","M","?","M","R","?","E","T","R","M","E","M","$","R","BOSS","BOSS","R","$","E","BOSS"],"items_purchased_type":["Relic","Relic","Card","Card","Card"],"build_version":"2020-12-22","purchased_purges":2,"victory":false,"max_hp_per_floor":[66,66,66,66,66,66,66,66,66,66,66,66,66,66,66,66,66,66,66,66,66,66,71,71,71,71,71,71,71,71,71,71,71,71,71,71,71,71,71,71,71,71,71,71,71,71,71,71,71,71,71,71,71,71,78,78,78],"relic_stats":{"counters":[27,131],"HoveringKite":[67],"Snake Skull":[168],"War Paint":["Defend_G","Survivor"],"Busted Crown":30,"Pantograph":97,"Tiny Chest":2,"Prayer Wheel":7,"Turnip":[5],"obtain_stats":[{"Girya":42,"HoveringKite":17,"Oddly Smooth Stone":38,"Snake Skull":8,"Frozen Egg 2":11,"War Paint":46,"Paper Crane":48,"Akabeko":6,"HornCleat":24,"Busted Crown":34,"Pantograph":27,"Strawberry":55,"Orrery":4,"Tiny Chest":9,"Prayer Wheel":25,"Turnip":26,"Toxic Egg 2":31,"InkBottle":13,"Toy Ornithopter":21,"Ring of the Snake":0},{"Girya":20,"HoveringKite":7,"Oddly Smooth Stone":18,"Snake Skull":3,"Frozen Egg 2":4,"War Paint":22,"Paper Crane":23,"Akabeko":2,"HornCleat":12,"Busted Crown":16,"Pantograph":13,"Strawberry":26,"Orrery":1,"Tiny Chest":3,"Prayer Wheel":12,"Turnip":12,"Toxic Egg 2":15,"InkBottle":5,"Toy Ornithopter":10,"Ring of the Snake":0},{"Girya":87,"HoveringKite":27,"Oddly Smooth Stone":78,"Snake Skull":15,"Frozen Egg 2":16,"War Paint":95,"Paper Crane":100,"Akabeko":12,"HornCleat":44,"Busted Crown":68,"Pantograph":51,"Strawberry":126,"Orrery":5,"Tiny Chest":15,"Prayer Wheel":44,"Turnip":44,"Toxic Egg 2":58,"InkBottle":20,"Toy Ornithopter":36,"Ring of the Snake":0}],"InkBottle":[55],"Toy Ornithopter":80,"Ring of the Snake":[54]},"card_choices":[{"not_picked":["Wraith Form v2","Burst"],"picked":"Corpse Explosion","floor":0.0},{"not_picked":["Dodge and Roll","Well Laid Plans"],"picked":"Cloak And Dagger","floor":1.0},{"not_picked":["Flying Knee","Outmaneuver"],"picked":"Dash","floor":4.0},{"not_picked":["Glass Knife","Bane"],"picked":"Night Terror","floor":4.0},{"not_picked":["Dodge and Roll","Poisoned Stab"],"picked":"Catalyst","floor":4.0},{"not_picked":["Quick Slash","Outmaneuver"],"picked":"All Out Attack","floor":4.0},{"not_picked":["Prepared","Backflip"],"picked":"Endless Agony","floor":4.0},{"not_picked":["Finisher","Phantasmal Killer"],"picked":"Deadly Poison","floor":6.0},{"not_picked":["Predator","A Thousand Cuts","Masterful Stab"],"picked":"SKIP","floor":8.0},{"not_picked":["Flying Knee","Prepared","Slice"],"picked":"SKIP","floor":10.0},{"not_picked":["All Out Attack","Deflect","Skewer"],"picked":"SKIP","floor":13.0},{"not_picked":["Outmaneuver","Bane"],"picked":"Backflip","floor":14.0},{"not_picked":["Corpse Explosion","A Thousand Cuts+1"],"picked":"Envenom+1","floor":16.0},{"not_picked":["Choke","Prepared","Underhanded Strike"],"picked":"SKIP","floor":18.0},{"not_picked":["Deflect","Quick Slash"],"picked":"Well Laid Plans+1","floor":19.0},{"not_picked":["Poisoned Stab+1","Deadly Poison"],"picked":"Acrobatics","floor":20.0},{"not_picked":["Bouncing Flask","Infinite Blades+1","Deadly Poison"],"picked":"SKIP","floor":22.0},{"not_picked":["Terror","PiercingWail"],"picked":"Footwork+1","floor":24.0},{"not_picked":["Malaise","Infinite Blades+1","Deadly Poison"],"picked":"SKIP","floor":27.0},{"not_picked":["Backflip","Slice"],"picked":"Outmaneuver+1","floor":29.0},{"not_picked":["PiercingWail","Cloak And Dagger","Blade Dance"],"picked":"SKIP","floor":29.0},{"not_picked":["Flying Knee","Deadly Poison+1"],"picked":"Catalyst+1","floor":31.0},{"not_picked":["Unload","Bullet Time+1"],"picked":"Venomology+1","floor":33.0},{"not_picked":["Deadly Poison+1"],"picked":"SKIP","floor":35.0},{"not_picked":["Poisoned Stab"],"picked":"SKIP","floor":35.0},{"not_picked":[],"picked":"PiercingWail+1","floor":37.0},{"not_picked":["Infinite Blades+1"],"picked":"SKIP","floor":37.0},{"not_picked":[],"picked":"Catalyst+1","floor":39.0},{"not_picked":["Flying Knee"],"picked":"SKIP","floor":39.0},{"not_picked":[],"picked":"All Out Attack+1","floor":42.0},{"not_picked":[],"picked":"Calculated Gamble+1","floor":45.0},{"not_picked":["Deadly Poison+1"],"picked":"SKIP","floor":45.0},{"not_picked":["Quick Slash"],"picked":"SKIP","floor":46.0},{"not_picked":["Blade Dance+1"],"picked":"SKIP","floor":47.0},{"not_picked":["Dagger Spray+1"],"picked":"SKIP","floor":47.0},{"not_picked":["Poisoned Stab"],"picked":"SKIP","floor":55.0}],"player_experience":1177071,"relics_obtained":[{"floor":6.0,"key":"Akabeko"},{"floor":8.0,"key":"Snake Skull"},{"floor":9.0,"key":"Tiny Chest"},{"floor":11.0,"key":"Frozen Egg 2"},{"floor":13.0,"key":"InkBottle"},{"floor":21.0,"key":"Toy Ornithopter"},{"floor":24.0,"key":"HornCleat"},{"floor":26.0,"key":"Turnip"},{"floor":27.0,"key":"Pantograph"},{"floor":31.0,"key":"Toxic Egg 2"},{"floor":38.0,"key":"Oddly Smooth Stone"},{"floor":42.0,"key":"Girya"},{"floor":46.0,"key":"War Paint"},{"floor":55.0,"key":"Strawberry"}],"event_choices":[{"cards_removed":["Pain"],"damage_healed":0.0,"max_hp_gain":0.0,"max_hp_loss":0.0,"gold_gain":0.0,"event_name":"Golden Wing","player_choice":"Card Removal","floor":2.0,"gold_loss":0.0,"damage_taken":7.0},{"damage_healed":0.0,"max_hp_gain":0.0,"max_hp_loss":0.0,"gold_gain":150.0,"event_name":"Liars Game","player_choice":"AGREE","floor":3.0,"gold_loss":0.0,"damage_taken":0.0,"cards_obtained":["Doubt"]},{"damage_healed":0.0,"max_hp_gain":0.0,"max_hp_loss":0.0,"gold_gain":0.0,"event_name":"Shining Light","player_choice":"Entered Light","floor":5.0,"gold_loss":0.0,"damage_taken":20.0,"cards_upgraded":["Corpse Explosion","Defend_G"]},{"damage_healed":0.0,"max_hp_gain":0.0,"max_hp_loss":0.0,"gold_gain":0.0,"event_name":"Addict","player_choice":"Stole Relic","floor":25.0,"gold_loss":0.0,"damage_taken":0.0,"relics_obtained":["Prayer Wheel"],"cards_obtained":["Shame"]},{"cards_removed":["Shame"],"damage_healed":0.0,"max_hp_gain":0.0,"max_hp_loss":0.0,"gold_gain":0.0,"event_name":"Fountain of Cleansing","player_choice":"Removed Curses","floor":28.0,"gold_loss":0.0,"damage_taken":0.0},{"damage_healed":0.0,"max_hp_gain":0.0,"max_hp_loss":0.0,"gold_gain":0.0,"event_name":"Tomb of Lord Red Mask","player_choice":"Ignored","floor":36.0,"gold_loss":0.0,"damage_taken":0.0},{"cards_removed":["Strike_G"],"damage_healed":0.0,"max_hp_gain":0.0,"max_hp_loss":0.0,"gold_gain":0.0,"event_name":"Purifier","player_choice":"Purged","floor":41.0,"gold_loss":0.0,"damage_taken":0.0}],"is_beta":false,"boss_relics":[{"not_picked":["WristBlade","Empty Cage"],"picked":"HoveringKite"},{"not_picked":["Ring of the Serpent","Sozu"],"picked":"Busted Crown"}],"items_purged_floors":[4,48],"is_endless":false,"potions_floor_spawned":[13,14,22,27,31,37,39,42,46],"killed_by":"The Heart","ascension_level":20}}