{"host":"hwui1o2d2vvxl1xp","time":1609423456,"event":{"mods":["ATMod(阿瑾Mod)","AchievementEnabler","Act Like it!","Alarm Clock","Arknights The Spire","BaseMod","CapriCore","Colored Map","Colored Powertips","Dota2Spire","Downfall","Gensokyo","Minty Spire (QoL Compilation)","MostiFishMod","Pale of the Ancients","Quick Restart","RumiaBox-露米娅的神秘盒子","Ryuuou龙王","Shop Mod","StSLib","TestMod","Waifu the Spire","[功能]功能增强和修复MOD","simple","【功能Mod】混沌之环修复补丁","【功能Mod】聪明的最终Boss","【遗物卡牌】REMEMod","篝火指南"],"gold_per_floor":[213,213,143,91,91,91,119,68,68,78,478,488,513,437,357,457,457,503,427,446,446,370,334,385,385,412,412,412,56,306,315,207,313,313,371,301,301,17,17,10,10,140,140,158,108,217,267,267,222,422,422,399,343,577,707],"floor_reached":56,"playtime":4224,"items_purged":["ats:Strike S","ats:Strike G","ats:Strike V","ats:Defend","ats:Defend","ats:Defend","ats:Defend","Shame","ats:Shell Defense","Pride","AT_TearsDenial+1","ats:Powerful Strike"],"score":1571,"play_id":"a9817229-9763-4410-a56c-aefdabe343b0","local_time":"20201231220416","is_ascension_mode":false,"campfire_choices":[{"floor":6,"key":"RECALL"}],"circlet_count":0,"master_deck":["ats:Strike C+1","ats:Armor Crushing Shot","ats:Emotion Absorption","ats:Roar Of Ursus+1","AT_FamilyPortrait+1","ats:Leaping Hammer+1","ats:Shell Defense+1","ats:Revitalization+1","ats:Composite Medical Shells+1","ats:Calcification+1","ats:Poison Spread","ats:Cat Scratch","ats:Nebulous Foxfire","AT_TearsDenial+1","ats:Mental Burst","ats:Overload","ats:Burning Ground+1","ats:Red Shift","ats:Ignite","ats:Thorns+1","MostiFishMod:ButterFly+1","ats:Shadow Assault+1","Mayhem+1","ats:Song Of Battle+1","ats:Dogmatic Field+1","ats:Rapid Magazine+1","ats:Counter Healing Mode+1","ats:True Silver Slash+1","ats:Shell Defense","ats:Sunburst","ats:Burning Ground+1","Gensokyo:SevenSchoolMysteries+1","ats:Charging Defense+1","ats:Shadow Assault+1","Gensokyo:ManorOfTheDishes+1","ats:Mental Burst","ats:Echo Reverb+1","ats:Defend Order+1","ats:Charging Defense","testmod-FightingIntention+1","testmod-EternalityOfKhronos+1","Gensokyo:PrivateSquare+1","expansioncontent:ChargeUp+1","Gensokyo:UnhurriedMind+1","ats:Wolf Pack+1","testmod-SelfRegulatingSystem+1","REME_MagicPocketWatch","ats:Healing Drone+1","ats:Song Of Battle+1","ats:Apocalypse","ats:Cat Scratch","expansioncontent:BronzeBeam","ats:Neurotoxin+1"],"relics":["ats:Sanity","DaveBox","REME_ComplimentaryCards","AT_ATBox","MetatronsCube","testmod-ChristmasGift","SynthV:TestCard","AT_BellDemon","MerchantsRug","Ice Cream","testmod-BouquetWithThorns","Bag of Marbles","ats:Originium","Toy Ornithopter","BrkXgEgg","Bottled Tornado","Torii","Dead Branch","Dota2Spire:DrumOfEndurance","AT_SilvercatRing","Bird Faced Urn","Orichalcum","HandDrill","Dream Catcher","ats:Hidden Killer","MealTicket","ats:Attack","Dota2Spire:HandOfMidas","REME_DuelDisc","Nunchaku","Dota2Spire:ArmletOfMordiggian","Dota2Spire:AghanimScepter","Dota2Spire:LinkenSphere","DaCapo","Kunai","Ying","Mango","Centennial Puzzle","OrangePellets","CeramicFish","Shuriken","AT_SunfireAegis","testmod-Register","BirthdayGift-Icosahedron","Dota2Spire:PhaseBoots","Smiling Mask","Dota2Spire:UrnOfShadows","ShadowXiaoBlade","Mummified Hand","Lantern","Dota2Spire:EtherealBlade","SynthV","Gensokyo:EmptyGrave","Dodecahedron","ats:Arts","ats:Snipe","testmod-ArcanaOfDestiny","Dota2Spire:Dagon","AT_TheCollector","Pen Nib","Akabeko","Dota2Spire:Vanguard","AT_EbonyIvory","Technique","Frozen Egg 2","ClockworkSouvenir","Art of War","War Paint","Dota2Spire:Desolator","Dota2Spire:ShadowBlade","Chemical X","Bronze Scales","Bottled Lightning","Dota2Spire:PowerTreads","AT_Kusabimaru"],"acts_visited":["Gensokyo:Gensokyo","Gensokyo:Gensokyoer","Gensokyo:Gensokyoest","TheEnding"],"potions_floor_usage":[4,7,7,7,7,7,7,16,20,20,22,24,33,46],"damage_taken":[{"damage":10,"enemies":"Gensokyo:Gryphon","floor":1,"turns":4},{"damage":25,"enemies":"Gensokyo:Mamizou","floor":7,"turns":7},{"damage":0,"enemies":"Gensokyo:Python","floor":10,"turns":2},{"damage":0,"enemies":"Gensokyo:2_Kodama","floor":12,"turns":1},{"damage":0,"enemies":"Gensokyo:Cirno","floor":13,"turns":5},{"damage":0,"enemies":"Gensokyo:Reimu","floor":16,"turns":5},{"damage":0,"enemies":"Gensokyo:Chomper","floor":18,"turns":2},{"damage":7,"enemies":"Gensokyo:CosmicMonolith","floor":20,"turns":2},{"damage":35,"enemies":"Gensokyo:Slime_Group","floor":24,"turns":4},{"damage":0,"enemies":"Gensokyo:Eternal_Rivals","floor":33,"turns":4},{"damage":0,"enemies":"Gensokyo:3_Boulders","floor":35,"turns":1},{"damage":0,"enemies":"Gensokyo:Doremy","floor":42,"turns":1},{"damage":28,"enemies":"Gensokyo:Doremy","floor":46,"turns":3},{"damage":0,"enemies":"Gensokyo:AncientGuardian","floor":47,"turns":1},{"damage":0,"enemies":"Gensokyo:Shinki","floor":50,"turns":3},{"damage":0,"enemies":"Shield and Spear","floor":54,"turns":1},{"damage":17,"enemies":"The Heart","floor":55,"turns":3}],"seed_played":"-7424454762472192931","potions_obtained":[{"floor":10,"key":"testmod-TimePotion"},{"floor":13,"key":"testmod-EscapePotion"},{"floor":16,"key":"FearPotion"},{"floor":16,"key":"AttackPotion"},{"floor":20,"key":"PowerPotion"},{"floor":20,"key":"Swift Potion"},{"floor":42,"key":"champ:CounterPotion"},{"floor":47,"key":"FearPotion"}],"is_trial":false,"path_per_floor":["M","?","?","$","?","R","E","R","T","M","?","M","E","$","R","B",null,"M","$","M","?","$","R","M","T","T","?","?","COS","?","?","R","B",null,"M","$","?","COS","?","R","?","E","T","?","R","?","M","?","R","B",null,"R","$","E","B",null],"character_chosen":"DOCTOR_CLASS","items_purchased":["AT_BellDemon","MerchantsRug","AttackPotion","AttackPotion","Block Potion","Ice Cream","ats:Composite Medical Shells","ats:Calcification","ats:Poison Spread","ats:Cat Scratch","Toy Ornithopter","BrkXgEgg","Dota2Spire:Clarity","Fire Potion","EssenceOfSteel","AT_TearsDenial+1","ats:Mental Burst","ats:Overload","ats:Burning Ground","Bottled Tornado","Orichalcum","HandDrill","Dream Catcher","MostiFishMod:ButterFly","ats:Shadow Assault+1","ats:Hidden Killer","MealTicket","ats:Attack","Mayhem+1","ats:Song Of Battle","ats:Shell Defense","Dota2Spire:ArmletOfMordiggian","Dota2Spire:AghanimScepter","ats:Counter Healing Mode","ats:True Silver Slash+1","ats:Shell Defense","ats:Sunburst","DaCapo","Kunai","Ying","testmod-SpacePotion","ats:Emergency Sanity Potion","Swift Potion","Mango","Centennial Puzzle","OrangePellets","ats:Charging Defense","ats:Emergency Sanity Potion","Weak Potion","BlessingOfTheForge","BirthdayGift-Icosahedron","Dota2Spire:PhaseBoots","Smiling Mask","ats:Mental Burst","Lantern","Dota2Spire:EtherealBlade","SynthV","ats:Charging Defense","testmod-FightingIntention+1","Guardian:BlockOnCardUsePotion","SteroidPotion","BlessingOfTheForge","ats:Snipe","SteroidPotion","Strength Potion","testmod-ArcanaOfDestiny","Dota2Spire:Dagon","champ:CounterPotion","testmod-EternalityOfKhronos+1","Dota2Spire:Vanguard","AT_EbonyIvory","Technique","expansioncontent:ChargeUp","ClockworkSouvenir","Art of War","War Paint","testmod-SelfRegulatingSystem+1","champ:CounterPotion","Dota2Spire:Desolator","Dota2Spire:ShadowBlade","Slimebound:ThreeZeroPotion","Energy Potion","REME_MagicPocketWatch","Chemical X","Bronze Scales","Bottled Lightning","ats:Healing Drone","ats:Song Of Battle+1","ats:Apocalypse","ats:Powerful Strike","ats:Cat Scratch","expansioncontent:BronzeBeam","AT_TearsDenial+1"],"campfire_rested":0,"item_purchase_floors":[4,4,4,4,4,4,4,4,4,4,8,8,8,8,8,8,8,8,8,8,14,14,14,14,14,15,15,15,15,15,15,19,19,19,19,19,19,22,22,22,22,22,22,23,23,23,23,23,23,23,32,32,32,32,36,36,36,36,36,36,36,36,40,40,40,40,40,40,40,45,45,45,45,49,49,49,49,49,52,52,52,52,52,53,53,53,53,53,53,53,53,53,53],"current_hp_per_floor":[63,63,63,63,49,49,40,40,40,41,41,42,51,51,51,72,72,72,72,72,72,72,86,51,51,51,60,60,60,60,60,60,81,81,81,81,75,75,75,75,45,75,75,75,75,75,75,75,75,75,75,75,75,75,75],"gold":707,"neow_bonus":"HUNDRED_GOLD","is_daily":false,"chose_seed":false,"campfire_upgraded":0,"win_rate":0.0,"timestamp":1609423456,"path_taken":["M","?","?","$","?","R","E","R","T","M","?","?","E","$","R","BOSS","M","$","M","?","$","R","?","?","T","?","?","COS","?","?","R","BOSS","M","$","?","COS","?","R","?","E","T","?","R","?","?","?","R","BOSS","R","$","E","BOSS"],"items_purchased_type":["Relic","Relic","Potion","Potion","Potion","Relic","Card","Card","Card","Card","Relic","Relic","Potion","Potion","Potion","Card","Card","Card","Card","Relic","Relic","Relic","Relic","Card","Card","Relic","Relic","Relic","Card","Card","Card","Relic","Relic","Card","Card","Card","Card","Relic","Relic","Relic","Potion","Potion","Potion","Relic","Relic","Relic","Card","Potion","Potion","Potion","Relic","Relic","Relic","Card","Relic","Relic","Relic","Card","Card","Potion","Potion","Potion","Relic","Potion","Potion","Relic","Relic","Potion","Card","Relic","Relic","Relic","Card","Relic","Relic","Relic","Card","Potion","Relic","Relic","Potion","Potion","Card","Relic","Relic","Relic","Card","Card","Card","Card","Card","Card","Card"],"build_version":"2020-12-22","purchased_purges":12,"victory":true,"max_hp_per_floor":[72,72,72,72,72,72,72,72,72,72,72,72,72,72,72,72,72,72,72,72,72,72,86,86,86,86,86,86,86,81,81,81,81,81,81,81,75,75,75,75,75,75,75,75,75,75,75,75,75,75,75,75,75,75,75],"card_choices":[{"not_picked":["ats:Sword Rain","ats:Explosion Area Strengthen"],"picked":"ats:Leaping Hammer","floor":1},{"not_picked":["ats:Beaten Up","ats:Sunburst","ats:Powerful Strike","ats:Counter Healing Mode"],"picked":"ats:Shell Defense","floor":2},{"not_picked":["ats:Soul Absorption","ats:Poison Spread","ats:Shell Defense","ats:Automatic Cover"],"picked":"ats:Revitalization","floor":2},{"not_picked":["ats:Shadow Raid","ats:Childhood Dance","ats:Flame Of Heaven","ats:Shell Defense"],"picked":"ats:Nebulous Foxfire","floor":7},{"not_picked":["ats:Explosion Area Strengthen","ats:Cat Scratch","ats:Revitalization","ats:Thermite Blade"],"picked":"ats:Red Shift","floor":10},{"not_picked":["ats:Part Time Job","ats:Chain Hook","ats:Magnetic Hammer","ats:Shell Defense"],"picked":"ats:Ignite","floor":12},{"not_picked":["ats:Revitalization","ats:Poison Spread","ats:Very Hot Blade","ats:Guardian Obelisk"],"picked":"ats:Thorns","floor":13},{"not_picked":["ats:Nebulous Foxfire+1","ats:Fractured Body+1","ats:Echo Reverb+1","ats:Durian+1"],"picked":"ats:Dogmatic Field+1","floor":16},{"not_picked":["ats:Leaping Hammer","ats:Ignite+1","ats:Explosion Area Strengthen+1","ats:LN2 Cannon"],"picked":"ats:Rapid Magazine+1","floor":18},{"not_picked":["ats:Collapsing Strike","ats:Red Shift","ats:Apocalypse","ats:Shell Defense"],"picked":"ats:Burning Ground+1","floor":20},{"not_picked":["ats:Cat Scratch","ats:Poison Spread","ats:Leaping Hammer","ats:Curse Doll"],"picked":"ats:Shadow Assault+1","floor":24},{"not_picked":["ats:Dogmatic Field+1","ats:Disruption Kick+1","ats:True Silver Slash+1","ats:Wolf Pack+1"],"picked":"ats:Echo Reverb+1","floor":33},{"not_picked":["ats:Explosion Area Strengthen","ats:Leaping Hammer+1","ats:Revitalization+1","ats:Thermite Blade+1"],"picked":"ats:Defend Order+1","floor":35},{"not_picked":["ats:Nebulous Foxfire+1","ats:Support Order+1","ats:Revitalization","ats:Shell Defense+1","ats:Powerful Strike"],"picked":"SKIP","floor":42},{"not_picked":["Gensokyo:DreamlikeParadise","Gensokyo:RisingWorld"],"picked":"Gensokyo:UnhurriedMind","floor":46},{"not_picked":["ats:Leaping Hammer","ats:Flame Of Heaven","ats:Spore Proliferation","ats:Thorns+1"],"picked":"ats:Wolf Pack+1","floor":47},{"not_picked":["ats:Steam Pump","ats:Blood Oath+1","ats:Rapid Magazine+1","ats:Soul Absorption+1"],"picked":"ats:Neurotoxin+1","floor":54}],"player_experience":35062,"relics_obtained":[{"floor":1,"key":"SynthV:TestCard"},{"floor":7,"key":"Bag of Marbles"},{"floor":7,"key":"ats:Originium"},{"floor":7,"key":"Blue Candle"},{"floor":9,"key":"Torii"},{"floor":10,"key":"Dead Branch"},{"floor":12,"key":"Dota2Spire:DrumOfEndurance"},{"floor":13,"key":"AT_SilvercatRing"},{"floor":13,"key":"ats:Originium"},{"floor":13,"key":"Bird Faced Urn"},{"floor":16,"key":"Dota2Spire:HandOfMidas"},{"floor":18,"key":"Nunchaku"},{"floor":20,"key":"Dota2Spire:LinkenSphere"},{"floor":24,"key":"CeramicFish"},{"floor":25,"key":"Shuriken"},{"floor":26,"key":"AT_SunfireAegis"},{"floor":33,"key":"Dota2Spire:UrnOfShadows"},{"floor":35,"key":"Mummified Hand"},{"floor":42,"key":"Pen Nib"},{"floor":42,"key":"ats:Originium"},{"floor":42,"key":"Akabeko"},{"floor":47,"key":"Frozen Egg 2"},{"floor":54,"key":"Dota2Spire:PowerTreads"},{"floor":54,"key":"AT_Kusabimaru"}],"event_choices":[{"damage_healed":0,"gold_gain":400,"player_choice":"Sell","damage_taken":0,"max_hp_gain":0,"max_hp_loss":0,"event_name":"恩洛斯的盘子","floor":11,"relics_lost":["testmod-TestBox"],"gold_loss":0}],"is_beta":false,"boss_relics":[{"not_picked":["Snecko Eye","testmod-NegativeEmotionEnhancer"],"picked":"REME_DuelDisc"},{"not_picked":["ats:Tactical Delivery","Dota2Spire:Bloodstone"],"picked":"ShadowXiaoBlade"}],"items_purged_floors":[4,4,4,14,15,19,22,32,36,45,53,53],"is_endless":false,"potions_floor_spawned":[10,13,16,16,20,20,42,47,54,54],"ascension_level":0}}