{"host":"3xls0xm49ftugio7","time":1609419862,"event":{"mods":["2.2 Compatiblity","AchievementEnabler","Act Like it!","BaseMod","Colored Powertips","Downfall","GifTheSpireLib","Minty Spire (QoL Compilation)","Quick Restart","Relic Stats","StSLib"],"gold_per_floor":[0,10,23,23,23,23,23,56,76,111,135,163,88,128,153,267,267,267,286,24,48,198,209,233,233,263,263,297,315,315,415,434,538,538,538,548,104,104,89,102,180,190,115,150,162,99,143,172,201,213],"floor_reached":51,"playtime":3256,"items_purged":["Regret"],"score":1145,"play_id":"e5efd83d-244f-4dc6-b26d-04558b70fd65","local_time":"20201231150422","is_ascension_mode":true,"campfire_choices":[{"data":"expansioncontent:StudyTheSpire","floor":1.0,"key":"SMITH"},{"data":"Guardian:TwinSlam","floor":6.0,"key":"SMITH"},{"floor":13.0,"key":"REST"},{"floor":18.0,"key":"DIG"},{"floor":25.0,"key":"DIG"},{"floor":30.0,"key":"DIG"},{"floor":35.0,"key":"DIG"},{"floor":43,"key":"RECALL"},{"floor":46,"key":"DIG"}],"circlet_count":0,"master_deck":["Guardian:Strike_Guardian+1","Guardian:Strike_Guardian+1","Guardian:Strike_Guardian","Guardian:Strike_Guardian+1","Guardian:Defend_Guardian+1","Guardian:Defend_Guardian+1","Guardian:Defend_Guardian+1","Guardian:Defend_Guardian+1","Guardian:CurlUp+1","Guardian:TwinSlam+1","expansioncontent:StudyTheSpire+1","Guardian:PolyBeam","Guardian:EvasiveProtocol","Guardian:PrismaticBeam","Guardian:BronzeArmor+1","Guardian:StasisField+1","Guardian:DecasProtection+1","Guardian:ShieldSpikes+1","Guardian:PrismaticBeam","Guardian:EvasiveProtocol","Guardian:BronzeArmor+1","Guardian:ShieldCharger+1","Guardian:ChargeCore+1","Guardian:BronzeOrb+1","Guardian:StasisStrike+1","Guardian:Gem_Cyan","Guardian:FloatingOrbs","Guardian:PrismaticBeam+1","Guardian:DonusPower+1","Guardian:CrystalBeam+1","Guardian:Gem_White","Guardian:ChargeCore+1","Guardian:PrismaticBarrier+1","Guardian:ShieldCharger+1","Guardian:Gem_Green"],"relics":["Guardian:ModeShifter","Shovel","Toxic Egg 2","downfall:HeartBlessingGreen","Juzu Bracelet","sneckomod:SneckoTalon","Calipers","champ:Barbells","War Paint","Art of War","Toy Ornithopter","sneckomod:BlankCard","Bottled Flame","TungstenRod","Molten Egg 2","Fusion Hammer","Gremlin Horn","InkBottle","downfall:HeartBlessingBlue","MawBank","downfall:HeartBlessingRed","Oddly Smooth Stone","Whetstone"],"acts_visited":["Exordium","TheCity","TheBeyond"],"potions_floor_usage":[],"damage_taken":[{"damage":1.0,"enemies":"Jaw Worm","floor":2.0,"turns":4.0},{"damage":0.0,"enemies":"Small Slimes","floor":3.0,"turns":4.0},{"damage":9.0,"enemies":"Lagavulin","floor":8.0,"turns":5.0},{"damage":3.0,"enemies":"Cultist","floor":9.0,"turns":4.0},{"damage":17.0,"enemies":"Gremlin Nob","floor":10.0,"turns":5.0},{"damage":14.0,"enemies":"Gremlin Gang","floor":11.0,"turns":5.0},{"damage":19.0,"enemies":"Exordium Thugs","floor":12.0,"turns":7.0},{"damage":21.0,"enemies":"3 Sentries","floor":14.0,"turns":7.0},{"damage":3.0,"enemies":"Red Slaver","floor":15.0,"turns":4.0},{"damage":10.0,"enemies":"downfall:Watcher","floor":16.0,"turns":9.0},{"damage":1.0,"enemies":"3 Byrds","floor":19.0,"turns":4.0},{"damage":4.0,"enemies":"downfall:FleeingMerchant","floor":20.0,"turns":4.0},{"damage":5.0,"enemies":"Spheric Guardian","floor":21.0,"turns":4.0},{"damage":7.0,"enemies":"Chosen and Byrds","floor":23.0,"turns":4.0},{"damage":4.0,"enemies":"Book of Stabbing","floor":26.0,"turns":5.0},{"damage":27.0,"enemies":"Slavers","floor":28.0,"turns":8.0},{"damage":0.0,"enemies":"Snake Plant","floor":29.0,"turns":3.0},{"damage":4.0,"enemies":"downfall:Ironclad","floor":31.0,"turns":6.0},{"damage":5.0,"enemies":"3 Cultists","floor":32.0,"turns":4.0},{"damage":0.0,"enemies":"downfall:Defect","floor":33.0,"turns":9.0},{"damage":1.0,"enemies":"3 Shapes","floor":36.0,"turns":6.0},{"damage":0.0,"enemies":"downfall:FleeingMerchant","floor":37.0,"turns":4.0},{"damage":0.0,"enemies":"downfall:FleeingMerchant","floor":39.0,"turns":4.0},{"damage":0.0,"enemies":"Orb Walker","floor":40.0,"turns":3.0},{"damage":0.0,"enemies":"4 Shapes","floor":42.0,"turns":3.0},{"damage":0,"enemies":"Reptomancer","floor":44,"turns":4},{"damage":0,"enemies":"Nemesis","floor":47,"turns":6},{"damage":0,"enemies":"Sphere and 2 Shapes","floor":48,"turns":5},{"damage":0,"enemies":"Transient","floor":49,"turns":5},{"damage":6,"enemies":"downfall:Silent","floor":50,"turns":10}],"seed_played":"6367276528569495760","potions_obtained":[{"floor":2.0,"key":"Weak Potion"},{"floor":10.0,"key":"champ:CounterPotion"},{"floor":14.0,"key":"champ:CounterPotion"},{"floor":19.0,"key":"Dexterity Potion"},{"floor":28.0,"key":"Ancient Potion"},{"floor":33.0,"key":"Dexterity Potion"}],"is_trial":false,"path_per_floor":["R","M","M","?","?","R","T","E","M","E","M","M","R","E","M","B",null,"R","M","$","M","?","M","T","R","E","?","E","M","R","?","M","B",null,"R","M","$","?","?","M","T","M","R","E","?","R","E","M","M","B",null],"character_chosen":"GUARDIAN","items_purchased":["champ:Barbells","Guardian:PrismaticBeam","Guardian:Gem_Cyan","Guardian:Gem_Red","Guardian:FloatingOrbs","InkBottle"],"campfire_rested":1,"item_purchase_floors":[20,20,20,37,37,37],"current_hp_per_floor":[80,79,79,79,79,79,79,70,67,50,36,17,41,20,17,7,80,80,79,75,70,70,63,63,63,59,59,42,42,42,38,33,33,80,80,79,79,79,79,79,79,79,89,89,89,89,89,89,89,83],"gold":225,"neow_bonus":"RANDOM_COLORLESS_2","is_daily":false,"chose_seed":false,"campfire_upgraded":2,"win_rate":0.0,"timestamp":1609419862,"path_taken":["R","M","M","?","?","R","T","E","M","E","M","?","R","E","M","BOSS","R","M","$","M","?","M","T","R","E","?","E","M","R","?","M","BOSS","R","M","$","?","?","M","T","M","R","E","?","R","E","M","M","BOSS"],"items_purchased_type":["Relic","Card","Card","Card","Card","Relic"],"build_version":"2020-12-22","purchased_purges":1,"victory":true,"max_hp_per_floor":[80,80,80,80,80,80,80,80,80,80,80,80,80,80,80,80,80,80,80,80,80,80,80,80,80,80,80,80,80,80,80,80,80,80,80,80,80,80,80,80,80,80,90,90,90,90,90,90,90,90],"relic_stats":{"Shovel":5,"Gremlin Horn":[11,11],"counters":[30,155],"Juzu Bracelet":3,"Art of War":[8],"Whetstone":["Guardian:Strike_Guardian","Guardian:Strike_Guardian"],"War Paint":["Guardian:Defend_Guardian","Guardian:Defend_Guardian"],"MawBank":84,"obtain_stats":[{"champ:Barbells":20,"Calipers":18,"Gremlin Horn":35,"downfall:HeartBlessingRed":46,"CeramicFish":10,"sneckomod:BlankCard":28,"Guardian:ModeShifter":0,"Oddly Smooth Stone":46,"downfall:HeartBlessingGreen":13,"Juzu Bracelet":14,"Whetstone":47,"War Paint":24,"sneckomod:SneckoTalon":17,"MawBank":44,"Bottled Flame":30,"Shovel":7,"downfall:HeartBlessingBlue":43,"Molten Egg 2":31,"Fusion Hammer":34,"Art of War":25,"Toxic Egg 2":8,"Toy Ornithopter":26,"TungstenRod":31,"InkBottle":37},{"champ:Barbells":12,"Calipers":10,"Gremlin Horn":20,"downfall:HeartBlessingRed":26,"CeramicFish":5,"sneckomod:BlankCard":16,"Guardian:ModeShifter":0,"Oddly Smooth Stone":26,"downfall:HeartBlessingGreen":7,"Juzu Bracelet":8,"Whetstone":27,"War Paint":14,"sneckomod:SneckoTalon":10,"MawBank":26,"Bottled Flame":17,"Shovel":2,"downfall:HeartBlessingBlue":25,"Molten Egg 2":18,"Fusion Hammer":20,"Art of War":14,"Toxic Egg 2":3,"Toy Ornithopter":15,"TungstenRod":18,"InkBottle":22},{"champ:Barbells":62,"Calipers":54,"Gremlin Horn":105,"downfall:HeartBlessingRed":129,"CeramicFish":22,"sneckomod:BlankCard":83,"Guardian:ModeShifter":0,"Oddly Smooth Stone":129,"downfall:HeartBlessingGreen":34,"Juzu Bracelet":41,"Whetstone":135,"War Paint":70,"sneckomod:SneckoTalon":54,"MawBank":129,"Bottled Flame":86,"Shovel":8,"downfall:HeartBlessingBlue":125,"Molten Egg 2":92,"Fusion Hammer":105,"Art of War":70,"Toxic Egg 2":13,"Toy Ornithopter":75,"TungstenRod":92,"InkBottle":115}],"Toy Ornithopter":0,"TungstenRod":7,"InkBottle":[31]},"card_choices":[{"not_picked":["Chrysalis","Panache"],"picked":"expansioncontent:StudyTheSpire","floor":0.0},{"not_picked":["Guardian:TimeBomb","Guardian:WalkerClaw"],"picked":"Guardian:PolyBeam","floor":2.0},{"not_picked":["Guardian:Harden","Guardian:Reroute"],"picked":"Guardian:Gem_Cyan","floor":3.0},{"not_picked":["Guardian:RollAttack","Guardian:TemporalShield+1"],"picked":"Guardian:Gem_Green","floor":8.0},{"not_picked":["Guardian:Recover+1","Guardian:Gem_Purple"],"picked":"Guardian:EvasiveProtocol","floor":9.0},{"not_picked":["Guardian:RollAttack","Guardian:Orbwalk"],"picked":"Guardian:PrismaticBeam","floor":10.0},{"not_picked":["Guardian:Recover+1","Guardian:Gem_Lightblue"],"picked":"Guardian:Gem_Blue","floor":11.0},{"not_picked":["Guardian:Repulse","Guardian:ArmoredProtocol"],"picked":"Guardian:BronzeArmor+1","floor":12.0},{"not_picked":["Guardian:Reroute","Guardian:Gem_Cyan"],"picked":"Guardian:Gem_Synthetic","floor":14.0},{"not_picked":["Guardian:Reroute","Guardian:PiercingHide+1"],"picked":"Guardian:Gem_Green","floor":15.0},{"not_picked":["Guardian:GemFire","Guardian:RevengeProtocol"],"picked":"Guardian:StasisField+1","floor":16.0},{"not_picked":["Guardian:ChargeCore","Guardian:BronzeOrb"],"picked":"Guardian:DecasProtection+1","floor":19.0},{"not_picked":["Guardian:Gem_Green","Guardian:Incinerate"],"picked":"Guardian:ShieldSpikes+1","floor":20.0},{"not_picked":["Guardian:CrystalBeam","Guardian:Gem_Cyan"],"picked":"Guardian:Gem_Fragmented","floor":21.0},{"not_picked":["Guardian:ShieldCharger+1","Guardian:DecasProtection+1"],"picked":"Guardian:EvasiveProtocol","floor":23.0},{"not_picked":["Guardian:Gem_Green","Guardian:Clone+1"],"picked":"Guardian:Gem_Yellow","floor":26.0},{"not_picked":["Guardian:PrimingBeam","Guardian:Orbwalk"],"picked":"Guardian:BronzeArmor+1","floor":28.0},{"not_picked":["Guardian:Recover+1","Guardian:Reroute"],"picked":"Guardian:ShieldCharger+1","floor":29.0},{"not_picked":["Guardian:Reroute+1","Guardian:Gem_Synthetic"],"picked":"Guardian:ChargeCore+1","floor":31.0},{"not_picked":["Guardian:ShieldCharger+1","Guardian:Gem_Lightblue"],"picked":"Guardian:BronzeOrb+1","floor":32.0},{"not_picked":["Guardian:AncientConstruct","Guardian:Gem_Synthetic"],"picked":"Guardian:StasisStrike+1","floor":33.0},{"not_picked":["Guardian:CrystalBeam+1","Guardian:VentSteam+1"],"picked":"Guardian:Gem_Cyan","floor":36.0},{"not_picked":["Guardian:Reroute+1","Guardian:RollAttack+1","Guardian:HyperBeam_Guardian+1"],"picked":"SKIP","floor":37.0},{"not_picked":["Guardian:Preprogram+1","Guardian:Suspension+1"],"picked":"Guardian:DonusPower+1","floor":39.0},{"not_picked":["Guardian:VentSteam+1","Guardian:Gem_Cyan"],"picked":"Guardian:CrystalBeam+1","floor":40.0},{"not_picked":["Guardian:Incinerate+1","Guardian:Preprogram+1"],"picked":"Guardian:Gem_White","floor":42.0},{"not_picked":["Guardian:SentryBeam+1","Guardian:PrimingBeam+1"],"picked":"Guardian:ChargeCore+1","floor":44},{"not_picked":["Guardian:TimeCapacitor+1","Guardian:Reroute+1"],"picked":"Guardian:PrismaticBarrier+1","floor":47},{"not_picked":["Guardian:ConstructionForm","Guardian:Suspension+1"],"picked":"Guardian:ShieldCharger+1","floor":48},{"not_picked":["Guardian:ShieldCharger+1","Guardian:MultiBeam+1"],"picked":"Guardian:Gem_Green","floor":49}],"player_experience":846714,"relics_obtained":[{"floor":7.0,"key":"Shovel"},{"floor":8.0,"key":"Toxic Egg 2"},{"floor":10.0,"key":"CeramicFish"},{"floor":14.0,"key":"Juzu Bracelet"},{"floor":18.0,"key":"Calipers"},{"floor":24.0,"key":"War Paint"},{"floor":25.0,"key":"Art of War"},{"floor":26.0,"key":"Toy Ornithopter"},{"floor":28.0,"key":"sneckomod:BlankCard"},{"floor":30.0,"key":"Bottled Flame"},{"floor":31.0,"key":"TungstenRod"},{"floor":31.0,"key":"Molten Egg 2"},{"floor":35.0,"key":"Gremlin Horn"},{"floor":44,"key":"MawBank"},{"floor":46,"key":"Oddly Smooth Stone"},{"floor":47,"key":"Whetstone"}],"event_choices":[{"damage_healed":0.0,"max_hp_gain":0.0,"max_hp_loss":0.0,"gold_gain":0.0,"event_name":"Duplicator","player_choice":"Copied","floor":38.0,"gold_loss":0.0,"damage_taken":0.0,"cards_obtained":["Guardian:PrismaticBeam"]}],"is_beta":false,"boss_relics":[{"not_picked":["Calling Bell","Runic Dome"],"picked":"sneckomod:SneckoTalon"},{"not_picked":["SacredBark","Velvet Choker"],"picked":"Fusion Hammer"}],"items_purged_floors":[37],"is_endless":false,"potions_floor_spawned":[2,10,14,19,23,28,33,40,42,44,49],"ascension_level":4}}