{"host":"eemx8njkng76fu5x","time":1609399015,"event":{"mods":["2.2 Compatiblity","BaseMod","Downfall","Minty Spire (QoL Compilation)","Permanent Neow","StSLib","Unceasing Turn Reminder"],"gold_per_floor":[0,11,27,38,52,52,124,124,49,64,89,107,125,125,142,242,242,167,179,195,195,65,65,65,65,265,294,179,179,179,179],"floor_reached":29,"playtime":1448,"items_purged":["Slimebound:RallyTheTroops","Slimebound:PressTheAttack"],"score":380,"play_id":"7f1218cf-9e95-4827-b210-730e140a8c07","local_time":"20201231151655","is_ascension_mode":true,"campfire_choices":[{"data":"Slimebound:Split","floor":1.0,"key":"SMITH"},{"data":"Slimebound:SplitSpecialist","floor":6.0,"key":"SMITH"},{"data":"Slimebound:CorrosiveSpit","floor":9.0,"key":"SMITH"},{"floor":18.0,"key":"RECALL"},{"data":"Slimebound:DisruptingSlam","floor":25,"key":"SMITH"}],"circlet_count":0,"master_deck":["AscendersBane","Slimebound:Defend_Slimebound","Slimebound:Defend_Slimebound","Slimebound:Split+1","Slimebound:CorrosiveSpit+1","Slimebound:ItLooksTasty","Slimebound:SplitSpecialist+1","Slimebound:SpikyOuterGoop","Slimebound:TongueLash","Slimebound:SlimeSpikes","Slimebound:Repurpose","Slimebound:Schlurp","Slimebound:SplitLeeching+1","Slimebound:SlimeBarrage+1","Slimebound:SplitMire+1","Slimebound:SlimeSpikes","Slimebound:DisruptingSlam+1","Slimebound:DisruptingSlam+1","Slimebound:LeechEnergy+1"],"relics":["Slimebound:AbsorbEndCombat","downfall:HeartBlessingBlue","Bag of Marbles","CaptainsWheel","Astrolabe","downfall:HeartBlessingGreen","Happy Flower","Molten Egg 2"],"acts_visited":["Exordium","TheCity"],"potions_floor_usage":[],"damage_taken":[{"damage":8.0,"enemies":"Small Slimes","floor":2.0,"turns":3.0},{"damage":15.0,"enemies":"Jaw Worm","floor":3.0,"turns":4.0},{"damage":11.0,"enemies":"2 Louse","floor":4.0,"turns":2.0},{"damage":29.0,"enemies":"Exordium Thugs","floor":5.0,"turns":5.0},{"damage":16.0,"enemies":"Blue Slaver","floor":10.0,"turns":3.0},{"damage":30.0,"enemies":"Lagavulin","floor":11.0,"turns":6.0},{"damage":28.0,"enemies":"2 Fungi Beasts","floor":12.0,"turns":4.0},{"damage":16.0,"enemies":"Exordium Wildlife","floor":13.0,"turns":4.0},{"damage":20.0,"enemies":"Large Slime","floor":15.0,"turns":5.0},{"damage":45.0,"enemies":"downfall:Silent","floor":16.0,"turns":8.0},{"damage":23.0,"enemies":"Shell Parasite","floor":19.0,"turns":4.0},{"damage":32.0,"enemies":"Shelled Parasite and Fungi","floor":20.0,"turns":5.0},{"damage":20,"enemies":"downfall:FleeingMerchant","floor":22,"turns":4},{"damage":43,"enemies":"downfall:FleeingMerchant","floor":26,"turns":6},{"damage":53,"enemies":"Slavers","floor":27,"turns":6},{"damage":30,"enemies":"downfall:FleeingMerchant","floor":28,"turns":4},{"damage":37,"enemies":"Gremlin Leader","floor":29,"turns":2}],"seed_played":"9118161401504854907","potions_obtained":[{"floor":4.0,"key":"sneckomod:MuddlingPotion"},{"floor":5.0,"key":"LiquidBronze"},{"floor":15.0,"key":"Energy Potion"},{"floor":16.0,"key":"Weak Potion"}],"is_trial":false,"path_per_floor":["R","M","M","M","M","R","T","?","R","M","E","M","M","T","M","B",null,"R","M","M","?","$","?","T","R","?","E","$","E"],"character_chosen":"SLIMEBOUND","items_purchased":["Slimebound:DisruptingSlam"],"campfire_rested":0,"item_purchase_floors":[22],"current_hp_per_floor":[54,60,60,59,52,52,52,52,62,62,58,44,46,46,46,35,61,61,64,60,60,68,68,68,68,57,32,36,0,0,0],"gold":179,"neow_bonus":"REMOVE_TWO","is_daily":false,"chose_seed":false,"campfire_upgraded":4,"win_rate":0.0,"timestamp":1609399015,"path_taken":["R","M","M","M","M","R","T","?","R","M","E","M","M","?","M","BOSS","R","M","M","?","$","?","T","R","?","E","$","E"],"items_purchased_type":["Card"],"build_version":"2020-12-22","purchased_purges":2,"victory":false,"max_hp_per_floor":[60,60,60,60,60,60,60,60,70,70,70,70,70,70,70,70,70,70,70,70,70,70,70,70,70,70,70,70,70,70,70],"card_choices":[{"not_picked":["Slimebound:FinishingTackle","Slimebound:ComboTackle"],"picked":"Slimebound:ItLooksTasty","floor":2.0},{"not_picked":["Slimebound:SplitBruiser","Slimebound:ViciousTackle"],"picked":"Slimebound:PressTheAttack","floor":3.0},{"not_picked":["Slimebound:SplitBruiser","Slimebound:ComboTackle"],"picked":"Slimebound:SplitSpecialist","floor":4.0},{"not_picked":["Slimebound:SplitLeeching","Slimebound:SplitBruiser"],"picked":"Slimebound:SpikyOuterGoop","floor":5.0},{"not_picked":["Slimebound:RollThrough","Slimebound:GrowthPunch"],"picked":"Slimebound:TongueLash","floor":10.0},{"not_picked":["Slimebound:SplitBruiser","Slimebound:ServeAndProtect"],"picked":"Slimebound:RallyTheTroops","floor":11.0},{"not_picked":["Slimebound:SplitAcid","Slimebound:GoopTackle"],"picked":"Slimebound:SlimeSpikes","floor":12.0},{"not_picked":["Slimebound:SplitMire","Slimebound:RollThrough"],"picked":"Slimebound:Repurpose","floor":13.0},{"not_picked":["Slimebound:LeechingTouch","Slimebound:GoopSpray"],"picked":"Slimebound:Schlurp","floor":15.0},{"not_picked":["Slimebound:ViciousTackle","Slimebound:Dissolve"],"picked":"Slimebound:SlimeSpikes","floor":19.0},{"not_picked":["Slimebound:SlimeBarrage","Slimebound:PressTheAttack","Slimebound:SplitMire"],"picked":"SKIP","floor":20.0},{"not_picked":["Slimebound:SlimeBarrage","Slimebound:Grow","Slimebound:DivideAndConquer+1"],"picked":"SKIP","floor":22},{"not_picked":["Slimebound:ViciousTackle+1","Slimebound:LevelUp+1"],"picked":"Slimebound:DisruptingSlam+1","floor":27},{"not_picked":["Slimebound:PressTheAttack+1","Slimebound:LevelUp"],"picked":"Slimebound:LeechEnergy+1","floor":28}],"player_experience":421747,"relics_obtained":[{"floor":11.0,"key":"Bag of Marbles"},{"floor":14.0,"key":"CaptainsWheel"},{"floor":24,"key":"Happy Flower"},{"floor":27,"key":"Molten Egg 2"}],"event_choices":[{"cards_removed":["Slimebound:Tackle"],"damage_healed":0.0,"max_hp_gain":0.0,"max_hp_loss":0.0,"gold_gain":0.0,"event_name":"The Cleric","player_choice":"Card Removal","floor":8.0,"gold_loss":0.0,"damage_taken":0.0},{"damage_healed":0,"gold_gain":0,"player_choice":"Ignored","damage_taken":0,"max_hp_gain":0,"max_hp_loss":0,"event_name":"Ghosts","floor":23,"gold_loss":0}],"is_beta":false,"boss_relics":[{"not_picked":["Runic Pyramid","downfall:Hecktoplasm"],"picked":"Astrolabe"}],"items_purged_floors":[22,28],"is_endless":false,"potions_floor_spawned":[4,5,15,16,26],"killed_by":"Gremlin Leader","ascension_level":11}}