{"host":"ie50qk0ts9eskyyo","time":1609376742,"event":{"mods":["BaseMod","Colored Map","Downfall","Highlight Path","Hubris","Infinite Spire","Minty Spire (QoL Compilation)","Replay The Spire","StSLib","The Jungle"],"gold_per_floor":[53,71,71,71,86,120,120,146,161,177,2,2,0,11,23,123,123,48,59,76,76,87,87,87,87],"floor_reached":23,"playtime":1688,"items_purged":["Slimebound:Strike_Slimebound"],"score":228,"play_id":"c554ede5-2141-43a2-8fd5-95ed947e2c96","local_time":"20201230200542","is_ascension_mode":false,"campfire_choices":[{"floor":12,"key":"RECALL"},{"data":"Slimebound:DuplicatedForm","floor":18,"key":"SMITH"}],"circlet_count":0,"master_deck":["Slimebound:Strike_Slimebound","Slimebound:Tackle","Slimebound:Defend_Slimebound","Slimebound:Defend_Slimebound","Slimebound:Defend_Slimebound","Slimebound:Defend_Slimebound","Slimebound:Split","Slimebound:CorrosiveSpit","Slimebound:MassFeed","Slimebound:SamplingLick","Slimebound:SplitBruiser+1","Slimebound:GoopSpray","Slimebound:LivingWall","Slimebound:RollThrough","Slimebound:RejuvenatingLick","Slimebound:SplitAcid","Slimebound:ViciousTackle","Slimebound:ViciousTackle","Slimebound:AcidTongue","Slimebound:FirmFortitude","Slimebound:DuplicatedForm+1","Slimebound:Prepare","Slimebound:SlimeSpikes"],"relics":["Slimebound:AbsorbEndCombat","hubris:Towel","hubris:OldNail","Bag of Marbles","ChewingGum","downfall:HeartBlessingRed","Shuriken"],"acts_visited":["Exordium","TheCity"],"potions_floor_usage":[11,11,15,16,16,16,16],"damage_taken":[{"damage":15,"enemies":"2 Louse","floor":2,"turns":2},{"damage":9,"enemies":"Jaw Worm","floor":5,"turns":4},{"damage":20,"enemies":"Replay:BlueRogue","floor":6,"turns":6},{"damage":51,"enemies":"Gremlin Nob","floor":8,"turns":5},{"damage":17,"enemies":"Cultist","floor":9,"turns":3},{"damage":6,"enemies":"Exordium Thugs","floor":10,"turns":4},{"damage":12,"enemies":"downfall:FleeingMerchant","floor":11,"turns":4},{"damage":25,"enemies":"downfall:FleeingMerchant","floor":13,"turns":4},{"damage":16,"enemies":"Red Slaver","floor":14,"turns":3},{"damage":10,"enemies":"3 Louse","floor":15,"turns":2},{"damage":23,"enemies":"downfall:Watcher","floor":16,"turns":5},{"damage":37,"enemies":"Shell Parasite","floor":19,"turns":4},{"damage":41,"enemies":"3 Byrds","floor":20,"turns":4},{"damage":34,"enemies":"Snake Plant","floor":22,"turns":4},{"damage":54,"enemies":"Gremlin Leader","floor":23,"turns":4}],"seed_played":"5050548603518069941","potions_obtained":[{"floor":8,"key":"Strength Potion"},{"floor":9,"key":"AttackPotion"},{"floor":10,"key":"Explosive Potion"},{"floor":14,"key":"EntropicBrew"},{"floor":16,"key":"GamblersBrew"},{"floor":20,"key":"Strength Potion"}],"is_trial":false,"path_per_floor":["R_BF","M","?","?","M","E","T","E","M","M","$","R","$","M","M","B",null,"R","M","M","T","M","E"],"character_chosen":"SLIMEBOUND","items_purchased":["Slimebound:SplitAcid","Slimebound:ViciousTackle"],"campfire_rested":0,"item_purchase_floors":[11,11],"current_hp_per_floor":[60,55,55,55,65,60,60,25,20,25,33,33,26,28,28,30,78,78,68,56,56,38,0,0,0],"gold":87,"neow_bonus":"THREE_RARE_CARDS","is_daily":false,"chose_seed":false,"campfire_upgraded":1,"win_rate":0.0,"timestamp":1609376742,"path_taken":["R_BF","M","?","?","M","E","T","E","?","M","?","R","$","M","M","BOSS","R","M","M","?","M","E"],"items_purchased_type":["Card","Card"],"build_version":"2020-12-22","purchased_purges":1,"victory":false,"max_hp_per_floor":[60,66,66,66,69,72,72,72,72,75,75,75,75,75,75,78,78,78,78,81,81,81,81,81,81],"card_choices":[{"not_picked":["Slimebound:DouseInSlime","Slimebound:MinionMaster"],"picked":"Slimebound:MassFeed","floor":0},{"not_picked":["Slimebound:Equalize","Slimebound:Schlurp"],"picked":"Slimebound:SamplingLick","floor":2},{"not_picked":["Slimebound:SplitMire","Slimebound:SlimeSpikes"],"picked":"Slimebound:GoopSpray","floor":5},{"not_picked":["Slimebound:FinishingTackle","Slimebound:LeechLife","Slimebound:LeechEnergy"],"picked":"SKIP","floor":6},{"not_picked":["Slimebound:Repurpose","Slimebound:LeechEnergy"],"picked":"Slimebound:LivingWall","floor":8},{"not_picked":["Slimebound:GoopSpray","Slimebound:ProtectTheBoss","Slimebound:LeechingTouch"],"picked":"SKIP","floor":9},{"not_picked":["Slimebound:ComboTackle","Slimebound:SplitAcid"],"picked":"Slimebound:RollThrough","floor":10},{"not_picked":["Slimebound:FinishingTackle","Slimebound:SlimeSpikes"],"picked":"Slimebound:RejuvenatingLick","floor":11},{"not_picked":["Slimebound:SplitLeeching","Slimebound:RejuvenatingLick"],"picked":"Slimebound:AcidTongue","floor":13},{"not_picked":["Slimebound:LeechEnergy","Slimebound:Repurpose","Slimebound:WasteNot"],"picked":"SKIP","floor":14},{"not_picked":["Slimebound:Schlurp","Slimebound:Gluttony"],"picked":"Slimebound:FirmFortitude","floor":15},{"not_picked":["Slimebound:MassFeed","Slimebound:LeechLife"],"picked":"Slimebound:DuplicatedForm","floor":16},{"not_picked":["Slimebound:Grow","Slimebound:SlimeTap"],"picked":"Slimebound:Prepare","floor":19},{"not_picked":["Slimebound:Equalize","Slimebound:GoopSpray"],"picked":"Slimebound:SlimeSpikes","floor":20},{"not_picked":["Slimebound:SplitLeeching","Slimebound:LeechingTouch+1","Slimebound:FinishingTackle"],"picked":"SKIP","floor":22}],"player_experience":17686,"relics_obtained":[{"floor":6,"key":"hubris:OldNail"},{"floor":8,"key":"Bag of Marbles"},{"floor":21,"key":"Shuriken"}],"event_choices":[],"is_beta":false,"boss_relics":[{"not_picked":["Empty Cage","Busted Crown"],"picked":"ChewingGum"}],"items_purged_floors":[11],"is_endless":false,"potions_floor_spawned":[8,9,10,14,16,20],"killed_by":"Gremlin Leader","ascension_level":0}}