{"host":"akjsb4vg7478j4ls","time":1609449004,"event":{"mods":["BaseMod","Colored Powertips","Minty Spire (QoL Compilation)","Rare Cards Sparkle"],"gold_per_floor":[118,118,136,136,154,154,167,167,213,70,84,125,143,162,162,283,283,304,304,85,85,160,160,203,223,273,296,296,316,8,27,27,156,156,174,194,19,0,69,69,121,121,121,146,161,161,161,39,39,39,39],"floor_reached":50,"playtime":2823,"items_purged":[],"score":512,"play_id":"2d67878d-47bd-429c-9c0f-7531fe8bbfc2","local_time":"20201231191004","is_ascension_mode":false,"campfire_choices":[{"floor":8,"key":"REST"},{"floor":15,"key":"REST"},{"data":"After Image","floor":23,"key":"SMITH"},{"data":"Bite","floor":28,"key":"SMITH"},{"floor":32,"key":"REST"},{"floor":40,"key":"REST"},{"floor":42,"key":"REST"},{"floor":46,"key":"REST"},{"floor":49,"key":"REST"}],"circlet_count":0,"master_deck":["Defend_G","Defend_G","Defend_G","Defend_G","Defend_G","Survivor","Neutralize","Riddle With Holes+1","Injury","Dagger Spray+1","Sucker Punch","Endless Agony","Quick Slash","Blade Dance","Calculated Gamble","Flying Knee","After Image+1","Skewer+1","Backstab","Bite+1","Bite","Bite","Bite","Bite","Slice","Envenom","Dagger Throw","Outmaneuver","Magnetism","Slice","Slice","Phantasmal Killer","PiercingWail","Prepared+1","Panache","Prepared+1","Footwork","Quick Slash+1","Madness","Madness","Noxious Fumes"],"relics":["Ring of the Snake","NeowsBlessing","Golden Idol","Oddly Smooth Stone","TwistedFunnel","Vajra","Philosopher\u0027s Stone","Chemical X","Nunchaku","Happy Flower","HoveringKite","Red Mask","CaptainsWheel","Bag of Preparation","Bird Faced Urn"],"acts_visited":["Exordium","TheCity","TheBeyond"],"potions_floor_usage":[24,24,33,33,39,50,50,50],"damage_taken":[{"damage":0,"enemies":"2 Louse","floor":1,"turns":1},{"damage":0,"enemies":"Jaw Worm","floor":3,"turns":1},{"damage":0,"enemies":"Small Slimes","floor":5,"turns":1},{"damage":11,"enemies":"Exordium Wildlife","floor":7,"turns":3},{"damage":9,"enemies":"Blue Slaver","floor":11,"turns":2},{"damage":18,"enemies":"Lagavulin","floor":12,"turns":8},{"damage":0,"enemies":"3 Louse","floor":13,"turns":1},{"damage":0,"enemies":"Lots of Slimes","floor":14,"turns":1},{"damage":44,"enemies":"Hexaghost","floor":16,"turns":9},{"damage":4,"enemies":"Shell Parasite","floor":18,"turns":4},{"damage":7,"enemies":"Book of Stabbing","floor":24,"turns":4},{"damage":0,"enemies":"Chosen","floor":25,"turns":2},{"damage":0,"enemies":"Centurion and Healer","floor":27,"turns":4},{"damage":20,"enemies":"Snake Plant","floor":29,"turns":2},{"damage":3,"enemies":"Shelled Parasite and Fungi","floor":31,"turns":2},{"damage":39,"enemies":"Champ","floor":33,"turns":10},{"damage":0,"enemies":"Orb Walker","floor":35,"turns":3},{"damage":15,"enemies":"3 Darklings","floor":36,"turns":5},{"damage":41,"enemies":"2 Orb Walkers","floor":39,"turns":6},{"damage":7,"enemies":"Sphere and 2 Shapes","floor":44,"turns":2},{"damage":33,"enemies":"4 Shapes","floor":45,"turns":4},{"damage":58,"enemies":"Time Eater","floor":50,"turns":12}],"seed_played":"2011493793624106660","potions_obtained":[{"floor":1,"key":"Poison Potion"},{"floor":5,"key":"ColorlessPotion"},{"floor":16,"key":"AttackPotion"},{"floor":24,"key":"GamblersBrew"},{"floor":44,"key":"Ancient Potion"},{"floor":45,"key":"Weak Potion"}],"is_trial":false,"path_per_floor":["M","?","M","?","M","?","M","R","T","$","M","E","M","M","R","B",null,"M","?","$","?","?","R","E","M","T","M","R","M","$","M","R","B",null,"M","M","$","?","?","R","T","R","T","M","M","R","?","$","R","B"],"character_chosen":"THE_SILENT","items_purchased":["TwistedFunnel","Chemical X","Backstab","Magnetism","Slice","Regen Potion","Panache","Noxious Fumes","SkillPotion"],"campfire_rested":7,"item_purchase_floors":[10,20,20,30,30,30,37,48,48],"current_hp_per_floor":[70,70,70,70,70,56,45,66,66,66,57,39,39,39,60,16,70,66,66,66,49,45,45,48,49,49,49,49,29,29,30,44,35,49,49,36,36,36,4,18,18,32,32,33,11,25,19,19,33,0,0],"gold":39,"neow_bonus":"THREE_ENEMY_KILL","is_daily":false,"chose_seed":false,"campfire_upgraded":2,"win_rate":0.0,"timestamp":1609449004,"path_taken":["M","?","M","?","M","?","M","R","T","$","M","E","M","M","R","BOSS","M","?","$","?","?","R","E","?","T","M","R","M","$","M","R","BOSS","M","M","$","?","?","R","?","R","T","M","M","R","?","$","R","BOSS"],"items_purchased_type":["Relic","Relic","Card","Card","Card","Potion","Card","Card","Potion"],"build_version":"2020-12-22","purchased_purges":0,"victory":false,"max_hp_per_floor":[70,70,70,70,70,70,70,70,70,70,70,70,70,70,70,70,70,70,70,70,49,49,49,49,49,49,49,49,49,49,49,49,49,49,49,49,49,49,49,49,49,49,49,49,49,49,49,49,49,49,49],"card_choices":[{"not_picked":["Bane","Dagger Throw"],"picked":"Riddle With Holes","floor":1},{"not_picked":["Tactician","Deflect"],"picked":"Dagger Spray","floor":3},{"not_picked":["Expertise","Quick Slash"],"picked":"Sucker Punch","floor":5},{"not_picked":["Dagger Spray","Acrobatics"],"picked":"Endless Agony","floor":7},{"not_picked":["Underhanded Strike","Escape Plan"],"picked":"Quick Slash","floor":11},{"not_picked":["Masterful Stab","Flying Knee"],"picked":"Blade Dance","floor":12},{"not_picked":["Acrobatics","Deadly Poison"],"picked":"Calculated Gamble","floor":13},{"not_picked":["Sucker Punch","Underhanded Strike"],"picked":"Flying Knee","floor":14},{"not_picked":["Wraith Form v2","Adrenaline"],"picked":"After Image","floor":16},{"not_picked":["Backflip","Prepared+1"],"picked":"Skewer+1","floor":18},{"not_picked":["Prepared","Underhanded Strike"],"picked":"Slice","floor":24},{"not_picked":["Blade Dance","Bane"],"picked":"Envenom","floor":25},{"not_picked":["Acrobatics","Crippling Poison"],"picked":"Dagger Throw","floor":27},{"not_picked":["Sucker Punch","Tactician+1"],"picked":"Outmaneuver","floor":29},{"not_picked":["Sucker Punch+1","Heel Hook+1"],"picked":"Slice","floor":31},{"not_picked":["Corpse Explosion","Tools of the Trade"],"picked":"Phantasmal Killer","floor":33},{"not_picked":["Dagger Spray","Flying Knee"],"picked":"PiercingWail","floor":35},{"not_picked":["Bane","Flying Knee"],"picked":"Prepared+1","floor":36},{"not_picked":["Deadly Poison+1","Bane+1"],"picked":"Prepared+1","floor":39},{"not_picked":["Quick Slash","Eviscerate+1"],"picked":"Footwork","floor":44},{"not_picked":["Well Laid Plans+1","Bane"],"picked":"Quick Slash+1","floor":45}],"player_experience":67358,"relics_obtained":[{"floor":9,"key":"Oddly Smooth Stone"},{"floor":12,"key":"Vajra"},{"floor":24,"key":"Nunchaku"},{"floor":26,"key":"Happy Flower"},{"floor":39,"key":"CaptainsWheel"},{"floor":41,"key":"Bag of Preparation"},{"floor":43,"key":"Bird Faced Urn"}],"event_choices":[{"damage_healed":0,"gold_gain":0,"player_choice":"Take Wound","damage_taken":0,"relics_obtained":["Golden Idol"],"max_hp_gain":0,"max_hp_loss":0,"event_name":"Golden Idol","floor":2,"gold_loss":0,"cards_obtained":["Injury"]},{"damage_healed":0,"gold_gain":0,"player_choice":"Grow","damage_taken":0,"max_hp_gain":0,"max_hp_loss":0,"event_name":"Living Wall","floor":4,"gold_loss":0,"cards_upgraded":["Dagger Spray"]},{"damage_healed":0,"gold_gain":0,"player_choice":"Entered Light","damage_taken":14,"max_hp_gain":0,"max_hp_loss":0,"event_name":"Shining Light","floor":6,"gold_loss":0,"cards_upgraded":["Strike_G","Riddle With Holes"]},{"damage_healed":0,"gold_gain":0,"player_choice":"Ignored","damage_taken":0,"max_hp_gain":0,"max_hp_loss":0,"event_name":"Ghosts","floor":19,"gold_loss":0},{"damage_healed":0,"gold_gain":0,"player_choice":"Became a vampire","damage_taken":0,"max_hp_gain":0,"max_hp_loss":21,"event_name":"Vampires","floor":21,"gold_loss":0,"cards_obtained":["Bite","Bite","Bite","Bite","Bite"]},{"damage_healed":0,"gold_gain":75,"player_choice":"Touch","damage_taken":4,"max_hp_gain":0,"max_hp_loss":0,"event_name":"FaceTrader","floor":22,"gold_loss":0},{"damage_healed":0,"gold_gain":0,"player_choice":"Paid","damage_taken":0,"relics_obtained":["Red Mask"],"max_hp_gain":0,"max_hp_loss":0,"event_name":"Tomb of Lord Red Mask","floor":38,"gold_loss":19},{"damage_healed":0,"gold_gain":0,"player_choice":"Fight","damage_taken":0,"max_hp_gain":0,"max_hp_loss":0,"event_name":"Mysterious Sphere","floor":39,"gold_loss":0},{"damage_healed":0,"gold_gain":0,"player_choice":"Embrace Madness","damage_taken":6,"max_hp_gain":0,"max_hp_loss":0,"event_name":"Winding Halls","floor":47,"gold_loss":0,"cards_obtained":["Madness","Madness"]}],"is_beta":false,"boss_relics":[{"not_picked":["Coffee Dripper","Runic Dome"],"picked":"Philosopher\u0027s Stone"},{"not_picked":["Sozu","WristBlade"],"picked":"HoveringKite"}],"items_purged_floors":[],"is_endless":false,"potions_floor_spawned":[1,5,16,18,24,44,45],"killed_by":"Time Eater","ascension_level":0}}