{"host":"aibqmozag2xz7y1n","time":1609421988,"event":{"mods":["AchievementEnabler","BaseMod","Colored Map","Marisa????????","Minty Spire (QoL Compilation)","StSLib","The Servant 0.9.4"],"gold_per_floor":[114,129,129,144,75,75,90,90,115,130,130,130,130,145,145,245,245,260,48,63,36,36,36,66,81,81,81,81,81,96,111,111,111,111],"floor_reached":33,"playtime":1191,"items_purged":["Pain"],"score":257,"play_id":"f8b52f40-485f-4134-adcf-ba331c08045b","local_time":"20201231143948","daily_mods":["Heirloom","Time Dilation","Lethality"],"is_ascension_mode":false,"campfire_choices":[{"data":"Zap","floor":6,"key":"SMITH"},{"data":"Sunder","floor":8,"key":"SMITH"},{"floor":13,"key":"REST"},{"data":"BootSequence","floor":15,"key":"SMITH"},{"data":"Creative AI","floor":23,"key":"SMITH"},{"floor":27,"key":"REST"},{"floor":32,"key":"REST"}],"circlet_count":0,"master_deck":["Strike_B","Strike_B","Strike_B","Strike_B","Defend_B","Defend_B","Defend_B","Defend_B","Zap+1","Dualcast","Redo","Sunder+1","Cold Snap","Steam","BootSequence+1","Barrage","Auto Shields","Creative AI+1","Streamline","Leap","Bandage Up","Conserve Battery","Steam","Ball Lightning","Stack","Shame","Ball Lightning","Conserve Battery"],"relics":["Cracked Core","WingedGreaves","Oddly Smooth Stone","Cables","WarpedTongs","Sozu","Akabeko","Mummified Hand","Mercury Hourglass"],"acts_visited":["Exordium","TheCity"],"potions_floor_usage":[16,16,16,24],"damage_taken":[{"damage":0,"enemies":"Cultist","floor":1,"turns":2},{"damage":0,"enemies":"2 Louse","floor":2,"turns":1},{"damage":9,"enemies":"Jaw Worm","floor":4,"turns":3},{"damage":29,"enemies":"Exordium Thugs","floor":7,"turns":3},{"damage":0,"enemies":"Blue Slaver","floor":10,"turns":2},{"damage":3,"enemies":"Exordium Wildlife","floor":14,"turns":2},{"damage":39,"enemies":"Hexaghost","floor":16,"turns":7},{"damage":21,"enemies":"3 Byrds","floor":18,"turns":4},{"damage":0,"enemies":"Spheric Guardian","floor":20,"turns":3},{"damage":36,"enemies":"Slavers","floor":24,"turns":5},{"damage":23,"enemies":"Centurion and Healer","floor":25,"turns":5},{"damage":0,"enemies":"Cultist and Chosen","floor":30,"turns":5},{"damage":0,"enemies":"Chosen and Byrds","floor":31,"turns":4},{"damage":63,"enemies":"Automaton","floor":33,"turns":10}],"seed_played":"-5051420239723459148","potions_obtained":[{"floor":1,"key":"SkillPotion"},{"floor":7,"key":"Energy Potion"},{"floor":10,"key":"LiquidBronze"},{"floor":16,"key":"PowerPotion"}],"is_trial":false,"path_per_floor":["M","M","?","M","$","R","M","R","T","M","T","?","R","M","R","B",null,"M","$","M","$","$","R","E","M","T","R","?","?","M","M","R","B"],"character_chosen":"DEFECT","items_purchased":["Cold Snap","Steam","Leap","Bandage Up","Steam"],"campfire_rested":3,"item_purchase_floors":[5,5,19,19,21],"current_hp_per_floor":[75,75,75,66,66,66,37,37,37,37,37,37,59,56,56,17,75,54,54,58,58,58,58,26,9,9,31,31,31,37,37,59,0,0],"gold":111,"neow_bonus":"","is_daily":true,"chose_seed":false,"campfire_upgraded":4,"win_rate":0.0,"timestamp":1609421988,"path_taken":["M","?","?","M","$","R","M","R","T","?","?","?","R","M","R","BOSS","M","$","M","?","$","R","E","M","T","R","?","?","?","M","R","BOSS"],"items_purchased_type":["Card","Card","Card","Card","Card"],"build_version":"2020-12-22","purchased_purges":1,"victory":false,"max_hp_per_floor":[75,75,75,75,75,75,75,75,75,75,75,75,75,75,75,75,75,75,75,75,75,75,75,75,75,75,75,75,75,75,75,75,75,75],"card_choices":[{"not_picked":["Compile Driver","Reprogram"],"picked":"Redo","floor":1},{"not_picked":["Chill","Force Field"],"picked":"Streamline","floor":2},{"not_picked":["Beam Cell","Heatsinks"],"picked":"Sunder","floor":4},{"not_picked":["Compile Driver","Stack"],"picked":"BootSequence","floor":7},{"not_picked":["Cold Snap","Darkness"],"picked":"Barrage","floor":10},{"not_picked":["Steam","Streamline"],"picked":"Auto Shields","floor":14},{"not_picked":["Multi-Cast","Hyperbeam"],"picked":"Creative AI","floor":16},{"not_picked":["Hologram","Sunder"],"picked":"Streamline","floor":18},{"not_picked":["Beam Cell","Ball Lightning"],"picked":"Conserve Battery","floor":20},{"not_picked":["Meteor Strike","Tempest"],"picked":"Ball Lightning","floor":24},{"not_picked":["Turbo+1","Steam"],"picked":"Stack","floor":25},{"not_picked":["Steam","Streamline+1"],"picked":"Ball Lightning","floor":30},{"not_picked":["Barrage+1","Leap+1"],"picked":"Conserve Battery","floor":31}],"player_experience":193860,"relics_obtained":[{"floor":9,"key":"Oddly Smooth Stone"},{"floor":11,"key":"Cables"},{"floor":24,"key":"Akabeko"},{"floor":26,"key":"Mummified Hand"}],"event_choices":[{"cards_removed":["Streamline"],"damage_healed":5,"gold_gain":0,"player_choice":"Offered Common","damage_taken":0,"max_hp_gain":0,"max_hp_loss":0,"event_name":"Bonfire Elementals","floor":3,"gold_loss":0},{"cards_removed":["Streamline"],"damage_healed":5,"gold_gain":0,"player_choice":"Offered Special","damage_taken":0,"max_hp_gain":0,"max_hp_loss":0,"event_name":"Bonfire Elementals","floor":3,"gold_loss":0},{"damage_healed":0,"gold_gain":0,"player_choice":"Rummage","damage_taken":0,"relics_obtained":["WarpedTongs"],"max_hp_gain":0,"max_hp_loss":0,"event_name":"Accursed Blacksmith","floor":12,"gold_loss":0,"cards_obtained":["Pain"]},{"damage_healed":0,"gold_gain":0,"player_choice":"Ignored","damage_taken":0,"max_hp_gain":0,"max_hp_loss":0,"event_name":"Ghosts","floor":28,"gold_loss":0},{"damage_healed":0,"gold_gain":0,"player_choice":"Stole Relic","damage_taken":0,"relics_obtained":["Mercury Hourglass"],"max_hp_gain":0,"max_hp_loss":0,"event_name":"Addict","floor":29,"gold_loss":0,"cards_obtained":["Shame"]}],"is_beta":false,"boss_relics":[{"not_picked":["Inserter","Black Star"],"picked":"Sozu"}],"items_purged_floors":[19],"is_endless":false,"potions_floor_spawned":[1,7,10,16,20,25],"killed_by":"Automaton","ascension_level":0}}