{"host":"52m1o8iwwagurbjs","time":1609454612,"event":{"mods":["AchievementEnabler","BaseMod","Bestiary","Colored Powertips","GifTheSpireLib","Minty Spire (QoL Compilation)","Quick Restart","RNG Fix","Relic Stats","StSLib"],"gold_per_floor":[115,115,130,1,1,1,29,29,329,329,329,55,72,90,90,163,163,181,194,209,1,1,1,1,1],"floor_reached":24,"playtime":748,"items_purged":["Fire Breathing","Strike_R"],"score":345,"play_id":"cca64126-6f74-4015-97ad-a72632ad931d","local_time":"20201231174332","is_ascension_mode":true,"campfire_choices":[{"data":"Bash","floor":6.0,"key":"SMITH"},{"data":"Spot Weakness","floor":8,"key":"SMITH"},{"data":"Headbutt","floor":10,"key":"SMITH"},{"data":"Immolate","floor":15,"key":"SMITH"},{"floor":23,"key":"REST"}],"circlet_count":0,"master_deck":["AscendersBane","Defend_R","Defend_R+1","Defend_R+1","Defend_R","Bash+1","Feel No Pain","Headbutt+1","Spot Weakness+1","Anger","Immolate+1","Sentinel","True Grit","Clothesline","Fiend Fire","Carnage","Shrug It Off","Feel No Pain","Bite","Bite","Bite","Bite","Bite"],"relics":["Burning Blood","War Paint","Eternal Feather","Nunchaku","Old Coin","SacredBark"],"acts_visited":["TheCity"],"potions_floor_usage":[16,16,20,24],"damage_taken":[{"damage":4.0,"enemies":"Small Slimes","floor":1.0,"turns":4.0},{"damage":6.0,"enemies":"2 Louse","floor":3.0,"turns":3.0},{"damage":42,"enemies":"Gremlin Nob","floor":7,"turns":5},{"damage":0,"enemies":"Cultist","floor":13,"turns":2},{"damage":11,"enemies":"Looter","floor":14,"turns":2},{"damage":30,"enemies":"The Guardian","floor":16,"turns":12},{"damage":36,"enemies":"Shell Parasite","floor":18,"turns":6},{"damage":33,"enemies":"2 Thieves","floor":19,"turns":3},{"damage":14,"enemies":"Centurion and Healer","floor":20,"turns":5},{"damage":46,"enemies":"Book of Stabbing","floor":24,"turns":4}],"seed_played":"1633115063991229647","potions_obtained":[{"floor":14,"key":"SpeedPotion"},{"floor":18,"key":"BlessingOfTheForge"}],"is_trial":false,"path_per_floor":["M","?","M","$","?","R","E","R","T","R","?","$","M","M","R","B",null,"M","M","M","$","?","R","E"],"character_chosen":"IRONCLAD","items_purchased":["Spot Weakness","BloodPotion","Immolate","Sentinel","True Grit","Feel No Pain","DistilledChaos"],"campfire_rested":1,"item_purchase_floors":[4,4,12,12,12,21,21],"current_hp_per_floor":[74,67,67,67,67,73,37,46,46,55,55,55,61,56,65,57,74,44,17,9,9,9,37,0,0],"gold":1,"neow_bonus":"RANDOM_COMMON_RELIC","is_daily":false,"chose_seed":false,"campfire_upgraded":4,"win_rate":0.0,"timestamp":1609454612,"path_taken":["M","?","M","$","?","R","E","R","T","R","?","$","M","M","R","BOSS","M","M","M","$","?","R","E"],"items_purchased_type":["Card","Potion","Card","Card","Card","Card","Potion"],"build_version":"2020-12-22","purchased_purges":2,"victory":false,"max_hp_per_floor":[80,80,80,80,80,80,80,80,80,80,80,80,80,80,80,80,80,80,80,80,80,56,56,56,56],"relic_stats":{"Nunchaku":[4],"counters":[8,39],"Eternal Feather":39,"War Paint":[],"obtain_stats":[{"Nunchaku":7,"SacredBark":17,"Eternal Feather":0,"War Paint":0,"Burning Blood":0,"Old Coin":9},{"Nunchaku":1,"SacredBark":4,"Eternal Feather":0,"War Paint":0,"Burning Blood":0,"Old Coin":1},{"Nunchaku":5,"SacredBark":21,"Eternal Feather":0,"War Paint":0,"Burning Blood":0,"Old Coin":5}],"Burning Blood":42},"card_choices":[{"not_picked":["Wild Strike","Headbutt"],"picked":"Feel No Pain","floor":1.0},{"not_picked":["Wild Strike","Havoc"],"picked":"Headbutt","floor":3.0},{"not_picked":["Shrug It Off","Armaments"],"picked":"Anger","floor":7},{"not_picked":["Headbutt","Rage","Havoc"],"picked":"SKIP","floor":13},{"not_picked":["Headbutt","Sentinel"],"picked":"Clothesline","floor":14},{"not_picked":["Juggernaut","Barricade"],"picked":"Fiend Fire","floor":16},{"not_picked":["Perfected Strike+1","Clothesline","Sword Boomerang"],"picked":"SKIP","floor":18},{"not_picked":["Cleave","Wild Strike"],"picked":"Carnage","floor":19},{"not_picked":["Heavy Blade","Perfected Strike"],"picked":"Shrug It Off","floor":20}],"player_experience":1067813,"relics_obtained":[{"floor":7,"key":"Nunchaku"},{"floor":9,"key":"Old Coin"}],"event_choices":[{"damage_healed":0.0,"max_hp_gain":0.0,"max_hp_loss":0.0,"gold_gain":0.0,"event_name":"Scrap Ooze","player_choice":"Success","floor":2.0,"gold_loss":0.0,"damage_taken":7.0,"relics_obtained":["Eternal Feather"]},{"damage_healed":0.0,"max_hp_gain":0.0,"max_hp_loss":0.0,"gold_gain":0.0,"event_name":"Liars Game","player_choice":"Ignored","floor":5.0,"gold_loss":0.0,"damage_taken":0.0},{"damage_healed":0,"gold_gain":0,"cards_transformed":["Strike_R"],"player_choice":"Change","damage_taken":0,"max_hp_gain":0,"max_hp_loss":0,"event_name":"Living Wall","floor":11,"gold_loss":0,"cards_obtained":["Fire Breathing"]},{"damage_healed":0,"gold_gain":0,"player_choice":"Became a vampire","damage_taken":0,"max_hp_gain":0,"max_hp_loss":24,"event_name":"Vampires","floor":22,"gold_loss":0,"cards_obtained":["Bite","Bite","Bite","Bite","Bite"]}],"is_beta":false,"boss_relics":[{"not_picked":["Busted Crown","Sozu"],"picked":"SacredBark"}],"items_purged_floors":[12,21],"is_endless":false,"potions_floor_spawned":[14,18],"killed_by":"Book of Stabbing","ascension_level":13}}