{"host":"qm4rv4rkpk76sbxu","time":1609450000,"event":{"mods":["BaseMod","Bestiary","Block Reminder","DeckTracker","Filter the Spire","Keyboard Shortcuts","Minty Spire (QoL Compilation)","MonsterHotkey","Potion Indicator Mod","Quick Restart","Random Character Button","Relic Stats","Slay-I","StSLib","ojb\u0027s Better Paths Mod"],"gold_per_floor":[118,133,6,6,24,58,78,78,78,103,115,127,166,191,203,292,304,326,354,366,378,404,445,474,486,566,578,607,651,431,442,442,520,520,540,540,559,559,610,610,610],"floor_reached":40,"playtime":7321,"items_purged":["Doubt"],"score":876,"play_id":"e1a01d05-70ea-41c3-a1e6-3c2a453f1b84","local_time":"20201231222640","is_ascension_mode":true,"campfire_choices":[{"data":"Noxious Fumes","floor":8.0,"key":"SMITH"},{"data":"Crippling Poison","floor":12.0,"key":"SMITH"},{"data":"Neutralize","floor":15.0,"key":"SMITH"},{"floor":27.0,"key":"REST"},{"floor":32.0,"key":"REST"}],"circlet_count":0,"master_deck":["AscendersBane","Strike_G","Strike_G","Strike_G","Strike_G","Defend_G","Defend_G+1","Defend_G+1","Defend_G","Survivor","Neutralize+1","Poisoned Stab","Deadly Poison","Noxious Fumes+1","Backflip","Crippling Poison+1","Skewer","PiercingWail","Doubt","Adrenaline+1","Malaise+1","Night Terror+1","Endless Agony","Tactician+1","Malaise+1","Cloak And Dagger+1","After Image","Finesse+1","Dark Shackles+1","Violence+1","Outmaneuver+1"],"relics":["Cursed Key","Matryoshka","MawBank","Pear","Toxic Egg 2","Ninja Scroll","Busted Crown","Enchiridion","Omamori","War Paint","Kunai","Question Card","Du-Vu Doll","Calling Bell","Regal Pillow","Frozen Egg 2","StoneCalendar","Bird Faced Urn"],"acts_visited":["Exordium","TheCity","TheBeyond"],"potions_floor_usage":[],"damage_taken":[{"damage":2.0,"enemies":"Cultist","floor":1.0,"turns":6.0},{"damage":4.0,"enemies":"Jaw Worm","floor":2.0,"turns":4.0},{"damage":8.0,"enemies":"Small Slimes","floor":5.0,"turns":3.0},{"damage":8.0,"enemies":"Lagavulin","floor":6.0,"turns":7.0},{"damage":3.0,"enemies":"Exordium Wildlife","floor":7.0,"turns":4.0},{"damage":0.0,"enemies":"Blue Slaver","floor":10.0,"turns":3.0},{"damage":7.0,"enemies":"3 Sentries","floor":13.0,"turns":6.0},{"damage":10.0,"enemies":"3 Louse","floor":14.0,"turns":3.0},{"damage":1.0,"enemies":"Hexaghost","floor":16.0,"turns":8.0},{"damage":1.0,"enemies":"3 Byrds","floor":18.0,"turns":3.0},{"damage":7.0,"enemies":"2 Thieves","floor":19.0,"turns":4.0},{"damage":1.0,"enemies":"Centurion and Healer","floor":22.0,"turns":6.0},{"damage":16.0,"enemies":"Gremlin Leader","floor":23.0,"turns":6.0},{"damage":0.0,"enemies":"Snake Plant","floor":24.0,"turns":4.0},{"damage":9.0,"enemies":"Snecko","floor":28.0,"turns":5.0},{"damage":27.0,"enemies":"Book of Stabbing","floor":29.0,"turns":6.0},{"damage":1.0,"enemies":"Cultist and Chosen","floor":31.0,"turns":5.0},{"damage":18.0,"enemies":"Collector","floor":33.0,"turns":9.0},{"damage":0.0,"enemies":"Orb Walker","floor":35.0,"turns":3.0},{"damage":0.0,"enemies":"3 Shapes","floor":37.0,"turns":4.0},{"damage":37.0,"enemies":"2 Orb Walkers","floor":39.0,"turns":6.0},{"damage":26,"enemies":"Giant Head","floor":40,"turns":7}],"seed_played":"-894347154157608398","potions_obtained":[{"floor":2.0,"key":"Swift Potion"},{"floor":4.0,"key":"AttackPotion"},{"floor":6.0,"key":"DistilledChaos"},{"floor":13.0,"key":"Weak Potion"},{"floor":18.0,"key":"LiquidMemories"},{"floor":29.0,"key":"BlessingOfTheForge"},{"floor":39.0,"key":"LiquidBronze"}],"is_trial":false,"path_per_floor":["M","M","$","?","M","E","M","R","T","M","?","R","E","M","R","B",null,"M","M","?","T","M","E","M","?","T","R","M","E","$","M","R","B",null,"M","?","M","?","?","E"],"character_chosen":"THE_SILENT","items_purchased":["Noxious Fumes","Backflip","Cloak And Dagger+1","CultistPotion"],"campfire_rested":2,"item_purchase_floors":[3,3,30,30],"current_hp_per_floor":[57,53,53,53,45,37,34,34,44,44,44,44,37,27,27,26,64,63,56,35,35,34,18,18,18,18,40,31,4,4,3,25,7,59,59,59,59,49,12,0,0],"gold":610,"neow_bonus":"BOSS_RELIC","is_daily":false,"chose_seed":false,"campfire_upgraded":3,"win_rate":0.0,"timestamp":1609450000,"path_taken":["M","M","?","?","M","E","?","R","T","M","?","R","E","M","R","BOSS","M","?","?","?","M","E","M","?","T","R","M","E","$","M","R","BOSS","M","?","M","?","?","E"],"items_purchased_type":["Card","Card","Card","Potion"],"build_version":"2020-12-22","purchased_purges":1,"victory":false,"max_hp_per_floor":[66,66,66,66,66,66,66,66,76,76,76,76,76,76,76,76,76,76,76,76,76,76,76,76,76,76,76,76,76,76,76,76,76,76,76,76,76,76,76,76,76],"relic_stats":{"Regal Pillow":0,"Busted Crown":32,"counters":[22,112],"Bird Faced Urn":[6],"StoneCalendar":[52],"Kunai":[29],"War Paint":["Defend_G","Defend_G"],"Cursed Key":3,"MawBank":252,"Question Card":11,"obtain_stats":[{"Regal Pillow":34,"Pear":9,"Enchiridion":20,"StoneCalendar":34,"Omamori":21,"War Paint":21,"Frozen Egg 2":34,"Cursed Key":0,"MawBank":9,"Question Card":26,"Du-Vu Doll":29,"Calling Bell":34,"Matryoshka":6,"Busted Crown":17,"Ninja Scroll":13,"Bird Faced Urn":39,"Kunai":23,"Toxic Egg 2":11,"Ring of the Snake":0},{"Regal Pillow":18,"Pear":5,"Enchiridion":11,"StoneCalendar":18,"Omamori":11,"War Paint":11,"Frozen Egg 2":18,"Cursed Key":0,"MawBank":5,"Question Card":14,"Du-Vu Doll":16,"Calling Bell":18,"Matryoshka":4,"Busted Crown":9,"Ninja Scroll":7,"Bird Faced Urn":21,"Kunai":13,"Toxic Egg 2":6,"Ring of the Snake":0},{"Regal Pillow":92,"Pear":24,"Enchiridion":51,"StoneCalendar":92,"Omamori":51,"War Paint":51,"Frozen Egg 2":92,"Cursed Key":0,"MawBank":24,"Question Card":67,"Du-Vu Doll":78,"Calling Bell":92,"Matryoshka":20,"Busted Crown":44,"Ninja Scroll":33,"Bird Faced Urn":105,"Kunai":63,"Toxic Egg 2":27,"Ring of the Snake":0}]},"card_choices":[{"not_picked":["PiercingWail","Cloak And Dagger"],"picked":"Poisoned Stab","floor":1.0},{"not_picked":["Sucker Punch","Acrobatics"],"picked":"Deadly Poison","floor":2.0},{"not_picked":["Prepared","Riddle With Holes"],"picked":"Crippling Poison","floor":5.0},{"not_picked":["Sucker Punch","Endless Agony"],"picked":"Skewer","floor":6.0},{"not_picked":["Deadly Poison","Bullet Time"],"picked":"PiercingWail","floor":7.0},{"not_picked":["Flying Knee","Bane"],"picked":"Backflip","floor":10.0},{"not_picked":["Poisoned Stab","Leg Sweep+1"],"picked":"Adrenaline+1","floor":13.0},{"not_picked":["Prepared+1","Quick Slash","Underhanded Strike"],"picked":"SKIP","floor":14.0},{"not_picked":["Phantasmal Killer+1","Wraith Form v2"],"picked":"Malaise+1","floor":16.0},{"not_picked":["Blade Dance+1"],"picked":"SKIP","floor":18.0},{"not_picked":["PiercingWail+1"],"picked":"SKIP","floor":19.0},{"not_picked":["Finisher"],"picked":"SKIP","floor":22.0},{"not_picked":["Deadly Poison+1"],"picked":"SKIP","floor":23.0},{"not_picked":["Deadly Poison+1"],"picked":"SKIP","floor":24.0},{"not_picked":["PiercingWail+1"],"picked":"Tactician+1","floor":28.0},{"not_picked":["Caltrops"],"picked":"Malaise+1","floor":29.0},{"not_picked":["Dagger Throw","Quick Slash"],"picked":"SKIP","floor":31.0},{"not_picked":["Night Terror+1"],"picked":"After Image","floor":33.0},{"not_picked":["Masterful Stab","Deflect+1"],"picked":"SKIP","floor":35.0},{"not_picked":["Deadly Poison+1","Underhanded Strike"],"picked":"SKIP","floor":37.0},{"not_picked":["Chrysalis+1"],"picked":"Finesse+1","floor":38.0},{"not_picked":["Metamorphosis+1"],"picked":"Dark Shackles+1","floor":38.0},{"not_picked":["Chrysalis+1"],"picked":"Violence+1","floor":38.0},{"not_picked":["Expertise+1"],"picked":"Outmaneuver+1","floor":39.0}],"player_experience":1181210,"relics_obtained":[{"floor":6.0,"key":"Matryoshka"},{"floor":9.0,"key":"MawBank"},{"floor":9.0,"key":"Pear"},{"floor":13.0,"key":"Ninja Scroll"},{"floor":20.0,"key":"Enchiridion"},{"floor":21.0,"key":"Omamori"},{"floor":21.0,"key":"War Paint"},{"floor":23.0,"key":"Kunai"},{"floor":26.0,"key":"Question Card"},{"floor":29.0,"key":"Du-Vu Doll"},{"floor":34.0,"key":"Regal Pillow"},{"floor":34.0,"key":"Frozen Egg 2"},{"floor":34.0,"key":"StoneCalendar"},{"floor":39.0,"key":"Bird Faced Urn"}],"event_choices":[{"damage_healed":0.0,"max_hp_gain":0.0,"max_hp_loss":0.0,"gold_gain":0.0,"event_name":"Lab","player_choice":"Got Potions","floor":4.0,"gold_loss":0.0,"damage_taken":0.0},{"cards_removed":["Backflip"],"damage_healed":0.0,"max_hp_gain":0.0,"max_hp_loss":0.0,"gold_gain":0.0,"event_name":"WeMeetAgain","player_choice":"Gave Card","floor":11.0,"gold_loss":0.0,"damage_taken":0.0,"relics_obtained":["Toxic Egg 2"]},{"damage_healed":0.0,"max_hp_gain":0.0,"max_hp_loss":0.0,"gold_gain":0.0,"event_name":"Cursed Tome","player_choice":"Obtained Book","floor":20.0,"gold_loss":0.0,"damage_taken":21.0},{"damage_healed":0.0,"max_hp_gain":0.0,"max_hp_loss":0.0,"gold_gain":0.0,"cards_transformed":["Strike_G","Defend_G"],"event_name":"Drug Dealer","player_choice":"Became Test Subject","floor":25.0,"gold_loss":0.0,"damage_taken":0.0,"cards_obtained":["Night Terror","Endless Agony"]},{"damage_healed":0.0,"max_hp_gain":0.0,"max_hp_loss":0.0,"gold_gain":0.0,"event_name":"Tomb of Lord Red Mask","player_choice":"Ignored","floor":36.0,"gold_loss":0.0,"damage_taken":0.0},{"damage_healed":0.0,"max_hp_gain":0.0,"max_hp_loss":0.0,"gold_gain":0.0,"event_name":"SensoryStone","player_choice":"Memory 3","floor":38.0,"gold_loss":0.0,"damage_taken":10.0},{"damage_healed":0.0,"max_hp_gain":0.0,"max_hp_loss":0.0,"gold_gain":0.0,"event_name":"Mysterious Sphere","player_choice":"Fight","floor":39.0,"gold_loss":0.0,"damage_taken":0.0}],"is_beta":false,"boss_relics":[{"not_picked":["Coffee Dripper","Sozu"],"picked":"Busted Crown"},{"not_picked":["WristBlade","Tiny House"],"picked":"Calling Bell"}],"items_purged_floors":[30],"is_endless":false,"potions_floor_spawned":[2,6,13,18,23,28,29,39],"killed_by":"Giant Head","ascension_level":20}}