{"host":"igj4vwc42ivwqexo","time":1609415611,"event":{"mods":["BaseMod","Better Third Choice","Koishi","Marisa????????","Minty Spire (QoL Compilation)","Shop Mod","StSLib","The Blue Laboratory","The Disciple","The Hierophant","The Servant 0.9.4"],"gold_per_floor":[114,64,64,82,94,122,122,139,165,177,191,201,221,234,234,234,234],"floor_reached":16,"playtime":1394,"items_purged":[],"score":130,"play_id":"41b7660e-968e-4405-acfb-56d21e53ebdd","local_time":"20201231125331","is_ascension_mode":true,"campfire_choices":[{"data":"Zap","floor":7,"key":"SMITH"},{"data":"Double Energy","floor":15,"key":"SMITH"}],"circlet_count":0,"master_deck":["Strike_B","Strike_B","Strike_B","Defend_B","Defend_B","Defend_B","Defend_B","Zap+1","Dualcast","Self Repair","Pain","Self Repair","Hologram","Loop","Double Energy+1","Skim","BootSequence","Auto Shields","Glacier","Capacitor"],"relics":["Cracked Core","WarpedTongs","DataDisk","Blood Vial"],"acts_visited":["Exordium"],"potions_floor_usage":[6,16,16],"damage_taken":[{"damage":0,"enemies":"2 Louse","floor":1,"turns":2},{"damage":2,"enemies":"Small Slimes","floor":4,"turns":3},{"damage":6,"enemies":"Cultist","floor":5,"turns":4},{"damage":41,"enemies":"Lagavulin","floor":6,"turns":7},{"damage":16,"enemies":"3 Louse","floor":8,"turns":4},{"damage":13,"enemies":"Exordium Thugs","floor":10,"turns":4},{"damage":13,"enemies":"Exordium Wildlife","floor":11,"turns":3},{"damage":8,"enemies":"Blue Slaver","floor":12,"turns":3},{"damage":5,"enemies":"Looter","floor":13,"turns":3},{"damage":3,"enemies":"2 Fungi Beasts","floor":14,"turns":5},{"damage":83,"enemies":"The Guardian","floor":16,"turns":18}],"seed_played":"9007905144568303825","potions_obtained":[{"floor":5,"key":"DuplicationPotion"},{"floor":10,"key":"blueLaboratory:HorrorPotion"},{"floor":12,"key":"blueLaboratory:BiasPotion"},{"floor":13,"key":"blueLaboratory:PyrophylliteBrew"}],"is_trial":false,"path_per_floor":["M","?","?","M","M","E","R","M","T","M","M","M","M","M","R","B"],"character_chosen":"DEFECT","items_purchased":[],"campfire_rested":0,"item_purchase_floors":[],"current_hp_per_floor":[82,82,82,82,82,55,55,49,49,52,58,66,63,79,79,0,0],"gold":234,"neow_bonus":"TEN_PERCENT_HP_BONUS","is_daily":false,"chose_seed":false,"campfire_upgraded":2,"win_rate":0.0,"timestamp":1609415611,"path_taken":["M","?","?","M","M","E","R","M","T","M","M","M","?","M","R","BOSS"],"items_purchased_type":[],"build_version":"2020-12-22","purchased_purges":0,"victory":false,"max_hp_per_floor":[82,82,82,82,82,82,82,82,82,82,82,82,82,82,82,82,82],"card_choices":[{"not_picked":["Conserve Battery","White Noise"],"picked":"Self Repair","floor":1},{"not_picked":["Streamline","Steam"],"picked":"Self Repair","floor":4},{"not_picked":["Gash","Leap"],"picked":"Hologram","floor":5},{"not_picked":["Darkness","Meteor Strike"],"picked":"Loop","floor":6},{"not_picked":["Hello World","Steam"],"picked":"Double Energy","floor":8},{"not_picked":["Scrape","Gash"],"picked":"Skim","floor":10},{"not_picked":["Streamline","Compile Driver"],"picked":"BootSequence","floor":11},{"not_picked":["Doom and Gloom","Rebound"],"picked":"Auto Shields","floor":12},{"not_picked":["Sweeping Beam","Melter"],"picked":"Glacier","floor":13},{"not_picked":["Reinforced Body","Ball Lightning"],"picked":"Capacitor","floor":14}],"player_experience":265951,"relics_obtained":[{"floor":6,"key":"DataDisk"},{"floor":9,"key":"Blood Vial"}],"event_choices":[{"cards_removed":["Strike_B"],"damage_healed":0,"gold_gain":0,"player_choice":"Card Removal","damage_taken":0,"max_hp_gain":0,"max_hp_loss":0,"event_name":"The Cleric","floor":2,"gold_loss":50},{"damage_healed":0,"gold_gain":0,"player_choice":"Rummage","damage_taken":0,"relics_obtained":["WarpedTongs"],"max_hp_gain":0,"max_hp_loss":0,"event_name":"Accursed Blacksmith","floor":3,"gold_loss":0,"cards_obtained":["Pain"]}],"is_beta":false,"boss_relics":[],"items_purged_floors":[],"is_endless":false,"potions_floor_spawned":[5,10,12,13],"killed_by":"The Guardian","ascension_level":4}}