{"host":"ixqzyafodex1tsi5","time":1609433544,"event":{"mods":["ATMod(°¢èªMod)","AchievementEnabler","Act Like it!","BaseMod","Gensokyo","GifTheSpireLib","Lobotomy","LobotomyExtend","Minty Spire (QoL Compilation)","Relic Stats","Replay The Spire","RumiaBox-Â¶Ã×æ«µÄÉñÃØºÐ×Ó","Spicy Shops","StSLib","The Cursed","[IsaacMod]ÒÔÈö¼âËþ","¡¾¹¦ÄÜMod¡¿»ìãçÖ®»·ÐÞ¸´²¹¶¡","¡¾ÒÅÎï¿¨ÅÆ¡¿REMEMod"],"gold_per_floor":[116,41,41,58,74,74,106,156,156,283,99,156,229,49,49,150,200,100,50,50,64,64,89,89,109,180,192,192,221,148,73,73,170,170,185,199,199,199,199,199,18,29,56,56,84,84,16,36,36,36,36],"floor_reached":50,"playtime":2840,"items_purged":["TheCursedMod:ParallelWorld","TheCursedMod:CircleOfFlame","AT_FamilyPortrait","LongBird","Voices"],"score":961,"play_id":"d50efa5e-ee2a-4555-8e04-fba0dbdf3b0f","local_time":"20210101005224","is_ascension_mode":true,"campfire_choices":[{"data":"AT_EssenceShift","floor":6.0,"key":"SMITH"},{"floor":15.0,"key":"REST"},{"data":"TheCursedMod:NeowsMight","floor":24.0,"key":"SMITH"},{"data":"TheCursedMod:Mangle","floor":32.0,"key":"SMITH"},{"data":"TheCursedMod:Mangle","floor":40.0,"key":"SMITH"}],"circlet_count":0,"master_deck":["TheCursedMod:Stigma+1","TheCursedMod:Mangle+1","TheCursedMod:Mangle","TheCursedMod:Mangle+1","TheCursedMod:AshesToAshes+1","TheCursedMod:NeowsMight+1","Flash of Steel+1","AT_EssenceShift+1","MHz","Madness","Madness","TheCursedMod:Mangle+1","Woodsman","TheCursedMod:Mangle+1","BlueStar","Madness","Madness","Madness","Madness","Madness","Madness","Madness","Madness","TheCursedMod:SurpriseAttack+1","Impatience"],"relics":["TheCursedMod:Tack","REME_ComplimentaryCards","HushsDoor","AT_ATBox","DeadEye","CogitoBucket","RabbitCall","LetterFromLob","Gensokyo:Mercy","GodSword7","UnicornStump","Gremlin Food","Bag of Marbles","Replay:Wax Seal","AT_ArchangelStaff","AT_SpeedBoots","NineVolt","SkinProphecy","SumBook","Tiny House","Gaze_r","MagicBullet_r","Whetstone","Justitia_r","BackwardClock","Matryoshka","Gensokyo:MosesMiracle","War Paint","Torii","REME_DuelDisc","Orrery","Omamori","Lantern","HandDrill","GuppysPaw","MagicDraw1","ReplayTheSpireMod:Ring of Exchange","Counterbalance","Replay:Baseball","AT_RedTearstoneRing","GodSword4","LastBattle"],"acts_visited":["Gensokyo:Gensokyo","Gensokyo:Gensokyoer","Gensokyo:Gensokyoest"],"potions_floor_usage":[50,50,50,50,50],"damage_taken":[{"damage":0.0,"enemies":"Gensokyo:Python","floor":1.0,"turns":1.0},{"damage":0.0,"enemies":"Gensokyo:Gryphon","floor":4.0,"turns":1.0},{"damage":0.0,"enemies":"Gensokyo:2_Kodama","floor":5.0,"turns":1.0},{"damage":0.0,"enemies":"Gensokyo:Aya","floor":7.0,"turns":1.0},{"damage":0.0,"enemies":"Hiden Room Battle","floor":8.0,"turns":1.0},{"damage":7.0,"enemies":"Gensokyo:Gryphon_and_Rabbit","floor":11.0,"turns":2.0},{"damage":0.0,"enemies":"Gensokyo:Python_and_Kodama","floor":14.0,"turns":2.0},{"damage":0.0,"enemies":"Gensokyo:Yukari","floor":16.0,"turns":1.0},{"damage":0.0,"enemies":"Gensokyo:CosmicMonolith","floor":18.0,"turns":1.0},{"damage":3.0,"enemies":"Gensokyo:CosmicMonolith","floor":21.0,"turns":1.0},{"damage":16.0,"enemies":"Gensokyo:Koishi","floor":23.0,"turns":1.0},{"damage":9.0,"enemies":"Gensokyo:AngelMirror","floor":25.0,"turns":1.0},{"damage":27.0,"enemies":"Gensokyo:Wraith","floor":27.0,"turns":2.0},{"damage":4.0,"enemies":"Gensokyo:Reisen","floor":29.0,"turns":1.0},{"damage":12.0,"enemies":"Gensokyo:Koishi","floor":30.0,"turns":2.0},{"damage":4.0,"enemies":"Gensokyo:Eiki","floor":33.0,"turns":2.0},{"damage":116.0,"enemies":"Gensokyo:AncientGuardian","floor":35.0,"turns":1.0},{"damage":1.0,"enemies":"Gensokyo:3_Bats","floor":36.0,"turns":1.0},{"damage":11.0,"enemies":"Gensokyo:3_Boulders","floor":42.0,"turns":1.0},{"damage":0.0,"enemies":"Gensokyo:Marisa","floor":45.0,"turns":2.0},{"damage":8.0,"enemies":"Gensokyo:AtlasGolem","floor":48.0,"turns":2.0},{"damage":76,"enemies":"Gensokyo:Yuyuko","floor":50,"turns":3}],"seed_played":"-6169501886792169636","potions_obtained":[{"floor":5.0,"key":"Adrenaline Potion"},{"floor":12.0,"key":"Languid Potion"},{"floor":14.0,"key":"AttackPotion"},{"floor":16.0,"key":"Strength Potion"},{"floor":23.0,"key":"SpeedPotion"},{"floor":35.0,"key":"EntropicBrew"}],"is_trial":false,"path_per_floor":["M","$","?","M","M","R","E","?","T","$","M","?","?","M","R","B",null,"M","?","?","M","?","E","R","M","T","M","?","E","E","COS","R","B",null,"M","M","?","?","?","R","$","M","T","?","E","T","$","M","R","B"],"character_chosen":"THE_CURSED","items_purchased":["Replay:Wax Seal","AT_ArchangelStaff","AT_SpeedBoots","NineVolt","Orrery","Omamori","Lantern","HandDrill","GodSword4","LastBattle"],"campfire_rested":1,"item_purchase_floors":[10,10,10,10,41,41,41,41,47,47],"current_hp_per_floor":[75,75,75,75,75,75,75,60,60,60,53,35,20,16,39,35,84,86,93,93,92,92,84,84,97,97,72,72,88,84,84,84,94,109,27,46,46,46,46,46,46,61,61,61,69,69,69,63,63,0,0],"gold":36,"neow_bonus":"","is_daily":false,"chose_seed":false,"campfire_upgraded":4,"win_rate":0.0,"timestamp":1609433544,"path_taken":["M","?","?","M","M","R","E","?","T","$","?","?","?","M","R","BOSS","M","?","?","M","?","E","R","M","T","M","?","E","E","COS","R","BOSS","M","M","?","?","?","R","$","M","T","?","E","?","?","M","R","BOSS"],"items_purchased_type":["Relic","Relic","Relic","Relic","Relic","Relic","Card","Relic","Relic","Relic"],"build_version":"2020-12-22","purchased_purges":5,"victory":false,"max_hp_per_floor":[75,75,75,75,75,75,75,75,75,75,75,75,75,77,77,79,84,86,93,93,95,95,97,97,101,101,103,103,105,107,107,107,109,109,113,115,115,115,115,115,115,117,117,117,119,119,119,121,121,40,40],"relic_stats":{"Torii":7,"counters":[25,34],"HandDrill":[6],"Whetstone":["TheCursedMod:Stigma","TheCursedMod:Mangle"],"War Paint":[],"obtain_stats":[{"RabbitCall":0,"ReplayTheSpireMod:Ring of Exchange":44,"UnicornStump":8,"Lantern":41,"AT_ATBox":0,"Tiny House":17,"NineVolt":10,"Torii":30,"GuppysPaw":42,"TheCursedMod:Tack":0,"REME_DuelDisc":34,"DeadEye":0,"Whetstone":23,"SkinProphecy":11,"AT_ArchangelStaff":10,"MagicDraw1":43,"Frozen Eye":23,"CogitoBucket":0,"Matryoshka":26,"HandDrill":41,"Replay:Wax Seal":10,"SumBook":12,"KeepersGift":0,"Gremlin Food":8,"BackwardClock":25,"AT_RedTearstoneRing":46,"MagicBullet_r":18,"Counterbalance":45,"Gensokyo:MosesMiracle":33,"Omamori":41,"War Paint":29,"LastBattle":47,"Gaze_r":18,"AT_SpeedBoots":10,"Replay:Baseball":46,"Gensokyo:Mercy":3,"Gensokyo:DayTheSeaSplit":28,"Orrery":41,"GodSword7":7,"LetterFromLob":1,"Bag of Marbles":9,"GodSword4":47,"HushsDoor":0,"Justitia_r":25,"REME_ComplimentaryCards":0},{"RabbitCall":0,"ReplayTheSpireMod:Ring of Exchange":22,"UnicornStump":5,"Lantern":21,"AT_ATBox":0,"Tiny House":9,"NineVolt":5,"Torii":17,"GuppysPaw":22,"TheCursedMod:Tack":0,"REME_DuelDisc":18,"DeadEye":0,"Whetstone":12,"SkinProphecy":7,"AT_ArchangelStaff":5,"MagicDraw1":22,"Frozen Eye":11,"CogitoBucket":0,"Matryoshka":14,"HandDrill":21,"Replay:Wax Seal":5,"SumBook":7,"KeepersGift":0,"Gremlin Food":5,"BackwardClock":14,"AT_RedTearstoneRing":23,"MagicBullet_r":10,"Counterbalance":23,"Gensokyo:MosesMiracle":18,"Omamori":21,"War Paint":16,"LastBattle":23,"Gaze_r":10,"AT_SpeedBoots":5,"Replay:Baseball":23,"Gensokyo:Mercy":1,"Gensokyo:DayTheSeaSplit":15,"Orrery":21,"GodSword7":4,"LetterFromLob":1,"Bag of Marbles":5,"GodSword4":23,"HushsDoor":0,"Justitia_r":14,"REME_ComplimentaryCards":0},{"RabbitCall":0,"ReplayTheSpireMod:Ring of Exchange":27,"UnicornStump":5,"Lantern":26,"AT_ATBox":0,"Tiny House":11,"NineVolt":5,"Torii":21,"GuppysPaw":27,"TheCursedMod:Tack":0,"REME_DuelDisc":23,"DeadEye":0,"Whetstone":14,"SkinProphecy":8,"AT_ArchangelStaff":5,"MagicDraw1":27,"Frozen Eye":13,"CogitoBucket":0,"Matryoshka":16,"HandDrill":26,"Replay:Wax Seal":5,"SumBook":8,"KeepersGift":0,"Gremlin Food":5,"BackwardClock":16,"AT_RedTearstoneRing":29,"MagicBullet_r":12,"Counterbalance":29,"Gensokyo:MosesMiracle":23,"Omamori":26,"War Paint":19,"LastBattle":29,"Gaze_r":12,"AT_SpeedBoots":5,"Replay:Baseball":29,"Gensokyo:Mercy":1,"Gensokyo:DayTheSeaSplit":18,"Orrery":26,"GodSword7":4,"LetterFromLob":1,"Bag of Marbles":5,"GodSword4":29,"HushsDoor":0,"Justitia_r":16,"REME_ComplimentaryCards":0}]},"card_choices":[{"not_picked":["SingingMachine","VoidDream"],"picked":"MHz","floor":1.0},{"not_picked":["TheCursedMod:CircleOfFocus","TheCursedMod:RapidMovement","TheCursedMod:CursedShiv"],"picked":"SKIP","floor":1.0},{"not_picked":["WallGazer","UniverseFragment","MeatLantern"],"picked":"Singing Bowl","floor":4.0},{"not_picked":["TheCursedMod:DemonicPact","TheCursedMod:Stigma","TheCursedMod:RavingStaff"],"picked":"SKIP","floor":4.0},{"not_picked":["BlackSwan","Bloodbath","Wellcheers"],"picked":"Singing Bowl","floor":5.0},{"not_picked":["TheCursedMod:CursedBlade","TheCursedMod:StunningStrike","TheCursedMod:AshesToAshes"],"picked":"SKIP","floor":5.0},{"not_picked":["Alriune","CherryBlossoms","QueenBee"],"picked":"Singing Bowl","floor":7.0},{"not_picked":["TheCursedMod:SpitefulPlan","TheCursedMod:DoubleShield","TheCursedMod:CursedMace"],"picked":"SKIP","floor":7.0},{"not_picked":["CherryBlossoms","UniverseFragment","Wellcheers"],"picked":"Singing Bowl","floor":8.0},{"not_picked":["PunishingBird","DespairKnight","CrumblingArmor"],"picked":"Singing Bowl","floor":11.0},{"not_picked":["TheCursedMod:CursedBlade","TheCursedMod:SoulReap","TheCursedMod:SpitefulPlan"],"picked":"SKIP","floor":11.0},{"not_picked":["TheCursedMod:CursedAmulet","TheCursedMod:CircleOfFlame"],"picked":"TheCursedMod:Mangle","floor":12.0},{"not_picked":["UniverseFragment","CrumblingArmor","SpiderBud"],"picked":"Singing Bowl","floor":14.0},{"not_picked":["Rudolta","Bloodbath"],"picked":"QueenOfHatred","floor":14.0},{"not_picked":["TheCursedMod:SmokeScreen","TheCursedMod:HellsGateOpen","TheCursedMod:RapidMovement"],"picked":"SKIP","floor":14.0},{"not_picked":["NakedNest","FairyFestival","Scorched"],"picked":"Singing Bowl","floor":16.0},{"not_picked":["LittlePrince","SnowQueen"],"picked":"Woodsman","floor":16.0},{"not_picked":["CherryBlossoms","MeatLantern","OSAHOGD"],"picked":"Singing Bowl","floor":21.0},{"not_picked":["TheCursedMod:CircleOfCorruption","TheCursedMod:SaltUponWound","TheCursedMod:TacticalStrike"],"picked":"SKIP","floor":21.0},{"not_picked":["Porccubus","DreamingCurrent"],"picked":"LongBird","floor":23.0},{"not_picked":["TheCursedMod:WearCloak","TheCursedMod:CursedAmulet","TheCursedMod:PrepareRite"],"picked":"SKIP","floor":23.0},{"not_picked":["PunishingBird","GreedKing","BlackSwan"],"picked":"Singing Bowl","floor":25.0},{"not_picked":["TheCursedMod:CursedShiv","TheCursedMod:CircleOfFocus","TheCursedMod:DoubleShield"],"picked":"SKIP","floor":25.0},{"not_picked":["FairyFestival","HeroicMonk","VoidDream"],"picked":"Singing Bowl","floor":27.0},{"not_picked":["TheCursedMod:CursedStaff+1","TheCursedMod:SmokeScreen+1","TheCursedMod:ReleasedStrength"],"picked":"SKIP","floor":27.0},{"not_picked":["CherryBlossoms","DespairKnight","SilentOrchestra"],"picked":"Singing Bowl","floor":29.0},{"not_picked":["TheCursedMod:ParallelWorld","TheCursedMod:CursedBlade","TheCursedMod:AbyssShockwave"],"picked":"SKIP","floor":29.0},{"not_picked":["Laetitia","PunishingBird","CENSORED"],"picked":"Singing Bowl","floor":30.0},{"not_picked":["TheCursedMod:DoubleShield","TheCursedMod:VitalStrike+1"],"picked":"TheCursedMod:Mangle","floor":30.0},{"not_picked":["WallGazer","MeltingLove","OldLady"],"picked":"Singing Bowl","floor":33.0},{"not_picked":["QueenBee","NakedNest","UniverseFragment"],"picked":"Singing Bowl","floor":35.0},{"not_picked":["TheCursedMod:CircleOfFlame+1","TheCursedMod:SoulReap+1","TheCursedMod:RapidMovement+1"],"picked":"SKIP","floor":35.0},{"not_picked":["WallGazer","LaLuna","HeroicMonk"],"picked":"Singing Bowl","floor":36.0},{"not_picked":["SnowQueen","WhitesApple"],"picked":"BlueStar","floor":36.0},{"not_picked":["TheCursedMod:CursedAmulet+1","TheCursedMod:ManaCirculation","TheCursedMod:Evocation+1"],"picked":"SKIP","floor":36.0},{"not_picked":["PunishingBird","LaLuna","CherryBlossoms"],"picked":"Singing Bowl","floor":42.0},{"not_picked":["TheCursedMod:FuryStrike+1","TheCursedMod:ManaBullet","TheCursedMod:VitalStrike+1"],"picked":"SKIP","floor":42.0},{"not_picked":["SingingMachine","Rudolta","Yin"],"picked":"Singing Bowl","floor":45.0},{"not_picked":["TheCursedMod:CursedSpellbook+1","TheCursedMod:DarkBarrier","TheCursedMod:SoulCrush+1"],"picked":"SKIP","floor":45.0},{"not_picked":["WhiteNight","Bloodbath","BigBadWolf"],"picked":"Singing Bowl","floor":48.0},{"not_picked":["TheCursedMod:CursedBoomerang","TheCursedMod:CursedArmor"],"picked":"TheCursedMod:SurpriseAttack+1","floor":48.0}],"player_experience":167508,"relics_obtained":[{"floor":1.0,"key":"LetterFromLob"},{"floor":7.0,"key":"GodSword7"},{"floor":8.0,"key":"UnicornStump"},{"floor":8.0,"key":"Gremlin Food"},{"floor":9.0,"key":"Bag of Marbles"},{"floor":12.0,"key":"SumBook"},{"floor":23.0,"key":"Whetstone"},{"floor":26.0,"key":"Matryoshka"},{"floor":29.0,"key":"War Paint"},{"floor":30.0,"key":"Torii"},{"floor":33.0,"key":"Gensokyo:MosesMiracle"},{"floor":43.0,"key":"MagicDraw1"},{"floor":44.0,"key":"ReplayTheSpireMod:Ring of Exchange"},{"floor":45.0,"key":"Counterbalance"},{"floor":46.0,"key":"Replay:Baseball"},{"floor":46.0,"key":"AT_RedTearstoneRing"}],"event_choices":[{"damage_healed":0.0,"max_hp_gain":0.0,"max_hp_loss":0.0,"gold_gain":0.0,"event_name":"HidenRoomEvent","player_choice":"Fight","floor":8.0,"gold_loss":0.0,"damage_taken":0.0}],"is_beta":false,"boss_relics":[{"not_picked":["ChewingGum","Astrolabe"],"picked":"Tiny House"},{"not_picked":[]},{"not_picked":["Philosopher\u0027s Stone","MagicMushroom"],"picked":"REME_DuelDisc"},{"not_picked":[]}],"items_purged_floors":[2,10,10,41,47],"is_endless":false,"potions_floor_spawned":[4,5,14,16,18,23,33,35,45],"killed_by":"Gensokyo:Yuyuko","ascension_level":2}}