{"host":"hxb85ejwp6zvj2g7","time":1609387514,"event":{"mods":["BaseMod","BetterRewards","Colored Map","Friendly Minions","Kiyohime（清姬）","Marisa（F雨　魔理沙）","Minty Spire (QoL Compilation)","READ ME - Guardian Mod","READ ME - Snecko Mod","Remilia（蕾米莉亚）","StSLib","The Administrix","The Construct","The Cursed","The Disciple","The Mystic","The Necromancer","The Servant 0.9.4"],"gold_per_floor":[112,127,137,137,126,126,159,159,159,159,173,184,259,288,288,393,393,393,393,393,393,242,242,242,242],"floor_reached":24,"playtime":2894,"items_purged":[],"score":228,"play_id":"331a3996-58ca-4a98-ac13-3d1dc3a4f273","local_time":"20201231120514","is_ascension_mode":false,"campfire_choices":[{"data":"ReapSow","floor":6,"key":"SMITH"},{"floor":8,"key":"REST"},{"data":"SecondHand","floor":10,"key":"SMITH"},{"floor":15,"key":"REST"}],"circlet_count":0,"master_deck":["Strike_Br","Strike_Br","Strike_Br","Strike_Br","Defend_Br","Defend_Br","Defend_Br","Defend_Br","SecondHand+1","PatternShift","LockedScales","ReapSow+26","LockedBlood+1","LockedAnchor+1","LockedWhetstone+1","Stagnate","LockedBlood+1","MasterKey","LockedUrn+1","LockedMercury+1","Purity","Impatience","Purity","Trip","Dark Shackles","LockedMedicine+1","LockedAnchor+1","LockedScales+1"],"relics":["Chronometer","Frozen Egg 2","InkBottle","Gremlin Horn","Shuriken","Orichalcum","Ectoplasm","MealTicket"],"acts_visited":["Exordium","TheCity"],"potions_floor_usage":[7,12,14,19,23,24],"damage_taken":[{"damage":2,"enemies":"Cultist","floor":1,"turns":5},{"damage":0,"enemies":"2 Louse","floor":2,"turns":3},{"damage":3,"enemies":"Jaw Worm","floor":3,"turns":4},{"damage":8,"enemies":"Exordium Thugs","floor":5,"turns":6},{"damage":39,"enemies":"Lagavulin","floor":7,"turns":14},{"damage":0,"enemies":"Red Slaver","floor":11,"turns":4},{"damage":0,"enemies":"3 Louse","floor":12,"turns":1},{"damage":40,"enemies":"Gremlin Nob","floor":14,"turns":5},{"damage":24,"enemies":"Slime Boss","floor":16,"turns":15},{"damage":0,"enemies":"3 Byrds","floor":18,"turns":3},{"damage":15,"enemies":"Shell Parasite","floor":19,"turns":7},{"damage":35,"enemies":"Sentry and Sphere","floor":21,"turns":7},{"damage":55,"enemies":"Book of Stabbing","floor":23,"turns":8},{"damage":42,"enemies":"Centurion and Healer","floor":24,"turns":13}],"seed_played":"-7995847430153802179","potions_obtained":[{"floor":5,"key":"Dexterity Potion"},{"floor":7,"key":"BlessingOfTheForge"},{"floor":11,"key":"DuplicationPotion"},{"floor":16,"key":"Explosive Potion"},{"floor":19,"key":"Fruit Juice"},{"floor":21,"key":"HastePotion"}],"is_trial":false,"path_per_floor":["M","M","M","?","M","R","E","R","T","R","M","M","T","E","R","B",null,"M","M","?","M","$","E","M"],"character_chosen":"CHRONO_CLASS","items_purchased":["FairyPotion","LockedAnchor+1"],"campfire_rested":2,"item_purchase_floors":[22,22],"current_hp_per_floor":[69,69,66,66,58,58,28,49,49,49,55,55,55,24,45,39,71,71,71,25,8,8,16,0,0],"gold":242,"neow_bonus":"TEN_PERCENT_HP_BONUS","is_daily":false,"chose_seed":false,"campfire_upgraded":2,"win_rate":0.0,"timestamp":1609387514,"path_taken":["M","?","M","?","M","R","E","R","T","R","M","?","?","E","R","BOSS","M","M","?","M","$","E","?"],"items_purchased_type":["Potion","Card"],"build_version":"2020-12-22","purchased_purges":0,"victory":false,"max_hp_per_floor":[71,71,71,71,71,71,71,71,71,71,71,71,71,71,71,71,71,71,76,76,76,76,76,76,76],"card_choices":[{"not_picked":["ReapSow","LockedMedicine"],"picked":"LockedScales","floor":1},{"not_picked":["BiteCommand","LockedThread"],"picked":"ReapSow","floor":2},{"not_picked":["HandsUpC","LockedScales"],"picked":"Engulf","floor":3},{"not_picked":["LockedFlame+1","Parity"],"picked":"LockedBlood+1","floor":5},{"not_picked":["Echoward","LockedMedicine+1"],"picked":"LockedAnchor+1","floor":7},{"not_picked":["BlueShift","EscortCommand"],"picked":"LockedWhetstone+1","floor":11},{"not_picked":["ExoVibe","LockedScales+1"],"picked":"Stagnate","floor":12},{"not_picked":["LockedAnchor+1","Cuckoo"],"picked":"LockedBlood+1","floor":14},{"not_picked":["Pendulum","OverTime"],"picked":"MasterKey","floor":16},{"not_picked":["Engulf","LockedBlood+1"],"picked":"LockedUrn+1","floor":18},{"not_picked":["ReapSow+1","PrimeTime"],"picked":"LockedMercury+1","floor":19},{"not_picked":["Cuckoo","Echoward+1"],"picked":"LockedMedicine+1","floor":21},{"not_picked":["TiringSlam","Parity"],"picked":"LockedScales+1","floor":23}],"player_experience":92620,"relics_obtained":[{"floor":7,"key":"InkBottle"},{"floor":9,"key":"Gremlin Horn"},{"floor":13,"key":"Shuriken"},{"floor":14,"key":"Orichalcum"},{"floor":23,"key":"MealTicket"}],"event_choices":[{"cards_removed":["Engulf"],"damage_healed":0,"gold_gain":0,"player_choice":"Gave Card","damage_taken":0,"relics_obtained":["Frozen Egg 2"],"max_hp_gain":0,"max_hp_loss":0,"event_name":"WeMeetAgain","floor":4,"gold_loss":0},{"damage_healed":0,"gold_gain":0,"player_choice":"CARD CARD CARD CARD CARD ","damage_taken":46,"max_hp_gain":0,"max_hp_loss":0,"event_name":"Knowing Skull","floor":20,"potions_obtained":[],"gold_loss":0,"cards_obtained":["Purity","Impatience","Purity","Trip","Dark Shackles"]}],"is_beta":false,"boss_relics":[{"not_picked":["Velvet Choker","Busted Crown"],"picked":"Ectoplasm"}],"items_purged_floors":[],"is_endless":false,"potions_floor_spawned":[5,7,11,16,19,21],"killed_by":"Centurion and Healer","ascension_level":0}}