{"host":"h1l2j95f0ioyx0nx","time":1609418570,"event":{"mods":["AchievementEnabler","Arknights The Spire","Ascension Reborn","BaseMod","BetterRewards","Gold Saver","GungeonMod","Hermit","Lobotomy","Minty Spire (QoL Compilation)","Permanent Neow","Quick Restart","Shop Mod","Spicy Shops","StSLib","The Bug Knight","The Cursed","The Dragon Tamer","The Hierophant","The Jungle","The Poker Player","The Runesmith"],"gold_per_floor":[1455,1665,1665,428,511,572,572,42,103,103,122,151,203,52,52,197,197,213,213,41,41,41,90,90,124,124,124,176,212,229,260,301,301,301,456,456,517,12,52,52,101,101,189,189,220,103,103,103,170,47,47,47,47,47,16,82,82],"floor_reached":58,"playtime":4250,"items_purged":["Doubt"],"score":1362,"play_id":"6c72c539-5c25-4774-b6aa-95947048964e","local_time":"20201231214250","is_ascension_mode":true,"campfire_choices":[{"floor":7,"key":"RECALL"},{"data":"DemoMod:FullFirepower","floor":10,"key":"SMITH"},{"floor":15,"key":"REST"},{"floor":24,"key":"DIG"},{"floor":27,"key":"DIG"},{"floor":33,"key":"DIG"},{"floor":42,"key":"DIG"},{"floor":44,"key":"DIG"},{"floor":48,"key":"DIG"},{"floor":51,"key":"DIG"},{"floor":54,"key":"DIG"}],"circlet_count":0,"master_deck":["DemoMod:Strike_Huntress+1","DemoMod:Strike_Huntress+1","DemoMod:Strike_Huntress+1","DemoMod:Defend_Huntress+1","DemoMod:Defend_Huntress+1","DemoMod:Defend_Huntress+1","DemoMod:Defend_Huntress+1","DemoMod:Roll+1","DemoMod:ManualReload+1","DemoMod:RustySidearm+1","DemoMod:CrossBow+1","DemoMod:HuntsMan","DemoMod:ProbeStrike+1","DemoMod:FullFirepower+1","DemoMod:SniperShot","DemoMod:GunstockTap+1","DemoMod:BlankBullets","DemoMod:FullFirepower","DemoMod:AWP+1","DemoMod:ZorGun+1","DemoMod:ProbeStrike+1","DemoMod:PotionOfGunFriendShip","DemoMod:DarkMarker+1","DemoMod:LifeOrb+1","DemoMod:TableSutra","DemoMod:FinishedGun+1","DemoMod:BattleInHaste","DemoMod:StickyCrossBow+1","DemoMod:TripleGun+1","DemoMod:HungryBullets+1","DemoMod:Camera+1","DemoMod:Elimentaler+1","DemoMod:SuppressiveFire","DemoMod:DoubleVision","DemoMod:FastSwitch+1","DemoMod:MachoBrace+1","Jack Of All Trades","DemoMod:PracticeMakesPerfect","DemoMod:ConditionalReflex+1"],"relics":["DemoMod:Dog","Golden Idol","MerchantsRug","DemoMod:BigBoy","Molten Egg 2","Meat on the Bone","ats:Originium","Vajra","Lizard Tail","DollysMirror","Runesmith:AutoHammer","Letter Opener","Gremlin Horn","DemoMod:Plus1Bullets","DemoMod:Orange","Busted Crown","Strawberry","Shovel","Torii","DemoMod:NanoMachines","theJungle:SneckoAutograph","DemoMod:ClearGuonStone","Blood Vial","DemoMod:DecoyRelic","DemoMod:RedGuonStone","DemoMod:RatBoots","DemoMod:HoleyGrail","Gambling Chip","DemoMod:CrisisStone","DemoMod:ResourcefulSack","DemoMod:PartiallyEatenCheese","DemoMod:Wolf","Fusion Hammer","DemoMod:GlassGuonStoneRelic","DemoMod:ChaffGrenade","Boot","Bottled Flame","Mercury Hourglass","Spirit Poop","DemoMod:AgedBell","Juzu Bracelet","DemoMod:SilverBullets","DemoMod:GreenGuonStone","Smiling Mask","Orichalcum","Eternal Feather","Membership Card","Shuriken","DemoMod:OrangeGuonStone","DemoMod:BlueGuonStone","Nunchaku"],"acts_visited":["Exordium","Exordium","theJungle:Jungle","TheBeyond","TheEnding"],"potions_floor_usage":[16,16,16,57],"damage_taken":[{"damage":0,"enemies":"Small Slimes","floor":1,"turns":1},{"damage":0,"enemies":"Lagavulin","floor":6,"turns":2},{"damage":8,"enemies":"Jaw Worm","floor":11,"turns":2},{"damage":0,"enemies":"Cultist","floor":12,"turns":1},{"damage":0,"enemies":"Gremlin Nob","floor":13,"turns":2},{"damage":0,"enemies":"The Guardian","floor":16,"turns":4},{"damage":0,"enemies":"theJungle:Flameango_and_Byrd","floor":18,"turns":2},{"damage":0,"enemies":"theJungle:2_Phrogs","floor":23,"turns":3},{"damage":0,"enemies":"theJungle:GiantWrat","floor":25,"turns":3},{"damage":0,"enemies":"DemoMod:Red_and_blue_shotgun_kin","floor":28,"turns":1},{"damage":0,"enemies":"DemoMod:4_Bullet_Kins_with_one_veteran","floor":29,"turns":1},{"damage":8,"enemies":"DemoMod:Veteran_shot_gun_kin_and_blue_shotgun_kin_with_gunsinger","floor":30,"turns":1},{"damage":0,"enemies":"DemoMod:2_Mousers","floor":31,"turns":1},{"damage":13,"enemies":"DemoMod:Veteran_shot_gun_kin_and_blue_shotgun_kin","floor":32,"turns":1},{"damage":26,"enemies":"DemoMod:ResourcefulRat","floor":35,"turns":9},{"damage":0,"enemies":"3 Darklings","floor":37,"turns":1},{"damage":0,"enemies":"Orb Walker","floor":39,"turns":1},{"damage":0,"enemies":"3 Darklings","floor":41,"turns":2},{"damage":0,"enemies":"Reptomancer","floor":43,"turns":3},{"damage":3,"enemies":"4 Shapes","floor":49,"turns":2},{"damage":0,"enemies":"Awakened One","floor":52,"turns":2},{"damage":0,"enemies":"Shield and Spear","floor":56,"turns":2},{"damage":12,"enemies":"The Heart","floor":57,"turns":3}],"seed_played":"-4543697349872137472","potions_obtained":[{"floor":1,"key":"FearPotion"},{"floor":1,"key":"Energy Potion"},{"floor":6,"key":"Regen Potion"},{"floor":11,"key":"Dexterity Potion"},{"floor":11,"key":"EssenceOfSteel"},{"floor":13,"key":"Energy Potion"},{"floor":18,"key":"AttackPotion"},{"floor":22,"key":"LiquidMemories"},{"floor":22,"key":"Explosive Potion"},{"floor":25,"key":"Energy Potion"},{"floor":39,"key":"DistilledChaos"},{"floor":41,"key":"DemoMod:LeadSkinPotion"},{"floor":56,"key":"Block Potion"}],"is_trial":false,"path_per_floor":["M","?","?","$","?","E","R","$","T","R","M","M","E","$","R","B",null,"M","?","$","?","?","E","R","M","T","R","M","M","M","M","M","R","B","B",null,"M","$","M","?","M","R","E","R","T","?","?","R","M","$","R","B",null,"R","$","E","B",null],"character_chosen":"HUNTRESS","items_purchased":["MerchantsRug","DemoMod:GnawedKey","DemoMod:BigBoy","Molten Egg 2","DemoMod:ProbeStrike+1","DemoMod:FullFirepower","Meat on the Bone","EntropicBrew","Lizard Tail","DemoMod:BlankBullets","DollysMirror","DemoMod:AWP+1","DemoMod:Plus1Bullets","DemoMod:TableSutra","Torii","DemoMod:WeirdEgg","Boot","Bottled Flame","Mercury Hourglass","DemoMod:DoubleVision","Membership Card","Jack Of All Trades","DemoMod:PracticeMakesPerfect"],"campfire_rested":1,"item_purchase_floors":[4,4,4,4,4,4,4,4,8,8,8,8,14,14,20,20,38,38,38,38,50,50,55],"current_hp_per_floor":[76,76,54,54,54,54,54,54,54,54,46,46,46,46,84,110,110,117,79,79,79,79,79,79,82,117,117,117,117,109,112,102,102,95,82,124,124,124,124,124,124,124,124,124,124,124,124,124,121,121,124,131,131,131,131,131,129],"gold":82,"neow_bonus":"TWENTY_PERCENT_HP_BONUS","is_daily":false,"chose_seed":false,"campfire_upgraded":1,"win_rate":0.0,"timestamp":1609418570,"path_taken":["M","?","?","$","?","E","R","?","T","R","?","M","E","?","R","BOSS","M","?","$","?","?","E","R","?","T","R","M","M","M","M","M","R","BOSS","BOSS","M","$","M","?","?","R","E","R","T","?","?","R","M","$","R","BOSS","R","$","E","BOSS"],"items_purchased_type":["Relic","Relic","Relic","Relic","Card","Card","Relic","Potion","Relic","Card","Relic","Card","Relic","Card","Relic","Relic","Relic","Relic","Relic","Card","Relic","Card","Card"],"build_version":"2020-12-22","purchased_purges":1,"victory":true,"max_hp_per_floor":[91,91,91,91,91,91,91,91,91,91,91,91,91,91,91,110,110,117,117,117,117,117,117,117,117,117,117,117,117,117,117,117,117,117,124,124,124,124,124,124,124,124,124,124,124,124,124,124,124,124,124,131,131,131,131,131,138],"card_choices":[{"not_picked":["DemoMod:AC15","DemoMod:Purify"],"picked":"DemoMod:HuntsMan","floor":1},{"not_picked":["DemoMod:BoxingGlove+1","DemoMod:MachoBrace"],"picked":"DemoMod:SniperShot","floor":6},{"not_picked":["DemoMod:AC15+1","DemoMod:Ejector"],"picked":"DemoMod:GunstockTap+1","floor":6},{"not_picked":["DemoMod:Desperate","DemoMod:FastSwitch"],"picked":"DemoMod:ZorGun+1","floor":11},{"not_picked":["DemoMod:TeaPot+1","DemoMod:SniperShot"],"picked":"DemoMod:ProbeStrike+1","floor":12},{"not_picked":["DemoMod:TableSutra","DemoMod:AC15+1"],"picked":"DemoMod:PotionOfGunFriendShip","floor":12},{"not_picked":["DemoMod:BoxingGlove+1","DemoMod:Ejector"],"picked":"DemoMod:DarkMarker+1","floor":13},{"not_picked":["DemoMod:SniperShot+1","DemoMod:GunstockTap+1"],"picked":"DemoMod:LifeOrb+1","floor":13},{"not_picked":["DemoMod:Slinger","DemoMod:ThirdPartyController+1"],"picked":"DemoMod:FinishedGun+1","floor":16},{"not_picked":[],"picked":"DemoMod:BattleInHaste","floor":18},{"not_picked":[],"picked":"DemoMod:TeaPot+1","floor":23},{"not_picked":[],"picked":"DemoMod:StickyCrossBow+1","floor":25},{"not_picked":["DemoMod:Ejector"],"picked":"SKIP","floor":28},{"not_picked":["DemoMod:BoxingGlove+1"],"picked":"SKIP","floor":28},{"not_picked":[],"picked":"DemoMod:TripleGun+1","floor":29},{"not_picked":[],"picked":"DemoMod:HungryBullets+1","floor":30},{"not_picked":["DemoMod:StickyCrossBow+1"],"picked":"SKIP","floor":31},{"not_picked":[],"picked":"DemoMod:Camera+1","floor":32},{"not_picked":[],"picked":"DemoMod:Elimentaler","floor":35},{"not_picked":[],"picked":"DemoMod:SuppressiveFire","floor":35},{"not_picked":["DemoMod:Purify+1"],"picked":"SKIP","floor":37},{"not_picked":["DemoMod:LifeOrb+1"],"picked":"SKIP","floor":39},{"not_picked":["DemoMod:Unmoved"],"picked":"SKIP","floor":41},{"not_picked":[],"picked":"DemoMod:FastSwitch+1","floor":43},{"not_picked":[],"picked":"DemoMod:MachoBrace+1","floor":49},{"not_picked":[],"picked":"DemoMod:ConditionalReflex+1","floor":56}],"player_experience":134870,"relics_obtained":[{"floor":6,"key":"ats:Originium"},{"floor":6,"key":"Vajra"},{"floor":9,"key":"Runesmith:AutoHammer"},{"floor":12,"key":"Letter Opener"},{"floor":13,"key":"ats:Originium"},{"floor":13,"key":"Gremlin Horn"},{"floor":16,"key":"DemoMod:Orange"},{"floor":18,"key":"Strawberry"},{"floor":23,"key":"ats:Originium"},{"floor":23,"key":"DemoMod:ClearGuonStone"},{"floor":24,"key":"Blood Vial"},{"floor":27,"key":"DemoMod:DecoyRelic"},{"floor":30,"key":"DemoMod:RedGuonStone"},{"floor":32,"key":"DemoMod:RatBoots"},{"floor":33,"key":"DemoMod:HoleyGrail"},{"floor":35,"key":"Gambling Chip"},{"floor":36,"key":"DemoMod:CrisisStone"},{"floor":36,"key":"DemoMod:ResourcefulSack"},{"floor":36,"key":"DemoMod:PartiallyEatenCheese"},{"floor":36,"key":"DemoMod:Wolf"},{"floor":36,"key":"Fusion Hammer"},{"floor":37,"key":"DemoMod:ChaffGrenade"},{"floor":42,"key":"DemoMod:AgedBell"},{"floor":43,"key":"Juzu Bracelet"},{"floor":44,"key":"DemoMod:SilverBullets"},{"floor":45,"key":"DemoMod:GreenGuonStone"},{"floor":45,"key":"Smiling Mask"},{"floor":48,"key":"Eternal Feather"},{"floor":51,"key":"DemoMod:OrangeGuonStone"},{"floor":54,"key":"DemoMod:BlueGuonStone"},{"floor":56,"key":"Nunchaku"}],"event_choices":[{"damage_healed":0,"gold_gain":175,"player_choice":"AGREE","damage_taken":0,"max_hp_gain":0,"max_hp_loss":0,"event_name":"Liars Game","floor":2,"gold_loss":0,"cards_obtained":["Doubt"]},{"damage_healed":0,"gold_gain":0,"player_choice":"Take Damage","damage_taken":22,"relics_obtained":["Golden Idol"],"max_hp_gain":0,"max_hp_loss":0,"event_name":"Golden Idol","floor":3,"gold_loss":0},{"damage_healed":0,"gold_gain":69,"player_choice":"Gained Gold","damage_taken":0,"max_hp_gain":0,"max_hp_loss":0,"event_name":"Golden Wing","floor":5,"gold_loss":0},{"damage_healed":0,"gold_gain":0,"player_choice":"Got Potions","damage_taken":0,"max_hp_gain":0,"max_hp_loss":0,"event_name":"Lab","floor":22,"gold_loss":0},{"cards_removed":["Shame"],"damage_healed":0,"gold_gain":0,"player_choice":"Offered Curse","damage_taken":0,"relics_obtained":["Spirit Poop"],"max_hp_gain":0,"max_hp_loss":0,"event_name":"Bonfire Elementals","floor":40,"gold_loss":0},{"cards_removed":["DemoMod:TeaPot"],"damage_healed":0,"gold_gain":0,"player_choice":"Purged","damage_taken":0,"max_hp_gain":0,"max_hp_loss":0,"event_name":"Purifier","floor":47,"gold_loss":0}],"is_beta":false,"boss_relics":[{"not_picked":["Cursed Key","DemoMod:ElasticCartridgeClip"],"picked":"Busted Crown"},{"not_picked":[]}],"items_purged_floors":[4],"is_endless":false,"potions_floor_spawned":[1,11,31,32,39,41],"ascension_level":0}}