{"host":"phniwng9zo19jwdb","time":1609420352,"event":{"mods":["AchievementEnabler","BaseMod","Colored Powertips","Faster Ascension Climbing","GifTheSpireLib","Jorbs\u0027s Wanderer Trilogy","Minty Spire (QoL Compilation)","Permanent Neow","Rare Cards Sparkle","Somnambulant","StSLib"],"gold_per_floor":[110,110,60,79,91,119,119,150,150,162,203,232,279,303,315,399,411,442,454,477,502,528,570,582,620,632,644,49,75,85,100,100,177,177,188,188,188,239,263,293,293,319,401,401,429,440,34,51,51,51],"floor_reached":51,"playtime":3449,"items_purged":["Strike_R","Strike_R"],"score":1542,"play_id":"89c0260c-821a-4bd3-aab0-6a940234033c","local_time":"20201231141232","is_ascension_mode":true,"campfire_choices":[{"data":"Armaments","floor":7.0,"key":"SMITH"},{"data":"Feed","floor":10.0,"key":"SMITH"},{"data":"Metallicize","floor":15.0,"key":"SMITH"},{"data":"Battle Trance","floor":24,"key":"SMITH"},{"floor":27,"key":"REST"},{"data":"True Grit","floor":32,"key":"SMITH"},{"data":"Barricade","floor":44,"key":"SMITH"},{"floor":49,"key":"REST"}],"circlet_count":0,"master_deck":["AscendersBane","Strike_R+1","Defend_R","Defend_R+1","Defend_R+1","Bash+1","Feed+1","Metallicize+1","Iron Wave","Armaments+1","Exhume","Flame Barrier","Sentinel","Impervious","Shrug It Off","Juggernaut+1","Shrug It Off","Battle Trance+1","Metallicize","Blood for Blood+1","Thinking Ahead","True Grit+1","Barricade+1","Seeing Red","Bandage Up","Enlightenment","Thinking Ahead","Flex+1","Body Slam+1","Disarm+1"],"relics":["Burning Blood","War Paint","Bottled Lightning","MawBank","Art of War","Letter Opener","SlaversCollar","MutagenicStrength","Molten Egg 2","Pen Nib","Kunai","Oddly Smooth Stone","Sling","Whetstone","Runic Pyramid","Pocketwatch","Blood Vial","Bottled Tornado","Happy Flower","Self Forming Clay","White Beast Statue","Bag of Preparation","TheAbacus"],"acts_visited":["Exordium","TheCity","TheBeyond"],"potions_floor_usage":[22,25,33,33,50,50],"damage_taken":[{"damage":7.0,"enemies":"Jaw Worm","floor":1.0,"turns":4.0},{"damage":9.0,"enemies":"2 Louse","floor":4.0,"turns":3.0},{"damage":0.0,"enemies":"Small Slimes","floor":5.0,"turns":4.0},{"damage":25.0,"enemies":"Gremlin Nob","floor":6.0,"turns":5.0},{"damage":23.0,"enemies":"3 Sentries","floor":8.0,"turns":12.0},{"damage":11.0,"enemies":"Lagavulin","floor":11.0,"turns":12.0},{"damage":0.0,"enemies":"Looter","floor":12.0,"turns":4.0},{"damage":18.0,"enemies":"3 Sentries","floor":13.0,"turns":14.0},{"damage":9.0,"enemies":"2 Fungi Beasts","floor":14.0,"turns":7.0},{"damage":38.0,"enemies":"The Guardian","floor":16.0,"turns":28.0},{"damage":8.0,"enemies":"Spheric Guardian","floor":18.0,"turns":8.0},{"damage":16.0,"enemies":"Chosen","floor":20.0,"turns":6.0},{"damage":13,"enemies":"Centurion and Healer","floor":21,"turns":13},{"damage":16,"enemies":"Snake Plant","floor":22,"turns":10},{"damage":4,"enemies":"Book of Stabbing","floor":23,"turns":7},{"damage":15,"enemies":"Slavers","floor":25,"turns":8},{"damage":9,"enemies":"Book of Stabbing","floor":29,"turns":8},{"damage":0,"enemies":"Shelled Parasite and Fungi","floor":30,"turns":13},{"damage":23,"enemies":"Sentry and Sphere","floor":31,"turns":6},{"damage":21,"enemies":"Collector","floor":33,"turns":11},{"damage":9,"enemies":"3 Shapes","floor":35,"turns":5},{"damage":40,"enemies":"2 Orb Walkers","floor":38,"turns":7},{"damage":0,"enemies":"Giant Head","floor":40,"turns":11},{"damage":10,"enemies":"Reptomancer","floor":42,"turns":6},{"damage":0,"enemies":"Giant Head","floor":45,"turns":8},{"damage":19,"enemies":"3 Darklings","floor":46,"turns":4},{"damage":11,"enemies":"Writhing Mass","floor":48,"turns":5},{"damage":11,"enemies":"Time Eater","floor":50,"turns":9}],"seed_played":"-2798066158899484411","potions_obtained":[{"floor":4.0,"key":"Block Potion"},{"floor":6.0,"key":"LiquidBronze"},{"floor":8.0,"key":"Dexterity Potion"},{"floor":11.0,"key":"AttackPotion"},{"floor":18.0,"key":"Block Potion"},{"floor":29,"key":"Fire Potion"},{"floor":31,"key":"Ancient Potion"},{"floor":38,"key":"Weak Potion"},{"floor":45,"key":"GamblersBrew"},{"floor":46,"key":"ColorlessPotion"},{"floor":48,"key":"BlessingOfTheForge"}],"is_trial":false,"path_per_floor":["M","?","?","M","M","E","R","E","T","R","E","M","E","M","R","B",null,"M","?","M","M","M","E","R","E","T","R","$","E","M","M","R","B",null,"M","?","?","?","T","E","?","E","T","R","E","M","$","M","R","B",null],"character_chosen":"IRONCLAD","items_purchased":["Oddly Smooth Stone","Sling","Thinking Ahead","True Grit","Bag of Preparation","TheAbacus"],"campfire_rested":2,"item_purchase_floors":[28,28,28,28,47,47],"current_hp_per_floor":[70,70,70,70,77,62,62,51,51,51,50,60,56,57,57,29,91,89,89,83,76,70,72,72,67,67,103,103,100,110,97,97,86,123,120,110,110,86,86,104,104,110,110,110,128,117,117,114,151,151],"gold":51,"neow_bonus":"THREE_RARE_CARDS","is_daily":false,"chose_seed":false,"campfire_upgraded":6,"win_rate":0.0,"timestamp":1609420352,"path_taken":["M","?","?","M","M","E","R","E","T","R","E","M","E","M","R","BOSS","M","?","M","M","M","E","R","E","T","R","$","E","M","M","R","BOSS","M","?","?","?","?","E","?","E","T","R","E","M","$","M","R","BOSS"],"items_purchased_type":["Relic","Relic","Card","Card","Relic","Relic"],"build_version":"2020-12-22","purchased_purges":2,"victory":true,"max_hp_per_floor":[71,71,71,74,77,81,81,87,87,87,91,95,103,107,107,111,111,111,111,115,115,119,119,119,123,123,123,123,123,127,131,131,135,135,135,135,135,139,139,143,143,147,147,147,151,151,151,151,151,151],"card_choices":[{"not_picked":["Berserk","Limit Break"],"picked":"Feed","floor":0.0},{"not_picked":["Iron Wave","True Grit"],"picked":"Metallicize","floor":1.0},{"not_picked":["Rampage","Sentinel"],"picked":"Iron Wave","floor":4.0},{"not_picked":["Heavy Blade","Seeing Red"],"picked":"Armaments","floor":5.0},{"not_picked":["Burning Pact","Dropkick"],"picked":"Exhume","floor":6.0},{"not_picked":["Anger","Whirlwind"],"picked":"Flame Barrier","floor":8.0},{"not_picked":["Shockwave","Clash"],"picked":"Sentinel","floor":11.0},{"not_picked":["Whirlwind","Thunderclap","Rupture"],"picked":"SKIP","floor":12.0},{"not_picked":["Sever Soul","Twin Strike"],"picked":"Impervious","floor":13.0},{"not_picked":["Burning Pact","Uppercut"],"picked":"Shrug It Off","floor":14.0},{"not_picked":["Immolate","Reaper"],"picked":"Juggernaut","floor":16.0},{"not_picked":["Wild Strike","Pommel Strike","Rage"],"picked":"SKIP","floor":18.0},{"not_picked":["Pummel","Body Slam"],"picked":"Shrug It Off","floor":20.0},{"not_picked":["Shrug It Off","Sentinel"],"picked":"Battle Trance","floor":21},{"not_picked":["True Grit","Entrench+1"],"picked":"Metallicize","floor":22},{"not_picked":["Bludgeon+1","Wild Strike+1","Thunderclap+1"],"picked":"SKIP","floor":23},{"not_picked":["Immolate+1","Fiend Fire+1"],"picked":"Blood for Blood+1","floor":25},{"not_picked":["Fire Breathing","Perfected Strike+1","Dropkick+1"],"picked":"SKIP","floor":29},{"not_picked":["Sword Boomerang+1","Anger+1","Rupture"],"picked":"SKIP","floor":30},{"not_picked":["Reckless Charge+1","Sever Soul+1","Clash+1"],"picked":"SKIP","floor":31},{"not_picked":["Berserk","Brutality"],"picked":"Barricade","floor":33},{"not_picked":["Flex","Wild Strike+1"],"picked":"Seeing Red","floor":35},{"not_picked":["Blind","Panacea"],"picked":"Bandage Up","floor":36},{"not_picked":["Forethought","Jack Of All Trades"],"picked":"Enlightenment","floor":36},{"not_picked":["Violence","Enlightenment"],"picked":"Thinking Ahead","floor":36},{"not_picked":["Clash+1","Clothesline+1"],"picked":"Flex+1","floor":40},{"not_picked":["Bloodletting+1","Body Slam+1","Wild Strike+1"],"picked":"SKIP","floor":42},{"not_picked":["Body Slam+1","Warcry","Infernal Blade"],"picked":"SKIP","floor":45},{"not_picked":["Warcry","Infernal Blade"],"picked":"Body Slam+1","floor":45},{"not_picked":["Corruption","Body Slam+1","Clash+1"],"picked":"SKIP","floor":46},{"not_picked":["Infernal Blade+1","Spot Weakness"],"picked":"Disarm+1","floor":48}],"player_experience":36771,"relics_obtained":[{"floor":6.0,"key":"War Paint"},{"floor":8.0,"key":"Bottled Lightning"},{"floor":9.0,"key":"MawBank"},{"floor":11.0,"key":"Art of War"},{"floor":13.0,"key":"Letter Opener"},{"floor":23,"key":"Molten Egg 2"},{"floor":25,"key":"Pen Nib"},{"floor":26,"key":"Kunai"},{"floor":29,"key":"Whetstone"},{"floor":38,"key":"Pocketwatch"},{"floor":39,"key":"Blood Vial"},{"floor":40,"key":"Bottled Tornado"},{"floor":42,"key":"Happy Flower"},{"floor":43,"key":"Self Forming Clay"},{"floor":45,"key":"White Beast Statue"}],"event_choices":[{"cards_removed":["Strike_R"],"damage_healed":0.0,"max_hp_gain":0.0,"max_hp_loss":0.0,"gold_gain":0.0,"event_name":"Living Wall","player_choice":"Forget","floor":2.0,"gold_loss":0.0,"damage_taken":0.0},{"cards_removed":["Strike_R"],"damage_healed":0.0,"max_hp_gain":0.0,"max_hp_loss":0.0,"gold_gain":0.0,"event_name":"The Cleric","player_choice":"Card Removal","floor":3.0,"gold_loss":50.0,"damage_taken":0.0},{"damage_healed":0.0,"max_hp_gain":0.0,"max_hp_loss":0.0,"gold_gain":0.0,"event_name":"Drug Dealer","player_choice":"Inject Mutagens","floor":19.0,"gold_loss":0.0,"damage_taken":0.0,"relics_obtained":["MutagenicStrength"]},{"damage_healed":0,"gold_gain":0,"player_choice":"Memory 3","damage_taken":10,"max_hp_gain":0,"max_hp_loss":0,"event_name":"SensoryStone","floor":36,"gold_loss":0},{"cards_removed":["Defend_R"],"damage_healed":0,"gold_gain":0,"player_choice":"Removed Skill","damage_taken":0,"max_hp_gain":0,"max_hp_loss":0,"event_name":"Falling","floor":37,"gold_loss":0},{"damage_healed":0,"gold_gain":0,"player_choice":"Fight","damage_taken":0,"max_hp_gain":0,"max_hp_loss":0,"event_name":"Mysterious Sphere","floor":38,"gold_loss":0},{"damage_healed":0,"gold_gain":0,"player_choice":"Forge","damage_taken":0,"max_hp_gain":0,"max_hp_loss":0,"event_name":"Accursed Blacksmith","floor":41,"gold_loss":0,"cards_upgraded":["Juggernaut"]}],"is_beta":false,"boss_relics":[{"not_picked":["Mark of Pain","Coffee Dripper"],"picked":"SlaversCollar"},{"not_picked":["Calling Bell","Fusion Hammer"],"picked":"Runic Pyramid"}],"items_purged_floors":[28,47],"is_endless":false,"potions_floor_spawned":[4,6,8,11,13,18,21,29,31,38,45,46,48],"ascension_level":14}}