{"host":"56ghxnzsglgdq727","time":1609375515,"event":{"mods":["AchievementEnabler","BaseMod","Minty Spire (QoL Compilation)"],"gold_per_floor":[113,113,123,135,85,85,85,10,10,25,25,25,50,68,68,191,191,206,222,122,122,122,122,122,155,155,155,155],"floor_reached":27,"playtime":823,"items_purged":["MasterReality","Strike_P"],"score":232,"play_id":"c94009a0-c6fe-4c45-b492-36862785e20a","local_time":"20201230194515","is_ascension_mode":true,"campfire_choices":[{"floor":6,"key":"REST"},{"floor":11,"key":"REST"},{"data":"ForeignInfluence","floor":15,"key":"SMITH"},{"data":"Alpha","floor":23,"key":"SMITH"}],"circlet_count":0,"master_deck":["Strike_P","Defend_P","Defend_P","Vigilance","LikeWater","ForeignInfluence+1","Alpha+1","Study+1","DeusExMachina","Omniscience","Meditate"],"relics":["PureWater","Sundial","Golden Idol","Gremlin Horn","Empty Cage","MealTicket","Calipers"],"acts_visited":["Exordium","TheCity"],"potions_floor_usage":[27,27,27],"damage_taken":[{"damage":3,"enemies":"Small Slimes","floor":1,"turns":3},{"damage":3,"enemies":"Jaw Worm","floor":3,"turns":6},{"damage":14,"enemies":"2 Louse","floor":4,"turns":2},{"damage":0,"enemies":"2 Fungi Beasts","floor":10,"turns":5},{"damage":2,"enemies":"Looter","floor":13,"turns":4},{"damage":4,"enemies":"Blue Slaver","floor":14,"turns":4},{"damage":59,"enemies":"The Guardian","floor":16,"turns":15},{"damage":12,"enemies":"Spheric Guardian","floor":18,"turns":4},{"damage":10,"enemies":"Shell Parasite","floor":19,"turns":5},{"damage":40,"enemies":"Gremlin Leader","floor":25,"turns":5},{"damage":5,"enemies":"Slavers","floor":27,"turns":1}],"seed_played":"-6605365617683101844","potions_obtained":[{"floor":1,"key":"Ancient Potion"},{"floor":4,"key":"FairyPotion"},{"floor":16,"key":"Swift Potion"},{"floor":18,"key":"AttackPotion"},{"floor":25,"key":"SkillPotion"}],"is_trial":false,"path_per_floor":["M","?","M","M","?","R","?","$","T","M","R","?","M","M","R","B",null,"M","M","$","?","?","R","$","E","T","E"],"character_chosen":"WATCHER","items_purchased":[],"campfire_rested":2,"item_purchase_floors":[],"current_hp_per_floor":[62,44,41,27,27,46,30,30,30,30,49,49,47,43,43,6,65,53,43,43,43,43,43,43,3,3,0,0],"gold":155,"neow_bonus":"THREE_RARE_CARDS","is_daily":false,"chose_seed":false,"campfire_upgraded":2,"win_rate":0.0,"timestamp":1609375515,"path_taken":["M","?","M","M","?","R","?","$","T","M","R","?","M","M","R","BOSS","M","M","$","?","?","R","?","E","T","E"],"items_purchased_type":[],"build_version":"2020-12-22","purchased_purges":2,"victory":false,"max_hp_per_floor":[65,65,65,65,65,65,65,65,65,65,65,65,65,65,65,65,65,65,65,65,65,65,65,65,65,65,65,65],"card_choices":[{"not_picked":["Ragnarok","Scrawl"],"picked":"MasterReality","floor":0},{"not_picked":["JustLucky","Protect"],"picked":"LikeWater","floor":1},{"not_picked":["ClearTheMind","FlurryOfBlows","CarveReality"],"picked":"SKIP","floor":3},{"not_picked":["FlyingSleeves","Collect","JustLucky"],"picked":"SKIP","floor":4},{"not_picked":["ThirdEye","WaveOfTheHand","SashWhip"],"picked":"SKIP","floor":10},{"not_picked":["BowlingBash","CrushJoints"],"picked":"ForeignInfluence","floor":13},{"not_picked":["CrushJoints","Conclude","CutThroughFate"],"picked":"SKIP","floor":14},{"not_picked":["DeusExMachina","Blasphemy"],"picked":"Alpha","floor":16},{"not_picked":["EmptyBody+1","FlurryOfBlows","ClearTheMind+1"],"picked":"SKIP","floor":18},{"not_picked":["CrushJoints","Halt+1"],"picked":"Study+1","floor":19},{"not_picked":["Meditate","Conclude","FlyingSleeves+1"],"picked":"SKIP","floor":25}],"player_experience":64755,"relics_obtained":[{"floor":9,"key":"Gremlin Horn"},{"floor":25,"key":"MealTicket"},{"floor":26,"key":"Calipers"}],"event_choices":[{"damage_healed":0,"gold_gain":0,"player_choice":"Success","damage_taken":18,"relics_obtained":["Sundial"],"max_hp_gain":0,"max_hp_loss":0,"event_name":"Scrap Ooze","floor":2,"gold_loss":0},{"cards_removed":["Eruption"],"damage_healed":0,"gold_gain":0,"player_choice":"Card Removal","damage_taken":0,"max_hp_gain":0,"max_hp_loss":0,"event_name":"The Cleric","floor":5,"gold_loss":50},{"damage_healed":0,"gold_gain":0,"player_choice":"Take Damage","damage_taken":16,"relics_obtained":["Golden Idol"],"max_hp_gain":0,"max_hp_loss":0,"event_name":"Golden Idol","floor":7,"gold_loss":0},{"damage_healed":0,"gold_gain":0,"cards_transformed":["Strike_P"],"player_choice":"Change","damage_taken":0,"max_hp_gain":0,"max_hp_loss":0,"event_name":"Living Wall","floor":12,"gold_loss":0,"cards_obtained":["ReachHeaven"]},{"damage_healed":0,"gold_gain":0,"player_choice":"Read","damage_taken":0,"max_hp_gain":0,"max_hp_loss":0,"event_name":"The Library","floor":21,"gold_loss":0,"cards_obtained":["DeusExMachina"]},{"damage_healed":0,"gold_gain":0,"cards_transformed":["Defend_P","Strike_P"],"player_choice":"Became Test Subject","damage_taken":0,"max_hp_gain":0,"max_hp_loss":0,"event_name":"Drug Dealer","floor":22,"gold_loss":0,"cards_obtained":["Omniscience","Meditate"]}],"is_beta":false,"boss_relics":[{"not_picked":["Calling Bell","Busted Crown"],"picked":"Empty Cage"}],"items_purged_floors":[8,20],"is_endless":false,"potions_floor_spawned":[1,4,16,18,19,25],"killed_by":"Slavers","ascension_level":1}}