{"host":"se62q65hiqxz7cab","time":1609403250,"event":{"mods":["Act Like it!","BaseMod","Colored Map","Minty Spire (QoL Compilation)","Replay The Spire","StSLib","The Bug Knight","The Cursed"],"gold_per_floor":[118,176,196,213,231,231,263,263,289,339,304,304,351,380,380,495,495,495,495,420,420,420,420,420,420,420,420,420,420,420,420,420,420,420],"floor_reached":33,"playtime":1614,"items_purged":[],"score":261,"play_id":"91532f47-4887-4b7a-99f8-0f4811a372f5","local_time":"20201231162730","is_ascension_mode":false,"campfire_choices":[{"data":"TheCursedMod:EmpowerCircles","floor":6,"key":"SMITH"},{"floor":8,"key":"REST"},{"data":"TheCursedMod:CursedWand","floor":12,"key":"SMITH"},{"floor":15,"key":"REST"},{"floor":24,"key":"REST"},{"data":"TheCursedMod:FleshFromBone","floor":27,"key":"SMITH"}],"circlet_count":0,"master_deck":["TheCursedMod:Strike_TheCursed","TheCursedMod:Strike_TheCursed+1","TheCursedMod:Defend_TheCursed+1","TheCursedMod:Defend_TheCursed","TheCursedMod:Defend_TheCursed","TheCursedMod:CursedWand+1","TheCursedMod:CleanUpWorkshop","TheCursedMod:Dregs","TheCursedMod:SpitefulStrike+1","TheCursedMod:TacticalStrike","TheCursedMod:CursedBlade","TheCursedMod:EmpowerCircles+1","TheCursedMod:Evocation","TheCursedMod:WearCloak","TheCursedMod:FleshFromBone","TheCursedMod:CircleOfAbyss","TheCursedMod:FleshFromBone+1","TheCursedMod:CursedShiv","TheCursedMod:Grudge+1","TheCursedMod:CircleOfFlame","TheCursedMod:SoulReap","TheCursedMod:CircleOfCorruption","TheCursedMod:SmokeScreen+1","TheCursedMod:SpitefulStrike","TheCursedMod:SurpriseAttack"],"relics":["TheCursedMod:BlackMagic101","Gremlin Food","Replay:Bandana","Bronze Scales","Replay:Mystery Machine","Ectoplasm","Bottled Flame","Art of War"],"acts_visited":["Exordium","TheCity"],"potions_floor_usage":[16,16,30,33,33],"damage_taken":[{"damage":0,"enemies":"Small Slimes","floor":1,"turns":3},{"damage":4,"enemies":"2 Louse","floor":3,"turns":2},{"damage":0,"enemies":"Jaw Worm","floor":4,"turns":2},{"damage":5,"enemies":"Looter","floor":5,"turns":3},{"damage":32,"enemies":"3 Sentries","floor":7,"turns":8},{"damage":22,"enemies":"Gremlin Nob","floor":10,"turns":5},{"damage":4,"enemies":"2 Fungi Beasts","floor":14,"turns":3},{"damage":62,"enemies":"The Guardian","floor":16,"turns":16},{"damage":8,"enemies":"Chosen","floor":18,"turns":6},{"damage":0,"enemies":"3 Byrds","floor":19,"turns":3},{"damage":7,"enemies":"3 Cultists","floor":21,"turns":5},{"damage":16,"enemies":"Centurion and Healer","floor":22,"turns":11},{"damage":15,"enemies":"Snecko","floor":25,"turns":5},{"damage":6,"enemies":"Chosen and Byrds","floor":28,"turns":7},{"damage":19,"enemies":"Snake Plant","floor":29,"turns":4},{"damage":6,"enemies":"Snecko","floor":30,"turns":7},{"damage":49,"enemies":"Champ","floor":33,"turns":9}],"seed_played":"424559394570056409","potions_obtained":[{"floor":1,"key":"Adrenaline Potion"},{"floor":7,"key":"LifebloodPotion"},{"floor":18,"key":"SpeedPotion"},{"floor":22,"key":"Strength Potion"},{"floor":29,"key":"Elixir"},{"floor":30,"key":"Fruit Juice"},{"floor":32,"key":"SpeedPotion"},{"floor":32,"key":"AttackPotion"}],"is_trial":false,"path_per_floor":["M","?","M","M","M","R","E","R","T","E","?","R","T","M","R","B",null,"M","M","?","M","M","?","R","M","T","R","M","M","M","T","R_BF","B"],"character_chosen":"THE_CURSED","items_purchased":[],"campfire_rested":3,"item_purchase_floors":[],"current_hp_per_floor":[75,75,71,71,66,66,34,56,56,34,52,52,52,48,70,8,75,67,67,67,60,44,44,66,57,57,57,53,37,36,36,36,0,0],"gold":420,"neow_bonus":"REMOVE_CARD","is_daily":false,"chose_seed":false,"campfire_upgraded":3,"win_rate":0.0,"timestamp":1609403250,"path_taken":["M","?","M","M","M","R","E","R","T","E","?","R","?","M","R","BOSS","M","M","?","M","M","?","R","?","T","R","M","M","M","?","R_BF","BOSS"],"items_purchased_type":[],"build_version":"2020-12-22","purchased_purges":0,"victory":false,"max_hp_per_floor":[75,75,75,75,75,75,75,75,75,75,75,75,75,75,75,75,75,75,75,75,75,75,75,75,75,75,75,75,75,80,80,80,80,80],"card_choices":[{"not_picked":["TheCursedMod:SaltUponWound","TheCursedMod:CursedStaff"],"picked":"TheCursedMod:SpitefulStrike","floor":1},{"not_picked":["TheCursedMod:CursedAmulet","TheCursedMod:CursedMace"],"picked":"TheCursedMod:TacticalStrike","floor":3},{"not_picked":["TheCursedMod:Obscuration","TheCursedMod:ReleasedKnowledge"],"picked":"TheCursedMod:CursedBlade","floor":4},{"not_picked":["TheCursedMod:CursedAmulet","TheCursedMod:Torture"],"picked":"TheCursedMod:EmpowerCircles","floor":5},{"not_picked":["TheCursedMod:VitalStrike","TheCursedMod:AshesToAshes"],"picked":"TheCursedMod:Evocation","floor":7},{"not_picked":["TheCursedMod:CursedBlade","TheCursedMod:SpreadPlague"],"picked":"TheCursedMod:WearCloak","floor":10},{"not_picked":["TheCursedMod:SoulCrush","TheCursedMod:RavingStaff"],"picked":"TheCursedMod:FleshFromBone","floor":14},{"not_picked":["TheCursedMod:UltimatePain","TheCursedMod:VoidForm"],"picked":"TheCursedMod:CircleOfAbyss","floor":16},{"not_picked":["TheCursedMod:RavingStaff","TheCursedMod:CursedBlade+1"],"picked":"TheCursedMod:FleshFromBone","floor":18},{"not_picked":["TheCursedMod:SpitefulStrike","TheCursedMod:Stigma"],"picked":"TheCursedMod:CursedShiv","floor":19},{"not_picked":["TheCursedMod:SmokeScreen","TheCursedMod:Obscuration"],"picked":"TheCursedMod:Grudge+1","floor":21},{"not_picked":["TheCursedMod:AshesToAshes","TheCursedMod:VitalStrike+1"],"picked":"TheCursedMod:CircleOfFlame","floor":22},{"not_picked":["TheCursedMod:Obscuration","TheCursedMod:PrepareRite"],"picked":"TheCursedMod:CircleOfCorruption","floor":25},{"not_picked":["TheCursedMod:ReleasedKnowledge","TheCursedMod:Obscuration"],"picked":"TheCursedMod:SmokeScreen+1","floor":28},{"not_picked":["TheCursedMod:SmokeScreen","TheCursedMod:AshesToAshes"],"picked":"TheCursedMod:SpitefulStrike","floor":29},{"not_picked":["TheCursedMod:CursedMace","TheCursedMod:BloodBarrier"],"picked":"TheCursedMod:SurpriseAttack","floor":30}],"player_experience":155179,"relics_obtained":[{"floor":7,"key":"Gremlin Food"},{"floor":9,"key":"Replay:Bandana"},{"floor":10,"key":"Bronze Scales"},{"floor":13,"key":"Replay:Mystery Machine"},{"floor":26,"key":"Bottled Flame"},{"floor":31,"key":"Art of War"}],"event_choices":[{"damage_healed":0,"gold_gain":58,"player_choice":"Gained Gold","damage_taken":0,"max_hp_gain":0,"max_hp_loss":0,"event_name":"Golden Wing","floor":2,"gold_loss":0},{"damage_healed":18,"gold_gain":0,"player_choice":"Healed","damage_taken":0,"max_hp_gain":0,"max_hp_loss":0,"event_name":"The Cleric","floor":11,"gold_loss":35},{"cards_removed":["TheCursedMod:Strike_TheCursed"],"damage_healed":0,"gold_gain":0,"player_choice":"Gave Gold","damage_taken":0,"max_hp_gain":0,"max_hp_loss":0,"event_name":"Beggar","floor":20,"gold_loss":75},{"damage_healed":0,"gold_gain":0,"cards_transformed":["TheCursedMod:Strike_TheCursed"],"player_choice":"Transformed","damage_taken":0,"max_hp_gain":0,"max_hp_loss":0,"event_name":"Transmorgrifier","floor":23,"gold_loss":0,"cards_obtained":["TheCursedMod:SoulReap"]}],"is_beta":false,"boss_relics":[{"not_picked":["Snecko Eye","ChewingGum"],"picked":"Ectoplasm"}],"items_purged_floors":[],"is_endless":false,"potions_floor_spawned":[1,7,18,22,29,30],"killed_by":"Champ","ascension_level":0}}