{"host":"se62q65hiqxz7cab","time":1609382623,"event":{"mods":["Act Like it!","BaseMod","Colored Map","Minty Spire (QoL Compilation)","Replay The Spire","StSLib","The Bug Knight","The Cursed"],"gold_per_floor":[114,132,142,198,198,198,211,211,211,231,261,261,281,298,298,400,400,415,330,342,361,372,372,372,372,452,462,475,475,475],"floor_reached":29,"playtime":1668,"items_purged":[],"score":231,"play_id":"e5ebc9ca-d706-4930-ba4e-66676c7decad","local_time":"20201231104343","is_ascension_mode":false,"campfire_choices":[{"data":"HollowMod:FocusHealStart","floor":6,"key":"SMITH"},{"floor":12,"key":"REST"},{"data":"HollowMod:RecoilStrike","floor":15,"key":"SMITH"},{"data":"HollowMod:MantisMark","floor":15,"key":"SMITH"},{"floor":23,"key":"REST"},{"floor":25,"key":"REST"}],"circlet_count":0,"master_deck":["HollowMod:NailStrikeStart","HollowMod:NailStrikeStart","HollowMod:NailStrikeStart","HollowMod:NailStrikeStart","HollowMod:QuickDashStart","HollowMod:QuickDashStart","HollowMod:QuickDashStart","HollowMod:QuickDashStart","HollowMod:FocusHealStart+1","HollowMod:PogoStrike","HollowMod:SoulStrike","HollowMod:CloakDash","HollowMod:BaldurShell+1","HollowMod:MantisMark+1","HollowMod:BaldurShell+1","HollowMod:RecoilStrike+1","HollowMod:ShapeofUnn+1","HollowMod:Weaversong+1","HollowMod:ChannelNail","HollowMod:SoulSplash","Bandage Up","HollowMod:GoodIntentions","HollowMod:DashSlash+1"],"relics":["HollowMod:VesselMask","Frozen Egg 2","Replay:Arrowhead","InkBottle","ReplayTheSpireMod:Lightbulb","SlaversCollar","Quantum Egg","Replay:Accelerometer"],"acts_visited":["Exordium","TheCity"],"potions_floor_usage":[7,11,13,16,21,29,29],"damage_taken":[{"damage":1,"enemies":"Cultist","floor":1,"turns":3},{"damage":2,"enemies":"Small Slimes","floor":2,"turns":3},{"damage":1,"enemies":"2 Louse","floor":3,"turns":2},{"damage":2,"enemies":"Looter","floor":7,"turns":3},{"damage":12,"enemies":"Lots of Slimes","floor":10,"turns":7},{"damage":31,"enemies":"Lagavulin","floor":11,"turns":8},{"damage":3,"enemies":"Red Slaver","floor":13,"turns":3},{"damage":11,"enemies":"Exordium Wildlife","floor":14,"turns":5},{"damage":68,"enemies":"The Guardian","floor":16,"turns":16},{"damage":35,"enemies":"2 Thieves","floor":18,"turns":4},{"damage":14,"enemies":"Spheric Guardian","floor":20,"turns":5},{"damage":22,"enemies":"Snake Plant","floor":21,"turns":4},{"damage":24,"enemies":"Snecko","floor":22,"turns":6},{"damage":35,"enemies":"Centurion and Healer","floor":27,"turns":7},{"damage":36,"enemies":"Sentry and Sphere","floor":28,"turns":10},{"damage":26,"enemies":"Shelled Parasite and Fungi","floor":29,"turns":5}],"seed_played":"111438163853379528","potions_obtained":[{"floor":0,"key":"Elixir"},{"floor":0,"key":"CultistPotion"},{"floor":0,"key":"Weak Potion"},{"floor":10,"key":"Block Potion"},{"floor":13,"key":"EssenceOfSteel"},{"floor":16,"key":"Regen Potion"},{"floor":22,"key":"DuplicationPotion"},{"floor":28,"key":"Languid Potion"}],"is_trial":false,"path_per_floor":["M","M","M","?","?","R","M","?","T","M","E","R","M","M","R","B",null,"M","?","M","M","M","R","?","R","T","M","M","M"],"character_chosen":"THE_BUGKNIGHT","items_purchased":[],"campfire_rested":3,"item_purchase_floors":[],"current_hp_per_floor":[74,72,71,53,75,75,73,61,61,59,34,56,63,62,62,4,75,46,46,38,34,10,32,32,54,54,29,9,0,0],"gold":475,"neow_bonus":"THREE_SMALL_POTIONS","is_daily":false,"chose_seed":false,"campfire_upgraded":3,"win_rate":0.0,"timestamp":1609382623,"path_taken":["M","?","M","?","?","R","M","?","T","M","E","R","M","M","R","BOSS","M","?","M","M","M","R","?","R","T","M","?","M"],"items_purchased_type":[],"build_version":"2020-12-22","purchased_purges":0,"victory":false,"max_hp_per_floor":[75,75,75,75,75,75,75,75,75,75,75,75,75,75,75,75,75,75,75,75,75,75,75,75,75,75,75,75,75,75],"card_choices":[{"not_picked":["HollowMod:GrimmsGift","HollowMod:BaldurShell"],"picked":"HollowMod:SoulStrike","floor":1},{"not_picked":["HollowMod:DescendingDark","HollowMod:TaintedHusks","HollowMod:SharpenedShadows"],"picked":"SKIP","floor":2},{"not_picked":["HollowMod:NewLittleFool","HollowMod:DescendingDark","HollowMod:InfectedCysts"],"picked":"SKIP","floor":3},{"not_picked":["HollowMod:DoubleDash","HollowMod:GoodIntentions"],"picked":"HollowMod:CloakDash","floor":4},{"not_picked":["HollowMod:MonarchWings","HollowMod:AbyssShriek"],"picked":"HollowMod:BaldurShell+1","floor":7},{"not_picked":["HollowMod:DoubleDash","HollowMod:CrystalDash"],"picked":"HollowMod:MantisMark","floor":10},{"not_picked":["HollowMod:Grubsong+1","HollowMod:ElderbugsWisdom+1"],"picked":"HollowMod:BaldurShell+1","floor":11},{"not_picked":["HollowMod:MonarchWings","HollowMod:CycloneSlash"],"picked":"HollowMod:RecoilStrike","floor":13},{"not_picked":["HollowMod:VengefulVoid","HollowMod:InfectedAttack"],"picked":"HollowMod:ShapeofUnn+1","floor":14},{"not_picked":["HollowMod:ZotesMagnificence","HollowMod:VoidDash"],"picked":"HollowMod:Weaversong+1","floor":16},{"not_picked":["HollowMod:CloakDash","HollowMod:TaintedHusks"],"picked":"HollowMod:ChannelNail","floor":18},{"not_picked":["HollowMod:WraithStrike","HollowMod:NewLittleFool+1","HollowMod:DescendingDark+1"],"picked":"SKIP","floor":20},{"not_picked":["HollowMod:InfectedAttack","HollowMod:ChannelNail","HollowMod:DescendingDark+1"],"picked":"SKIP","floor":21},{"not_picked":["HollowMod:MonarchWings","HollowMod:ElderbugsWisdom+1"],"picked":"HollowMod:SoulSplash","floor":22},{"not_picked":["HollowMod:DescendingDark","HollowMod:CycloneSlash"],"picked":"HollowMod:GoodIntentions","floor":27},{"not_picked":["HollowMod:SoulSplash","HollowMod:SoulStrike+1"],"picked":"HollowMod:DashSlash+1","floor":28}],"player_experience":140400,"relics_obtained":[{"floor":4,"key":"Frozen Egg 2"},{"floor":9,"key":"InkBottle"},{"floor":11,"key":"ReplayTheSpireMod:Lightbulb"},{"floor":26,"key":"Replay:Accelerometer"}],"event_choices":[{"damage_healed":25,"gold_gain":0,"player_choice":"Banana","damage_taken":0,"max_hp_gain":0,"max_hp_loss":0,"event_name":"Big Fish","floor":5,"gold_loss":0},{"damage_healed":0,"gold_gain":0,"player_choice":"Success","damage_taken":12,"relics_obtained":["Replay:Arrowhead"],"max_hp_gain":0,"max_hp_loss":0,"event_name":"Scrap Ooze","floor":8,"gold_loss":0},{"damage_healed":0,"gold_gain":0,"player_choice":"Obtained Relic","damage_taken":0,"relics_obtained":["Quantum Egg"],"max_hp_gain":0,"max_hp_loss":0,"event_name":"Addict","floor":19,"gold_loss":85},{"damage_healed":0,"gold_gain":0,"player_choice":"1 cards matched","damage_taken":0,"max_hp_gain":0,"max_hp_loss":0,"event_name":"Match and Keep!","floor":24,"gold_loss":0,"cards_obtained":["Bandage Up"]}],"is_beta":false,"boss_relics":[{"not_picked":["Pandora\u0027s Box","Black Star"],"picked":"SlaversCollar"}],"items_purged_floors":[],"is_endless":false,"potions_floor_spawned":[2,3,10,13,16,22,28],"killed_by":"Shelled Parasite and Fungi","ascension_level":0}}