{"host":"stk82ot58bnorhun","time":1609431071,"event":{"mods":["BaseMod","Colored Powertips","Downfall","Minty Spire (QoL Compilation)","StSLib"],"gold_per_floor":[118,130,130,3,3,3,3,3,28,58,58,81,123,147,147,247,247,267,267,267,267,169,169,510,389,389,389,444,491,491,540,540,626,626,640,665,507,534,534,566,566,603,603,366,366,409,418,436,436,436,436],"floor_reached":52,"playtime":3183,"items_purged":["Guardian:Gem_Lightblue"],"score":2144,"play_id":"bbb3c269-9184-42b5-8ec3-1f30673e2cd5","local_time":"20210101001111","daily_mods":["Draft","Flight","downfall:Jewelcrafting"],"is_ascension_mode":true,"campfire_choices":[{"data":"Guardian:PrismaticBarrier","floor":11,"key":"SMITH"},{"data":"Guardian:EvasiveProtocol","floor":15,"key":"SMITH"},{"data":"Guardian:StasisEngine","floor":23,"key":"SMITH"},{"data":"Guardian:ExploitGems","floor":27,"key":"SMITH"},{"data":"Guardian:ExploitGems","floor":30,"key":"SMITH"},{"data":"Guardian:EvasiveProtocol","floor":32,"key":"SMITH"},{"data":"Guardian:BaubleBeam","floor":41,"key":"SMITH"},{"floor":45,"key":"DIG"},{"floor":49,"key":"DIG"}],"circlet_count":0,"master_deck":["AscendersBane","Guardian:ExploitGems+1","Guardian:ExploitGems+1","Guardian:PiercingHide","Guardian:Recover+1","Guardian:TemporalStrike","Guardian:PrismaticBeam","Guardian:PrismaticBarrier+1","Guardian:Planning","Guardian:TemporalShield","Guardian:TemporalStrike","Guardian:FloatingOrbs","Guardian:Suspension+1","Guardian:Reroute","Guardian:EvasiveProtocol+1","Guardian:DecasProtection","Guardian:DonusPower","Guardian:TemporalShield","Guardian:StasisEngine+1","Guardian:GemFinder","Guardian:EvasiveProtocol+1","Guardian:DonusPower","Guardian:TimeSifter","Guardian:Repulse","Guardian:TemporalShield","Guardian:BaubleBeam+1","Panache","Master of Strategy","Secret Weapon","Guardian:Harden+1","Guardian:FastForward+1","Guardian:Repulse+1","Guardian:Gem_Green","Madness+1","Madness+1"],"relics":["Unceasing Top","Guardian:PickAxe","Bloody Idol","CeramicFish","Odd Mushroom","Runic Dome","Old Coin","Orrery","champ:DuelingGlove","Anchor","Ice Cream","StrikeDummy","Black Star","Prayer Wheel","Frozen Egg 2","Toxic Egg 2","Shovel","Gremlin Horn","War Paint","sneckomod:BlankCard","Shuriken","Toy Ornithopter","Nunchaku"],"acts_visited":["Exordium","TheCity","TheBeyond"],"potions_floor_usage":[13,16,33,33,51],"damage_taken":[{"damage":4.0,"enemies":"Small Slimes","floor":1.0,"turns":4.0},{"damage":0.0,"enemies":"Cultist","floor":2.0,"turns":3.0},{"damage":0,"enemies":"2 Louse","floor":12,"turns":2},{"damage":0,"enemies":"The Mushroom Lair","floor":13,"turns":3},{"damage":0,"enemies":"Blue Slaver","floor":14,"turns":3},{"damage":19,"enemies":"The Guardian","floor":16,"turns":6},{"damage":0,"enemies":"Spheric Guardian","floor":18,"turns":4},{"damage":4,"enemies":"Book of Stabbing","floor":24,"turns":4},{"damage":27,"enemies":"Slavers","floor":29,"turns":5},{"damage":31,"enemies":"Gremlin Leader","floor":31,"turns":4},{"damage":8,"enemies":"Automaton","floor":33,"turns":5},{"damage":2,"enemies":"3 Darklings","floor":35,"turns":4},{"damage":6,"enemies":"Mind Bloom Boss Battle","floor":36,"turns":6},{"damage":0,"enemies":"Nemesis","floor":40,"turns":3},{"damage":0,"enemies":"Giant Head","floor":42,"turns":4},{"damage":0,"enemies":"Nemesis","floor":46,"turns":5},{"damage":6,"enemies":"Time Eater","floor":50,"turns":8},{"damage":7,"enemies":"Donu and Deca","floor":51,"turns":4}],"seed_played":"8492876328561968806","potions_obtained":[{"floor":2.0,"key":"Energy Potion"},{"floor":14,"key":"LiquidBronze"},{"floor":16,"key":"CultistPotion"},{"floor":24,"key":"Dexterity Potion"},{"floor":35,"key":"SneckoOil"},{"floor":36,"key":"ColorlessPotion"}],"is_trial":true,"path_per_floor":["M","M","?","$","?","R","R","R","T","?","R","M","?","M","R","B",null,"M","?","?","?","$","R","E","$","T","R","T","E","R","E","R","B",null,"M","?","$","?","?","E","R","E","T","$","R","E","?","?","R","B","B",null],"character_chosen":"GUARDIAN","items_purchased":["Guardian:EvasiveProtocol","Guardian:DecasProtection","Guardian:SpikerProtocol","Guardian:Gem_Blue","Orrery","Guardian:Gem_Synthetic","Guardian:FastForward+1"],"campfire_rested":0,"item_purchase_floors":[4,4,22,22,25,37,44],"current_hp_per_floor":[61,61,61,61,36,36,36,36,36,36,36,36,36,36,36,17,58,58,58,58,58,68,68,72,72,72,72,72,60,60,44,44,46,66,69,68,72,72,72,72,72,72,72,72,72,72,72,69,69,63,61],"gold":436,"neow_bonus":"","is_daily":false,"chose_seed":false,"campfire_upgraded":7,"win_rate":0.0,"timestamp":1609431071,"path_taken":["M","M","?","?","?","R","R","R","T","?","R","?","?","M","R","BOSS","M","?","?","?","$","R","E","$","T","R","?","E","R","E","R","BOSS","M","?","$","?","?","E","R","E","T","$","R","E","?","?","R","BOSS","BOSS"],"items_purchased_type":["Card","Card","Card","Card","Relic","Card","Card"],"build_version":"2020-12-22","purchased_purges":1,"victory":true,"max_hp_per_floor":[72,72,72,72,72,72,72,72,72,72,72,72,72,72,72,72,72,72,72,72,72,72,72,72,72,72,72,72,72,72,72,72,72,72,72,72,72,72,72,72,72,72,72,72,72,72,72,72,72,72,72],"card_choices":[{"not_picked":["Guardian:ShieldCharger","Guardian:SpikerProtocol"],"picked":"Guardian:Gem_Cyan","floor":0.0},{"not_picked":["Guardian:BronzeArmor","Guardian:PrimingBeam"],"picked":"Guardian:PiercingHide","floor":0.0},{"not_picked":["Guardian:PrimingBeam","Guardian:Gem_Cyan"],"picked":"Guardian:Recover","floor":0.0},{"not_picked":["Guardian:Recover","Guardian:TemporalShield"],"picked":"Guardian:Gem_Blue","floor":0.0},{"not_picked":["Guardian:DecasProtection","Guardian:ChargeCore"],"picked":"Guardian:Gem_White","floor":0.0},{"not_picked":["Guardian:PiercingHide","Guardian:ChargeCore"],"picked":"Guardian:Gem_Fragmented","floor":0.0},{"not_picked":["Guardian:Incinerate","Guardian:CrystalBeam"],"picked":"Guardian:TemporalStrike","floor":0.0},{"not_picked":["Guardian:WalkerClaw","Guardian:BronzeOrb"],"picked":"Guardian:PrismaticBeam","floor":0.0},{"not_picked":["Guardian:VentSteam","Guardian:Gem_Red"],"picked":"Guardian:Gem_Green","floor":0.0},{"not_picked":["Guardian:TimeBomb","Guardian:Gem_Red"],"picked":"Guardian:PrismaticBarrier","floor":0.0},{"not_picked":["Guardian:PiercingHide","Guardian:Clone"],"picked":"Guardian:Planning","floor":0.0},{"not_picked":["Guardian:SentryBeam","Guardian:GuardianWhirl"],"picked":"Guardian:Gem_Cyan","floor":0.0},{"not_picked":["Guardian:BronzeArmor","Guardian:Gem_Cyan"],"picked":"Guardian:TemporalShield","floor":0.0},{"not_picked":["Guardian:ShieldSpikes","Guardian:VentSteam"],"picked":"Guardian:TemporalStrike","floor":0.0},{"not_picked":["Guardian:TemporalStrike","Guardian:WalkerClaw"],"picked":"Guardian:FloatingOrbs","floor":0.0},{"not_picked":["Guardian:ChargeCore","Guardian:TimeCapacitor"],"picked":"Guardian:Suspension","floor":1.0},{"not_picked":["Guardian:TemporalStrike","Guardian:PiercingHide"],"picked":"Guardian:Reroute","floor":2.0},{"not_picked":["Guardian:Gem_Lightblue","Guardian:DecasProtection"],"picked":"Guardian:DonusPower","floor":12},{"not_picked":["Guardian:Gem_Purple","Guardian:RollAttack"],"picked":"Guardian:FuturePlans","floor":13},{"not_picked":["Guardian:Incinerate","Guardian:ArmoredProtocol"],"picked":"Guardian:TemporalShield","floor":14},{"not_picked":["Guardian:ExploitGems","Guardian:GemFinder"],"picked":"Guardian:StasisEngine","floor":16},{"not_picked":["Guardian:Gem_Lightblue","Guardian:FloatingOrbs","Guardian:BronzeArmor"],"picked":"SKIP","floor":18},{"not_picked":["Guardian:TemporalShield","Guardian:ChargeCore"],"picked":"Guardian:Gem_Green","floor":24},{"not_picked":["Guardian:Gem_Cyan","Guardian:Gem_Red"],"picked":"Guardian:GemFinder","floor":25},{"not_picked":["Guardian:PolyBeam","Guardian:SpikerProtocol"],"picked":"Guardian:EvasiveProtocol","floor":25},{"not_picked":["Guardian:Gem_Purple","Guardian:StasisStrike"],"picked":"Guardian:DonusPower","floor":25},{"not_picked":["Guardian:RefractedBeam","Guardian:ArmoredProtocol"],"picked":"Guardian:Gem_Purple","floor":25},{"not_picked":["Guardian:ShieldSpikes","Guardian:RollAttack"],"picked":"Guardian:TimeSifter","floor":25},{"not_picked":["Guardian:Gem_Lightblue","Guardian:Gem_Cyan"],"picked":"Guardian:Gem_Red","floor":29},{"not_picked":["Guardian:PrimingBeam","Guardian:WalkerClaw"],"picked":"Guardian:Repulse","floor":29},{"not_picked":["Guardian:Gem_Lightblue","Guardian:Gem_Red"],"picked":"Guardian:Gem_Green","floor":31},{"not_picked":["Guardian:Reroute","Guardian:GemFinder"],"picked":"Guardian:TemporalShield","floor":31},{"not_picked":["Guardian:HyperBeam_Guardian","Guardian:AncientConstruct"],"picked":"Guardian:BaubleBeam","floor":33},{"not_picked":["Guardian:PolyBeam","Guardian:ShieldCharger","Guardian:Gem_Lightblue"],"picked":"SKIP","floor":35},{"not_picked":["Thinking Ahead","expansioncontent:GoopSpray"],"picked":"Panache","floor":38},{"not_picked":["Mind Blast","expansioncontent:YouAreMine"],"picked":"Master of Strategy","floor":38},{"not_picked":["PanicButton","expansioncontent:PrepareCrush"],"picked":"Secret Weapon","floor":38},{"not_picked":["Guardian:WalkerClaw","Guardian:GatlingBeam","Guardian:CrystalBeam"],"picked":"SKIP","floor":40},{"not_picked":["Guardian:WalkerClaw","Guardian:GatlingBeam","Guardian:CrystalBeam"],"picked":"SKIP","floor":40},{"not_picked":["Guardian:PrismaticBarrier+1","Guardian:Gem_Lightblue"],"picked":"Guardian:Harden+1","floor":42},{"not_picked":["Guardian:VentSteam+1","Guardian:BronzeArmor+1"],"picked":"Guardian:Repulse+1","floor":46}],"player_experience":67243,"relics_obtained":[{"floor":9.0,"key":"CeramicFish"},{"floor":13,"key":"Odd Mushroom"},{"floor":24,"key":"Old Coin"},{"floor":26,"key":"champ:DuelingGlove"},{"floor":28,"key":"Anchor"},{"floor":29,"key":"Ice Cream"},{"floor":31,"key":"StrikeDummy"},{"floor":36,"key":"Prayer Wheel"},{"floor":40,"key":"Frozen Egg 2"},{"floor":40,"key":"Toxic Egg 2"},{"floor":42,"key":"Shovel"},{"floor":42,"key":"Gremlin Horn"},{"floor":43,"key":"War Paint"},{"floor":45,"key":"sneckomod:BlankCard"},{"floor":46,"key":"Shuriken"},{"floor":46,"key":"Toy Ornithopter"},{"floor":49,"key":"Nunchaku"}],"event_choices":[{"damage_healed":0.0,"max_hp_gain":0.0,"max_hp_loss":0.0,"gold_gain":0.0,"event_name":"Golden Idol","player_choice":"Take Damage","floor":5.0,"gold_loss":0.0,"damage_taken":25.0,"relics_obtained":["Golden Idol"]},{"damage_healed":0.0,"max_hp_gain":0.0,"max_hp_loss":0.0,"gold_gain":30.0,"event_name":"Dead Adventurer","player_choice":"Searched \u00271\u0027 times","floor":10.0,"gold_loss":0.0,"damage_taken":0.0},{"damage_healed":0,"gold_gain":0,"player_choice":"Fought Mushrooms","damage_taken":0,"max_hp_gain":0,"max_hp_loss":0,"event_name":"Mushrooms","floor":13,"gold_loss":0},{"damage_healed":0,"gold_gain":0,"player_choice":"Gave Idol","damage_taken":0,"relics_obtained":["Bloody Idol"],"max_hp_gain":0,"max_hp_loss":0,"event_name":"Forgotten Altar","floor":19,"relics_lost":["Golden Idol"],"gold_loss":0},{"damage_healed":0,"gold_gain":0,"player_choice":"Ignored","damage_taken":0,"max_hp_gain":0,"max_hp_loss":0,"event_name":"Vampires","floor":20,"gold_loss":0},{"damage_healed":0,"gold_gain":0,"player_choice":"Fight","damage_taken":0,"max_hp_gain":0,"max_hp_loss":0,"event_name":"MindBloom","floor":36,"gold_loss":0},{"damage_healed":0,"gold_gain":0,"player_choice":"Memory 3","damage_taken":10,"max_hp_gain":0,"max_hp_loss":0,"event_name":"SensoryStone","floor":38,"gold_loss":0},{"cards_removed":["Guardian:FuturePlans"],"damage_healed":0,"gold_gain":0,"player_choice":"Removed Power","damage_taken":0,"max_hp_gain":0,"max_hp_loss":0,"event_name":"Falling","floor":39,"gold_loss":0},{"damage_healed":0,"gold_gain":0,"player_choice":"Embrace Madness","damage_taken":13,"max_hp_gain":0,"max_hp_loss":0,"event_name":"Winding Halls","floor":48,"gold_loss":0,"cards_obtained":["Madness","Madness"]}],"is_beta":false,"boss_relics":[{"not_picked":["Tiny House","Sozu"],"picked":"Runic Dome"},{"not_picked":["Snecko Eye","Calling Bell"],"picked":"Black Star"}],"items_purged_floors":[44],"is_endless":false,"potions_floor_spawned":[2,14,16,24,35,36,46],"ascension_level":20}}