{"host":"dntw6kil9p09eemm","time":1609411001,"event":{"mods":["Alarm Clock","Aspiration","BaseMod","Downfall","Hermit","Hubris","Minty Spire (QoL Compilation)","Permanent Neow","Replay The Spire","Shop Mod","StSLib"],"gold_per_floor":[118,118,95,109,120,120,154,171,198,211,229,229,256,276,276,374,374,388,405,417,430,448,448,463,463,517,28,56,56,56,56],"floor_reached":29,"playtime":2782,"items_purged":[],"score":241,"play_id":"a664c5c7-09e6-49c1-8536-33673112658e","local_time":"20201231193641","is_ascension_mode":false,"campfire_choices":[{"data":"hexamod:Float","floor":6.0,"key":"SMITH"},{"floor":15,"key":"REST"},{"floor":23,"key":"REST"},{"floor":25,"key":"REST"}],"circlet_count":0,"master_deck":["hexamod:Strike","hexamod:Strike","hexamod:Strike","hexamod:Defend","hexamod:Defend","hexamod:Defend","hexamod:Sear","hexamod:Float+1","hexamod:CrushingStance","hexamod:ExtraCrispy","hexamod:ThermalTransfer","hexamod:BurningTouch","hexamod:RadiantFlame","hexamod:EmpoweredFlame","hexamod:VolcanoVisage","hexamod:Again","hexamod:ApocalypticArmor","hexamod:Firestarter+1","hexamod:SoulSteal","hexamod:StepThrough"],"relics":["hexamod:SpiritBrand","hubris:Towel","Bird Faced Urn","Dream Catcher","aspiration:Lifesprig","Omamori","MerchantsRug","hexamod:RecyclingMachine","Snack Pack","Red Mask"],"acts_visited":["Exordium","TheCity"],"potions_floor_usage":[13,24],"damage_taken":[{"damage":0.0,"enemies":"Cultist","floor":1.0,"turns":3.0},{"damage":0.0,"enemies":"Small Slimes","floor":4.0,"turns":3.0},{"damage":0.0,"enemies":"Jaw Worm","floor":5.0,"turns":3.0},{"damage":16.0,"enemies":"3 Sentries","floor":7.0,"turns":7.0},{"damage":1.0,"enemies":"3 Louse","floor":8.0,"turns":3.0},{"damage":0.0,"enemies":"Large Slime","floor":10.0,"turns":3.0},{"damage":2.0,"enemies":"Exordium Thugs","floor":11.0,"turns":5.0},{"damage":33,"enemies":"Gremlin Nob","floor":13,"turns":5},{"damage":35,"enemies":"Gremlin Gang","floor":14,"turns":4},{"damage":10,"enemies":"Hexaghost","floor":16,"turns":9},{"damage":8,"enemies":"Chosen","floor":18,"turns":6},{"damage":25,"enemies":"Spheric Guardian","floor":19,"turns":5},{"damage":23,"enemies":"Shelled Parasite and Fungi","floor":20,"turns":7},{"damage":30,"enemies":"Snake Plant","floor":21,"turns":4},{"damage":15,"enemies":"Snecko","floor":22,"turns":6},{"damage":7,"enemies":"Centurion and Healer","floor":24,"turns":4},{"damage":54,"enemies":"Masked Bandits","floor":28,"turns":4},{"damage":15,"enemies":"Cultist and Chosen","floor":29,"turns":3}],"seed_played":"5199802176186235555","potions_obtained":[{"floor":4.0,"key":"Strength Potion"},{"floor":8.0,"key":"Reflective Coating"},{"floor":10.0,"key":"Elixir"},{"floor":13,"key":"sneckomod:MuddlingPotion"},{"floor":21,"key":"Explosive Potion"},{"floor":24,"key":"Dexterity Potion"}],"is_trial":false,"path_per_floor":["M","?","$","M","M","R","E","M","T","M","M","?","E","M","R","B",null,"M","M","M","M","M","R","M","R","T","$","?","M"],"character_chosen":"THE_SPIRIT","items_purchased":["hexamod:ThermalTransfer","MerchantsRug","hexamod:RecyclingMachine","Snack Pack"],"campfire_rested":3,"item_purchase_floors":[3,27,27,27],"current_hp_per_floor":[70,70,70,70,70,70,54,53,53,55,59,59,32,5,26,24,70,64,49,36,16,9,30,33,54,54,54,8,0,0,0],"gold":56,"neow_bonus":"TRANSFORM_CARD","is_daily":false,"chose_seed":false,"campfire_upgraded":1,"win_rate":0.0,"timestamp":1609411001,"path_taken":["M","?","$","M","M","R","E","M","T","M","M","?","E","?","R","BOSS","M","M","M","M","M","R","M","R","T","$","?","M"],"items_purchased_type":["Card","Relic","Relic","Relic"],"build_version":"2020-12-22","purchased_purges":0,"victory":false,"max_hp_per_floor":[70,70,70,70,70,70,70,70,70,70,70,70,70,70,70,70,70,70,70,70,70,70,70,70,70,70,70,70,70,70,70],"card_choices":[{"not_picked":["hexamod:InspiringFlames","hexamod:BacktrackSmack"],"picked":"hexamod:ExtraCrispy","floor":1.0},{"not_picked":["hexamod:EtherealExpedition","hexamod:Hexaguard"],"picked":"hexamod:BurningTouch","floor":4.0},{"not_picked":["hexamod:SpectralAdrenaline","hexamod:InspiringFlames"],"picked":"hexamod:RadiantFlame","floor":5.0},{"not_picked":["hexamod:GhostShield","hexamod:FourthSeal","hexamod:AdvancingGuard"],"picked":"SKIP","floor":7.0},{"not_picked":["hexamod:SpectersWail","hexamod:SpectralAdrenaline","hexamod:BacktrackSmack"],"picked":"SKIP","floor":8.0},{"not_picked":["hexamod:FlamesFromBeyond","hexamod:NightmareStrike"],"picked":"hexamod:EmpoweredFlame","floor":10.0},{"not_picked":["hexamod:SpectersWail","hexamod:HeatShield","hexamod:SwordOfDarkness"],"picked":"SKIP","floor":11.0},{"not_picked":["hexamod:EmpoweredFlame","hexamod:ThirdSeal"],"picked":"hexamod:VolcanoVisage","floor":13},{"not_picked":["hexamod:GhostShield","hexamod:SwordOfDarkness"],"picked":"hexamod:Again","floor":14},{"not_picked":["hexamod:WildfireWeapon","hexamod:ParanormalForm"],"picked":"hexamod:ApocalypticArmor","floor":16},{"not_picked":["hexamod:HauntingEcho","hexamod:RecurringNightmare"],"picked":"hexamod:Firestarter+1","floor":18},{"not_picked":["hexamod:SwordOfDarkness","hexamod:ShieldOfDarkness+1","hexamod:NightmareGuise"],"picked":"SKIP","floor":19},{"not_picked":["hexamod:NightmareStrike","hexamod:HeatShield"],"picked":"hexamod:SoulSteal","floor":20},{"not_picked":["hexamod:Hexaguard","hexamod:SecondSeal","hexamod:HauntingEcho+1"],"picked":"SKIP","floor":21},{"not_picked":["hexamod:AdvancingGuard","hexamod:NightmareStrike","hexamod:FlamesFromBeyond"],"picked":"SKIP","floor":22},{"not_picked":["hexamod:ShieldOfDarkness","hexamod:AdvancingGuard"],"picked":"hexamod:StepThrough","floor":23},{"not_picked":["hexamod:HauntingEcho","hexamod:NightmareStrike","hexamod:HeatShield"],"picked":"SKIP","floor":24}],"player_experience":492430,"relics_obtained":[{"floor":7.0,"key":"Bird Faced Urn"},{"floor":9.0,"key":"Dream Catcher"},{"floor":13,"key":"aspiration:Lifesprig"},{"floor":26,"key":"Omamori"},{"floor":28,"key":"Red Mask"}],"event_choices":[{"cards_removed":["hexamod:Strike"],"damage_healed":0,"gold_gain":0,"player_choice":"Forget","damage_taken":0,"max_hp_gain":0,"max_hp_loss":0,"event_name":"Living Wall","floor":12,"gold_loss":0},{"damage_healed":0,"gold_gain":0,"player_choice":"Fought Bandits","damage_taken":0,"max_hp_gain":0,"max_hp_loss":0,"event_name":"Masked Bandits","floor":28,"gold_loss":0}],"is_beta":false,"boss_relics":[{"not_picked":["Calling Bell","Replay:Drink Me","aspiration:SilentSkillbook"]}],"items_purged_floors":[],"is_endless":false,"potions_floor_spawned":[4,8,10,13,18,21,24],"killed_by":"Cultist and Chosen","ascension_level":0}}