{"host":"oigynbtg272c19pw","time":1609430567,"event":{"mods":["BaseMod","Colored Map","Minty Spire (QoL Compilation)","Relic Stats","StSLib"],"gold_per_floor":[115,190,190,150,167,167,199,199,199,232,232,232,197,213,213,213,213],"floor_reached":16,"playtime":673,"items_purged":[],"score":212,"play_id":"de6468d1-750d-4a30-9055-a548a3ce6c8a","local_time":"20201231170247","is_ascension_mode":true,"campfire_choices":[{"data":"Dagger Spray","floor":6.0,"key":"SMITH"},{"data":"Footwork","floor":8.0,"key":"SMITH"},{"floor":15,"key":"REST"}],"circlet_count":0,"master_deck":["AscendersBane","Strike_G","Strike_G","Strike_G","Strike_G","Defend_G","Defend_G","Defend_G","Defend_G","Defend_G","Survivor","Neutralize","Footwork+1","Dagger Spray+1","Blur","Calculated Gamble","Backstab"],"relics":["Ring of the Snake","Blue Candle","Paper Crane","The Specimen","Unceasing Top"],"acts_visited":["Exordium"],"potions_floor_usage":[10],"damage_taken":[{"damage":0.0,"enemies":"Small Slimes","floor":1.0,"turns":4.0},{"damage":0.0,"enemies":"2 Louse","floor":5.0,"turns":4.0},{"damage":14.0,"enemies":"3 Sentries","floor":7.0,"turns":8.0},{"damage":34,"enemies":"Gremlin Nob","floor":10,"turns":5},{"damage":0,"enemies":"Cultist","floor":14,"turns":5},{"damage":43,"enemies":"Slime Boss","floor":16,"turns":11}],"seed_played":"2700995577396231404","potions_obtained":[{"floor":1.0,"key":"Fire Potion"},{"floor":4.0,"key":"Explosive Potion"},{"floor":14,"key":"Ancient Potion"}],"is_trial":false,"path_per_floor":["M","?","?","?","M","R","E","R","T","E","?","?","?","M","R","B"],"character_chosen":"THE_SILENT","items_purchased":[],"campfire_rested":1,"item_purchase_floors":[],"current_hp_per_floor":[65,54,49,49,49,49,35,35,35,1,1,1,19,19,40,0,0],"gold":213,"neow_bonus":"TEN_PERCENT_HP_BONUS","is_daily":false,"chose_seed":false,"campfire_upgraded":2,"win_rate":0.0,"timestamp":1609430567,"path_taken":["M","?","?","?","?","R","E","R","T","E","?","?","?","M","R","BOSS"],"items_purchased_type":[],"build_version":"2020-12-13","purchased_purges":0,"victory":false,"max_hp_per_floor":[72,72,72,72,72,72,72,72,72,72,72,72,72,72,72,72,72],"relic_stats":{"counters":[6,37],"Blue Candle":[0],"obtain_stats":[{"The Specimen":9,"Blue Candle":3,"Paper Crane":7,"Unceasing Top":10,"Ring of the Snake":0},{"The Specimen":3,"Blue Candle":1,"Paper Crane":3,"Unceasing Top":4,"Ring of the Snake":0},{"The Specimen":16,"Blue Candle":4,"Paper Crane":16,"Unceasing Top":21,"Ring of the Snake":0}],"Unceasing Top":[0],"Ring of the Snake":[12]},"card_choices":[{"not_picked":["Caltrops","Quick Slash"],"picked":"Footwork","floor":1.0},{"not_picked":["Blur","Choke"],"picked":"Dagger Spray","floor":5.0},{"not_picked":["Deflect","PiercingWail"],"picked":"Blur","floor":7.0},{"not_picked":["Flying Knee","Blur"],"picked":"Calculated Gamble","floor":10},{"not_picked":["Slice","Prepared"],"picked":"Backstab","floor":14}],"player_experience":1314042,"relics_obtained":[{"floor":7.0,"key":"Paper Crane"},{"floor":9.0,"key":"The Specimen"},{"floor":10,"key":"Unceasing Top"}],"event_choices":[{"damage_healed":0.0,"max_hp_gain":0.0,"max_hp_loss":0.0,"gold_gain":75.0,"event_name":"World of Goop","player_choice":"Gather Gold","floor":2.0,"gold_loss":0.0,"damage_taken":11.0},{"damage_healed":0.0,"max_hp_gain":0.0,"max_hp_loss":0.0,"gold_gain":0.0,"event_name":"Scrap Ooze","player_choice":"Success","floor":3.0,"gold_loss":0.0,"damage_taken":5.0,"relics_obtained":["Blue Candle"]},{"damage_healed":0.0,"max_hp_gain":0.0,"max_hp_loss":0.0,"gold_gain":0.0,"event_name":"The Woman in Blue","player_choice":"Bought 3 Potions","floor":4.0,"gold_loss":0.0,"damage_taken":0.0},{"cards_removed":["Strike_G"],"damage_healed":0,"gold_gain":0,"player_choice":"Forget","damage_taken":0,"max_hp_gain":0,"max_hp_loss":0,"event_name":"Living Wall","floor":11,"gold_loss":0},{"damage_healed":0,"gold_gain":0,"player_choice":"Ignored","damage_taken":0,"max_hp_gain":0,"max_hp_loss":0,"event_name":"Shining Light","floor":12,"gold_loss":0},{"damage_healed":18,"gold_gain":0,"player_choice":"Healed","damage_taken":0,"max_hp_gain":0,"max_hp_loss":0,"event_name":"The Cleric","floor":13,"gold_loss":35}],"is_beta":false,"boss_relics":[],"items_purged_floors":[],"is_endless":false,"potions_floor_spawned":[1,14],"killed_by":"Slime Boss","ascension_level":20}}