{"host":"illcitrm55wwsa0m","time":1609437066,"event":{"mods":["AchievementEnabler","BaseMod","Colored Map","Minty Spire (QoL Compilation)","Quick Restart"],"gold_per_floor":[111,42,42,42,56,82,82,117,143,160,185,203,10,30,30,127,127,143,58,157,28,28,59,59,74,101,136,136,150,185,197,197,197,197],"floor_reached":33,"playtime":2884,"items_purged":["Strike_R","Strike_R"],"score":339,"play_id":"738b4ffd-b7f2-4ba7-b1b2-479f290995e0","local_time":"20201231185106","is_ascension_mode":true,"campfire_choices":[{"data":"Searing Blow","floor":7,"key":"SMITH"},{"data":"True Grit","floor":15,"key":"SMITH"},{"data":"Searing Blow+1","floor":24,"key":"SMITH"},{"data":"Searing Blow+3","floor":28,"key":"SMITH"},{"floor":32,"key":"REST"}],"circlet_count":0,"master_deck":["Strike_R","Strike_R","Strike_R","Defend_R","Defend_R","Defend_R","Defend_R","Bash","Searing Blow+4","Whirlwind+1","Armaments","True Grit+1","Pommel Strike+1","Armaments","Ghostly Armor","Impervious","Armaments","Battle Trance","Ghostly Armor","Headbutt","Dual Wield"],"relics":["Burning Blood","MealTicket","Anchor","Paper Frog","Incense Burner","Membership Card","Snecko Eye","Mercury Hourglass","PreservedInsect","Whetstone","Mummified Hand","Shuriken"],"acts_visited":["Exordium","TheCity"],"potions_floor_usage":[12,16,16,33,33,33],"damage_taken":[{"damage":1,"enemies":"Cultist","floor":1,"turns":4},{"damage":9,"enemies":"Jaw Worm","floor":5,"turns":5},{"damage":30,"enemies":"3 Sentries","floor":6,"turns":5},{"damage":42,"enemies":"Lagavulin","floor":8,"turns":7},{"damage":0,"enemies":"Small Slimes","floor":10,"turns":5},{"damage":19,"enemies":"Gremlin Nob","floor":11,"turns":4},{"damage":3,"enemies":"Exordium Thugs","floor":12,"turns":2},{"damage":0,"enemies":"3 Louse","floor":14,"turns":2},{"damage":36,"enemies":"The Guardian","floor":16,"turns":15},{"damage":4,"enemies":"3 Byrds","floor":18,"turns":4},{"damage":16,"enemies":"Gremlin Leader","floor":23,"turns":5},{"damage":10,"enemies":"2 Thieves","floor":25,"turns":3},{"damage":18,"enemies":"Book of Stabbing","floor":27,"turns":3},{"damage":8,"enemies":"Sentry and Sphere","floor":29,"turns":4},{"damage":39,"enemies":"Gremlin Leader","floor":30,"turns":6},{"damage":0,"enemies":"3 Cultists","floor":31,"turns":3},{"damage":58,"enemies":"Automaton","floor":33,"turns":10}],"seed_played":"-2945776218026363795","potions_obtained":[{"floor":1,"key":"ElixirPotion"},{"floor":8,"key":"DuplicationPotion"},{"floor":12,"key":"Fire Potion"},{"floor":25,"key":"ColorlessPotion"},{"floor":27,"key":"LiquidMemories"}],"is_trial":false,"path_per_floor":["M","$","?","?","M","E","R","E","T","M","E","M","$","M","R","B",null,"M","?","?","$","?","E","R","M","T","E","R","M","E","M","R","B"],"character_chosen":"IRONCLAD","items_purchased":["Whirlwind","Membership Card","Battle Trance","DuplicationPotion"],"campfire_rested":1,"item_purchase_floors":[2,13,21,21],"current_hp_per_floor":[80,80,85,85,82,58,58,22,22,28,15,18,33,39,39,9,85,85,85,85,85,85,75,75,71,71,59,59,57,24,30,55,0,0],"gold":197,"neow_bonus":"RANDOM_COMMON_RELIC","is_daily":false,"chose_seed":false,"campfire_upgraded":4,"win_rate":0.0,"timestamp":1609437066,"path_taken":["M","?","?","?","M","E","R","E","T","M","E","?","$","M","R","BOSS","M","?","?","$","?","E","R","M","T","E","R","?","E","M","R","BOSS"],"items_purchased_type":["Card","Relic","Card","Potion"],"build_version":"2020-12-22","purchased_purges":2,"victory":false,"max_hp_per_floor":[80,80,85,85,85,85,85,85,85,85,85,85,85,85,85,85,85,85,85,85,85,85,85,85,85,85,85,85,85,85,85,85,85,85],"card_choices":[{"not_picked":["True Grit","Intimidate"],"picked":"Searing Blow","floor":1},{"not_picked":["True Grit","Flame Barrier"],"picked":"Armaments","floor":5},{"not_picked":["Body Slam","Headbutt","Corruption"],"picked":"SKIP","floor":6},{"not_picked":["Second Wind","Metallicize","Wild Strike"],"picked":"SKIP","floor":8},{"not_picked":["Havoc","Warcry"],"picked":"True Grit","floor":10},{"not_picked":["Reckless Charge","Fiend Fire"],"picked":"Pommel Strike","floor":11},{"not_picked":["Entrench","Clash"],"picked":"Armaments","floor":12},{"not_picked":["Thunderclap","Reckless Charge"],"picked":"Ghostly Armor","floor":14},{"not_picked":["Immolate","Reaper"],"picked":"Impervious","floor":16},{"not_picked":["Havoc","Seeing Red"],"picked":"Armaments","floor":18},{"not_picked":["Pummel","Anger"],"picked":"Ghostly Armor","floor":23},{"not_picked":["Thunderclap","Rupture","Body Slam"],"picked":"SKIP","floor":25},{"not_picked":["True Grit","Fire Breathing+1","Havoc"],"picked":"SKIP","floor":27},{"not_picked":["Perfected Strike","Armaments"],"picked":"Headbutt","floor":29},{"not_picked":["Pommel Strike","Flame Barrier","Anger"],"picked":"SKIP","floor":30},{"not_picked":["Anger","Pommel Strike+1"],"picked":"Dual Wield","floor":31}],"player_experience":99441,"relics_obtained":[{"floor":6,"key":"Anchor"},{"floor":8,"key":"Paper Frog"},{"floor":11,"key":"Incense Burner"},{"floor":23,"key":"PreservedInsect"},{"floor":26,"key":"Whetstone"},{"floor":27,"key":"Mummified Hand"},{"floor":30,"key":"Shuriken"}],"event_choices":[{"damage_healed":0,"gold_gain":0,"player_choice":"Donut","damage_taken":0,"max_hp_gain":5,"max_hp_loss":0,"event_name":"Big Fish","floor":3,"gold_loss":0},{"damage_healed":0,"gold_gain":0,"player_choice":"Upgraded","damage_taken":0,"max_hp_gain":0,"max_hp_loss":0,"event_name":"Upgrade Shrine","floor":4,"gold_loss":0,"cards_upgraded":["Whirlwind"]},{"damage_healed":0,"gold_gain":0,"player_choice":"Obtained Relic","damage_taken":0,"relics_obtained":["Mercury Hourglass"],"max_hp_gain":0,"max_hp_loss":0,"event_name":"Addict","floor":19,"gold_loss":85},{"damage_healed":0,"gold_gain":99,"player_choice":"Stole From Cult","damage_taken":0,"max_hp_gain":0,"max_hp_loss":0,"event_name":"Nest","floor":20,"gold_loss":0},{"damage_healed":0,"gold_gain":0,"player_choice":"Ignored","damage_taken":0,"max_hp_gain":0,"max_hp_loss":0,"event_name":"Vampires","floor":22,"gold_loss":0}],"is_beta":false,"boss_relics":[{"not_picked":["Cursed Key","Calling Bell"],"picked":"Snecko Eye"}],"items_purged_floors":[13,21],"is_endless":false,"potions_floor_spawned":[1,8,12,25,27,29,30,31],"killed_by":"Automaton","ascension_level":1}}