{"host":"xazfs2cmso1lkipw","time":1609439305,"event":{"mods":["Arknights The Spire","BaseMod","Bestiary","Better Third Choice","Colored Powertips","Custom Start","Highlight Path","Mad Scientist","Marisa????????","Minty Spire (QoL Compilation)","Quick Restart","Railgun Mod","Relic Stats","Remilia??????","Shop Mod","StSLib","The Alterego","The Elementalist","The Servant 0.9.4","TheSwordswoman"],"gold_per_floor":[117,130,130,130,143,143,176,176,200,233,82,101,135,149,149,221,221,232,251,121,135,149,188,188,226,226,245,288,288,328,346,346,425,425,440,458,304,322,342,382,382,415,415,447,472,472,507,525,525,525,525],"floor_reached":52,"playtime":2952,"items_purged":[],"score":3119,"play_id":"0aa3c535-82aa-4b00-9a5d-3019571ef318","local_time":"20210101022825","daily_mods":["Hoarder","Specialized","Vintage","Time Dilation","Flight","DeadlyEvents","Elite Swarm","Lethality"],"is_ascension_mode":true,"campfire_choices":[{"data":"DevaForm","floor":6,"key":"SMITH"},{"data":"TheRailgun:Level_6","floor":8,"key":"SMITH"},{"data":"TheWorld","floor":15,"key":"SMITH"},{"data":"TheWorld","floor":24,"key":"SMITH"},{"data":"TheWorld","floor":29,"key":"SMITH"},{"data":"KillingDoll","floor":32,"key":"SMITH"},{"data":"KillingDoll","floor":41,"key":"SMITH"},{"data":"KillingDoll","floor":46,"key":"SMITH"},{"data":"SurpressingFire","floor":49,"key":"SMITH"}],"circlet_count":0,"master_deck":["Demon Form","Wraith Form v2","Echo Form+1","DevaForm+1","TheRailgun:Level_6+1","BatForm","FlawlessForm","AscendersBane","Strike_S+1","Strike_S","Strike_S+1","Strike_S","Defend_S","Defend_S","KidneyShot","Exchange","ForgedInTime","ForgedInTime","ForgedInTime","Duplication","Duplication","Duplication","Dilation","Dilation","Dilation","TheWorld+1","TheWorld+1","TheWorld+1","SurpressingFire+1","SurpressingFire","SurpressingFire","Desolation+1","Desolation+1","Desolation+1","Foresight","Foresight","Foresight","ShiftingGears","ShiftingGears","ShiftingGears","Deny","Deny","Deny","KillingDoll+1","KillingDoll+1","KillingDoll+1","Initiator","Initiator","Initiator","Embodiment","Embodiment","Embodiment","BestPractice+1","BestPractice+1","BestPractice+1","Dramatic Entrance","Dramatic Entrance","Dramatic Entrance","Solidify+1","Solidify+1","Solidify+1"],"relics":["Uniform","Broom","KneeBrace","MysterySword","OldScarf","Pan","PaperSwan","PocketWatch","RomanBracelet","SplendidAttire","StoneMask","Uniform","Anchor","Meat on the Bone","Eternal Feather","InkBottle","MealTicket","Art of War","Blue Candle","ats:Originium","Incense Burner","Tiny Chest","Empty Cage","CeramicFish","Nunchaku","Orrery","Bag of Marbles","Ancient Tea Set","Happy Flower","Toxic Egg 2","Akabeko","Bottled Lightning","Strawberry","White Beast Statue","Oddly Smooth Stone","Philosopher\u0027s Stone","Frozen Egg 2","Kunai","Omamori","Blood Vial","Bird Faced Urn","Singing Bowl","Thread and Needle","Pocketwatch","CaptainsWheel","Whetstone"],"acts_visited":["Exordium","TheCity","TheBeyond"],"potions_floor_usage":[13,36,36],"damage_taken":[{"damage":11,"enemies":"Jaw Worm","floor":1,"turns":3},{"damage":0,"enemies":"Cultist","floor":2,"turns":2},{"damage":0,"enemies":"Cultist","floor":3,"turns":1},{"damage":0,"enemies":"2 Louse","floor":5,"turns":1},{"damage":0,"enemies":"Lagavulin","floor":7,"turns":5},{"damage":0,"enemies":"Gremlin Nob","floor":10,"turns":2},{"damage":22,"enemies":"Exordium Wildlife","floor":12,"turns":4},{"damage":0,"enemies":"Lagavulin","floor":13,"turns":4},{"damage":21,"enemies":"2 Fungi Beasts","floor":14,"turns":3},{"damage":0,"enemies":"Hexaghost","floor":16,"turns":5},{"damage":0,"enemies":"Shell Parasite","floor":18,"turns":1},{"damage":0,"enemies":"Chosen","floor":19,"turns":4},{"damage":37,"enemies":"Shelled Parasite and Fungi","floor":21,"turns":4},{"damage":44,"enemies":"Cultist and Chosen","floor":22,"turns":5},{"damage":44,"enemies":"Slavers","floor":23,"turns":7},{"damage":0,"enemies":"Book of Stabbing","floor":25,"turns":1},{"damage":0,"enemies":"3 Cultists","floor":27,"turns":2},{"damage":0,"enemies":"Slavers","floor":28,"turns":1},{"damage":0,"enemies":"Book of Stabbing","floor":30,"turns":1},{"damage":0,"enemies":"Snake Plant","floor":31,"turns":1},{"damage":1,"enemies":"Collector","floor":33,"turns":1},{"damage":0,"enemies":"3 Darklings","floor":35,"turns":1},{"damage":0,"enemies":"Orb Walker","floor":36,"turns":1},{"damage":27,"enemies":"Transient","floor":38,"turns":4},{"damage":0,"enemies":"Spire Growth","floor":39,"turns":1},{"damage":0,"enemies":"Nemesis","floor":40,"turns":1},{"damage":0,"enemies":"Giant Head","floor":42,"turns":1},{"damage":0,"enemies":"Nemesis","floor":44,"turns":3},{"damage":11,"enemies":"Giant Head","floor":47,"turns":2},{"damage":0,"enemies":"Writhing Mass","floor":48,"turns":1},{"damage":0,"enemies":"Donu and Deca","floor":50,"turns":4},{"damage":45,"enemies":"Time Eater","floor":51,"turns":2}],"seed_played":"1119413255175989722","potions_obtained":[{"floor":7,"key":"Dexterity Potion"},{"floor":10,"key":"BlessingOfTheForge"},{"floor":14,"key":"Fruit Juice"},{"floor":36,"key":"DuplicationPotion"},{"floor":38,"key":"SteroidPotion"}],"is_trial":true,"path_per_floor":["M","M","?","?","M","R","E","R","T","E","$","M","E","M","R","B",null,"M","M","$","M","M","E","R","E","T","M","E","R","E","M","R","B",null,"M","M","$","M","M","E","R","E","T","E","T","R","E","M","R","B","B",null],"character_chosen":"THE_SERVANT","items_purchased":["Dilation","Orrery","BestPractice+1","Dramatic Entrance"],"campfire_rested":0,"item_purchase_floors":[11,20,37,37],"current_hp_per_floor":[46,49,52,52,58,65,66,66,66,67,67,51,67,72,72,73,73,74,75,75,59,48,40,64,67,67,76,96,96,97,98,98,99,99,100,106,106,82,85,90,109,112,112,115,115,115,117,119,119,121,87],"gold":525,"neow_bonus":"","is_daily":false,"chose_seed":false,"campfire_upgraded":9,"win_rate":0.0,"timestamp":1609439305,"path_taken":["M","M","?","?","M","R","E","R","T","E","$","M","E","M","R","BOSS","M","M","$","M","?","E","R","E","T","M","?","R","E","M","R","BOSS","M","M","$","?","M","E","R","E","T","E","?","R","E","M","R","BOSS","BOSS"],"items_purchased_type":["Card","Relic","Card","Card"],"build_version":"2020-12-22","purchased_purges":0,"victory":true,"max_hp_per_floor":[61,62,63,63,65,65,66,66,66,67,67,69,70,72,72,73,73,74,75,75,77,79,82,82,83,83,86,96,96,97,98,98,99,99,100,106,106,107,108,109,109,112,112,115,115,115,118,119,119,121,122],"relic_stats":{"Happy Flower":[9],"Singing Bowl":6,"counters":[32,79],"Blue Candle":[2],"CeramicFish":99,"Eternal Feather":50,"Whetstone":["Strike_S","Strike_S"],"Blood Vial":3,"Nunchaku":[10],"Bird Faced Urn":[16],"MealTicket":0,"Tiny Chest":1,"Art of War":[16],"Kunai":[14],"obtain_stats":[{"SplendidAttire":0,"KneeBrace":0,"Singing Bowl":42,"CeramicFish":18,"Uniform":0,"Broom":0,"Incense Burner":13,"Whetstone":48,"Empty Cage":17,"Ancient Tea Set":22,"Blood Vial":39,"RomanBracelet":0,"Nunchaku":19,"Strawberry":28,"MealTicket":9,"Tiny Chest":14,"Philosopher\u0027s Stone":34,"PocketWatch":0,"Kunai":36,"Toxic Egg 2":25,"InkBottle":7,"Happy Flower":23,"StoneMask":0,"Blue Candle":12,"Oddly Smooth Stone":31,"Eternal Feather":5,"Thread and Needle":43,"Omamori":38,"PaperSwan":0,"Frozen Egg 2":35,"Akabeko":26,"White Beast Statue":30,"Anchor":1,"CaptainsWheel":47,"ats:Originium":13,"MysterySword":0,"Bird Faced Urn":40,"Orrery":20,"Art of War":10,"Bag of Marbles":21,"Bottled Lightning":27,"OldScarf":0,"Pan":0,"Meat on the Bone":2,"Pocketwatch":44},{"SplendidAttire":0,"KneeBrace":0,"Singing Bowl":27,"CeramicFish":11,"Uniform":0,"Broom":0,"Incense Burner":8,"Whetstone":30,"Empty Cage":10,"Ancient Tea Set":14,"Blood Vial":25,"RomanBracelet":0,"Nunchaku":12,"Strawberry":18,"MealTicket":5,"Tiny Chest":9,"Philosopher\u0027s Stone":21,"PocketWatch":0,"Kunai":23,"Toxic Egg 2":16,"InkBottle":5,"Happy Flower":15,"StoneMask":0,"Blue Candle":7,"Oddly Smooth Stone":20,"Eternal Feather":4,"Thread and Needle":27,"Omamori":24,"PaperSwan":0,"Frozen Egg 2":22,"Akabeko":16,"White Beast Statue":19,"Anchor":1,"CaptainsWheel":29,"ats:Originium":8,"MysterySword":0,"Bird Faced Urn":26,"Orrery":12,"Art of War":6,"Bag of Marbles":13,"Bottled Lightning":17,"OldScarf":0,"Pan":0,"Meat on the Bone":2,"Pocketwatch":28},{"SplendidAttire":0,"KneeBrace":0,"Singing Bowl":67,"CeramicFish":31,"Uniform":0,"Broom":0,"Incense Burner":22,"Whetstone":73,"Empty Cage":30,"Ancient Tea Set":44,"Blood Vial":65,"RomanBracelet":0,"Nunchaku":35,"Strawberry":55,"MealTicket":12,"Tiny Chest":25,"Philosopher\u0027s Stone":58,"PocketWatch":0,"Kunai":60,"Toxic Egg 2":52,"InkBottle":12,"Happy Flower":51,"StoneMask":0,"Blue Candle":18,"Oddly Smooth Stone":57,"Eternal Feather":7,"Thread and Needle":67,"Omamori":64,"PaperSwan":0,"Frozen Egg 2":59,"Akabeko":52,"White Beast Statue":56,"Anchor":3,"CaptainsWheel":72,"ats:Originium":22,"MysterySword":0,"Bird Faced Urn":66,"Orrery":35,"Art of War":14,"Bag of Marbles":39,"Bottled Lightning":54,"OldScarf":0,"Pan":0,"Meat on the Bone":5,"Pocketwatch":70}],"InkBottle":[43],"Meat on the Bone":24,"Pocketwatch":[0]},"card_choices":[{"not_picked":["FlawlessForm","PendulumOfEternity"],"picked":"ForgedInTime","floor":7},{"not_picked":["ForgedInTime","FloweringNight"],"picked":"Duplication","floor":10},{"not_picked":["MurderousAura","FlawlessForm"],"picked":"TheWorld","floor":13},{"not_picked":["Defy","Gouge"],"picked":"SurpressingFire","floor":20},{"not_picked":["Comet","DoubleEdge"],"picked":"Desolation+1","floor":20},{"not_picked":["FastForward","Dilation"],"picked":"Foresight","floor":20},{"not_picked":["FastForward","SurpressingFire"],"picked":"ShiftingGears","floor":20},{"not_picked":["MurderousAura","TheWorld"],"picked":"Deny","floor":23},{"not_picked":["Duplication+1","FlawlessForm"],"picked":"KillingDoll","floor":25},{"not_picked":["FlawlessForm","PendulumOfEternity"],"picked":"Initiator","floor":28},{"not_picked":["PendulumOfEternity","Deny+1"],"picked":"Embodiment","floor":30},{"not_picked":["SoulSculpture","MurderousAura+1"],"picked":"Solidify+1","floor":40},{"not_picked":["Sunlight","Initiator","FloweringNight+1"],"picked":"Singing Bowl","floor":42},{"not_picked":["MurderousAura+1","Sunlight","Embodiment+1"],"picked":"Singing Bowl","floor":44},{"not_picked":["Embodiment+1","Dilation+1","Initiator"],"picked":"Singing Bowl","floor":47}],"player_experience":27894,"relics_obtained":[{"floor":1,"key":"Anchor"},{"floor":2,"key":"Meat on the Bone"},{"floor":5,"key":"Eternal Feather"},{"floor":7,"key":"InkBottle"},{"floor":9,"key":"MealTicket"},{"floor":10,"key":"Art of War"},{"floor":12,"key":"Blue Candle"},{"floor":13,"key":"ats:Originium"},{"floor":13,"key":"Incense Burner"},{"floor":14,"key":"Tiny Chest"},{"floor":18,"key":"CeramicFish"},{"floor":19,"key":"Nunchaku"},{"floor":21,"key":"Bag of Marbles"},{"floor":22,"key":"Ancient Tea Set"},{"floor":23,"key":"Happy Flower"},{"floor":25,"key":"Toxic Egg 2"},{"floor":26,"key":"Akabeko"},{"floor":27,"key":"Bottled Lightning"},{"floor":28,"key":"Strawberry"},{"floor":30,"key":"White Beast Statue"},{"floor":31,"key":"Oddly Smooth Stone"},{"floor":35,"key":"Frozen Egg 2"},{"floor":36,"key":"Kunai"},{"floor":38,"key":"Omamori"},{"floor":39,"key":"Blood Vial"},{"floor":40,"key":"Bird Faced Urn"},{"floor":42,"key":"Singing Bowl"},{"floor":43,"key":"Thread and Needle"},{"floor":44,"key":"Pocketwatch"},{"floor":47,"key":"CaptainsWheel"},{"floor":48,"key":"Whetstone"}],"event_choices":[{"damage_healed":0,"gold_gain":0,"player_choice":"Forge","damage_taken":0,"max_hp_gain":0,"max_hp_loss":0,"event_name":"Accursed Blacksmith","floor":4,"gold_loss":0,"cards_upgraded":["Echo Form"]}],"is_beta":false,"boss_relics":[{"not_picked":["Velvet Choker","StoneMask"],"picked":"Empty Cage"},{"not_picked":["Tiny House","Runic Pyramid"],"picked":"Philosopher\u0027s Stone"}],"items_purged_floors":[],"is_endless":false,"potions_floor_spawned":[7,10,12,14,16,23,25,30,31,33,35,36,38,39,40,42,44,47,48],"ascension_level":20}}