{"host":"pq8o62wp0h1hflf3","time":1609444070,"event":{"mods":["BaseMod","Minty Spire (QoL Compilation)","Relic Stats","ojb\u0027s Info Mod"],"gold_per_floor":[116,18,35,35,35,66,66,91,116,134,149,74,101,101,101,101,101],"floor_reached":16,"playtime":558,"items_purged":[],"score":286,"play_id":"d6802641-ae93-4582-be47-828ce256718a","local_time":"20201231144750","is_ascension_mode":true,"campfire_choices":[{"data":"Noxious Fumes","floor":7,"key":"SMITH"},{"floor":15,"key":"REST"}],"circlet_count":0,"master_deck":["AscendersBane","Strike_G","Strike_G","Strike_G","Strike_G","Strike_G","Defend_G","Defend_G","Defend_G","Defend_G","Defend_G","Survivor","Neutralize","Flying Knee","Noxious Fumes+1","Dash","Parasite","Wraith Form v2","Dash","Deadly Poison","Poisoned Stab","Backflip","Blur","Leg Sweep"],"relics":["Ring of the Snake","NeowsBlessing","Orichalcum","Potion Belt","Juzu Bracelet","MealTicket"],"acts_visited":["Exordium"],"potions_floor_usage":[13,16,16,16,16],"damage_taken":[{"damage":0,"enemies":"Cultist","floor":1,"turns":1},{"damage":0,"enemies":"2 Louse","floor":3,"turns":1},{"damage":0,"enemies":"Gremlin Nob","floor":6,"turns":1},{"damage":24,"enemies":"Lagavulin","floor":8,"turns":8},{"damage":12,"enemies":"Jaw Worm","floor":10,"turns":4},{"damage":2,"enemies":"2 Fungi Beasts","floor":11,"turns":3},{"damage":18,"enemies":"Gremlin Nob","floor":13,"turns":5},{"damage":32,"enemies":"Slime Boss","floor":16,"turns":10}],"seed_played":"-6699733659141045520","potions_obtained":[{"floor":1,"key":"Explosive Potion"},{"floor":10,"key":"Energy Potion"},{"floor":11,"key":"GamblersBrew"},{"floor":13,"key":"Strength Potion"}],"is_trial":false,"path_per_floor":["M","$","M","?","?","E","R","E","T","M","M","$","E","?","R","B"],"character_chosen":"THE_SILENT","items_purchased":["Noxious Fumes","AttackPotion","Leg Sweep"],"campfire_rested":1,"item_purchase_floors":[2,2,12],"current_hp_per_floor":[59,59,59,64,64,64,64,40,40,28,26,26,8,8,29,0,0],"gold":101,"neow_bonus":"THREE_ENEMY_KILL","is_daily":false,"chose_seed":false,"campfire_upgraded":1,"win_rate":0.0,"timestamp":1609444070,"path_taken":["M","$","M","?","?","E","R","E","T","M","M","$","E","?","R","BOSS"],"items_purchased_type":["Card","Potion","Card"],"build_version":"2020-12-22","purchased_purges":0,"victory":false,"max_hp_per_floor":[66,66,66,71,71,71,71,71,71,71,71,71,71,71,71,71,71],"relic_stats":{"counters":[8,33],"MealTicket":0,"Juzu Bracelet":1,"Orichalcum":[66],"obtain_stats":[{"Potion Belt":8,"NeowsBlessing":0,"MealTicket":13,"Juzu Bracelet":9,"Orichalcum":6,"Ring of the Snake":0},{"Potion Belt":4,"NeowsBlessing":0,"MealTicket":7,"Juzu Bracelet":4,"Orichalcum":3,"Ring of the Snake":0},{"Potion Belt":11,"NeowsBlessing":0,"MealTicket":23,"Juzu Bracelet":11,"Orichalcum":3,"Ring of the Snake":0}],"Ring of the Snake":[16]},"card_choices":[{"not_picked":["Blur","Heel Hook"],"picked":"Flying Knee","floor":1},{"not_picked":["Choke","Riddle With Holes"],"picked":"Dash","floor":3},{"not_picked":["Sucker Punch","Slice"],"picked":"Deadly Poison","floor":6},{"not_picked":["Slice","Prepared"],"picked":"Poisoned Stab","floor":8},{"not_picked":["Noxious Fumes","Quick Slash"],"picked":"Backflip","floor":10},{"not_picked":["Cloak And Dagger","Heel Hook"],"picked":"Blur","floor":11},{"not_picked":["Poisoned Stab","Sucker Punch","Dash"],"picked":"SKIP","floor":13}],"player_experience":1093019,"relics_obtained":[{"floor":6,"key":"Orichalcum"},{"floor":8,"key":"Potion Belt"},{"floor":9,"key":"Juzu Bracelet"},{"floor":13,"key":"MealTicket"}],"event_choices":[{"damage_healed":0,"gold_gain":0,"player_choice":"Donut","damage_taken":0,"max_hp_gain":5,"max_hp_loss":0,"event_name":"Big Fish","floor":4,"gold_loss":0},{"damage_healed":0,"gold_gain":0,"player_choice":"3 cards matched","damage_taken":0,"max_hp_gain":0,"max_hp_loss":0,"event_name":"Match and Keep!","floor":5,"gold_loss":0,"cards_obtained":["Parasite","Wraith Form v2","Dash"]},{"damage_healed":0,"gold_gain":0,"player_choice":"Ignored","damage_taken":0,"max_hp_gain":0,"max_hp_loss":0,"event_name":"Liars Game","floor":14,"gold_loss":0}],"is_beta":false,"boss_relics":[],"items_purged_floors":[],"is_endless":false,"potions_floor_spawned":[1,3,10,11,13],"killed_by":"Slime Boss","ascension_level":20}}