{"host":"ygfasg9u7olr7skw","time":1609443319,"event":{"mods":["AchievementEnabler","BaseMod","Better Note","Better Vampires","Colored Powertips","Minty Spire (QoL Compilation)","Replay The Spire","Spicy Shops","StSLib","The IronCluck"],"gold_per_floor":[116,129,143,113,127,127,34,34,34,46,46,46,71,82,82,185,185,205,219,232,232,232],"floor_reached":21,"playtime":1919,"items_purged":[],"score":183,"play_id":"27ae297a-48e2-4300-8792-cc34261f38b8","local_time":"20201231143519","is_ascension_mode":false,"campfire_choices":[{"data":"Bouncing Flask","floor":6,"key":"SMITH"},{"floor":15,"key":"REST"}],"circlet_count":0,"master_deck":["Strike_G","Strike_G","Strike_G","Strike_G","Strike_G","Defend_G","Defend_G","Defend_G","Defend_G","Defend_G+1","Survivor","Neutralize","Dagger Spray","Bouncing Flask+1","Regret","Noxious Fumes+1","ReplayTheSpireMod:Splinters","Deadly Poison+1","Poisoned Stab","Replay:Bag of Tricks","Bouncing Flask"],"relics":["Ring of the Snake","ReplayTheSpireMod:CursedCoin","Replay:Bottled Eggs","Replay:Bottled Snecko","SlaversCollar"],"acts_visited":["Exordium","TheCity"],"potions_floor_usage":[10,10,21,21],"damage_taken":[{"damage":0,"enemies":"Cultist","floor":1,"turns":5},{"damage":0,"enemies":"2 Louse","floor":2,"turns":3},{"damage":2,"enemies":"Jaw Worm","floor":3,"turns":4},{"damage":0,"enemies":"2 Fungi Beasts","floor":5,"turns":3},{"damage":22,"enemies":"Gremlin Gang","floor":10,"turns":4},{"damage":18,"enemies":"Gremlin Nob","floor":13,"turns":4},{"damage":18,"enemies":"Blue Slaver","floor":14,"turns":3},{"damage":44,"enemies":"Fading Forest","floor":16,"turns":11},{"damage":24,"enemies":"3 Byrds","floor":18,"turns":3},{"damage":7,"enemies":"Shell Parasite","floor":19,"turns":4},{"damage":36,"enemies":"Snake Plant","floor":20,"turns":4},{"damage":21,"enemies":"Snecko","floor":21,"turns":4}],"seed_played":"1957083776653820555","potions_obtained":[{"floor":1,"key":"LifebloodPotion"},{"floor":4,"key":"Milkshake"},{"floor":4,"key":"LiquidMemories"},{"floor":10,"key":"Milkshake"},{"floor":13,"key":"Explosive Potion"},{"floor":16,"key":"ColorlessPotion"}],"is_trial":false,"path_per_floor":["M","M","M","?","M","R","$","?","T","M","$","?","E","M","R","B",null,"M","M","M","M"],"character_chosen":"THE_SILENT","items_purchased":["ReplayTheSpireMod:CursedCoin","Noxious Fumes"],"campfire_rested":1,"item_purchase_floors":[7,7],"current_hp_per_floor":[75,75,73,73,73,73,73,73,73,51,51,51,33,15,37,3,75,51,44,8,0,0],"gold":232,"neow_bonus":"RANDOM_EVENT","is_daily":false,"chose_seed":false,"campfire_upgraded":1,"win_rate":0.0,"timestamp":1609443319,"path_taken":["M","?","M","?","?","R","$","?","T","M","$","?","E","M","R","BOSS","M","M","?","M"],"items_purchased_type":["Relic","Card"],"build_version":"2020-12-22","purchased_purges":0,"victory":false,"max_hp_per_floor":[75,75,75,75,75,75,75,75,75,75,75,75,75,75,75,75,75,75,75,75,75,75],"card_choices":[{"not_picked":["Skewer","Blade Dance","Outmaneuver"],"picked":"SKIP","floor":1},{"not_picked":["Deflect","Flying Knee"],"picked":"Dagger Spray","floor":2},{"not_picked":["Outmaneuver","Hidden Blade"],"picked":"Bouncing Flask","floor":3},{"not_picked":["ReplayTheSpireMod:The Works","Reflex","Deflect"],"picked":"SKIP","floor":5},{"not_picked":["Backflip","Sucker Punch"],"picked":"Deadly Poison","floor":10},{"not_picked":["ReplayTheSpireMod:Speed Training","Draining Mist","Venomology"],"picked":"SKIP","floor":13},{"not_picked":["Prepared","Deadly Poison"],"picked":"Poisoned Stab","floor":14},{"not_picked":["Adrenaline","Bullet Time"],"picked":"Replay:Bag of Tricks","floor":16},{"not_picked":["Draining Mist","ReplayTheSpireMod:Shiv Toss","Fluid Movement+1"],"picked":"SKIP","floor":18},{"not_picked":["Flechettes+1","Reflex"],"picked":"Bouncing Flask","floor":19},{"not_picked":["Dagger Spray+1","Acrobatics","Quick Slash"],"picked":"SKIP","floor":20}],"player_experience":195104,"relics_obtained":[{"floor":9,"key":"Replay:Bottled Eggs"},{"floor":13,"key":"Replay:Bottled Snecko"}],"event_choices":[{"damage_healed":0,"gold_gain":0,"player_choice":"Donut","damage_taken":0,"max_hp_gain":5,"max_hp_loss":0,"event_name":"Big Fish","floor":0,"gold_loss":0},{"damage_healed":0,"gold_gain":0,"player_choice":"Bought 2 Potions","damage_taken":0,"max_hp_gain":0,"max_hp_loss":0,"event_name":"The Woman in Blue","floor":4,"gold_loss":0},{"damage_healed":0,"gold_gain":0,"player_choice":"Forge","damage_taken":0,"max_hp_gain":0,"max_hp_loss":0,"event_name":"Accursed Blacksmith","floor":12,"gold_loss":0,"cards_upgraded":["Deadly Poison"]}],"is_beta":false,"boss_relics":[{"not_picked":["Replay:Wanted Poster","Coffee Dripper"],"picked":"SlaversCollar"}],"items_purged_floors":[],"is_endless":false,"potions_floor_spawned":[1,10,13,16,20],"killed_by":"Snecko","ascension_level":0}}