{"host":"15dd7v8o90xso62x","time":1609452327,"event":{"mods":["BaseMod","Minty Spire (QoL Compilation)","Quick Restart","StSLib","SuperFastMode"],"gold_per_floor":[117,42,42,60,60,91,91,111,111,111,136,153,187,207,207,207,207],"floor_reached":16,"playtime":424,"items_purged":["Strike_B"],"score":290,"play_id":"0d68bfd4-559d-4377-a6bd-c60bf59c481d","local_time":"20210101070527","is_ascension_mode":true,"campfire_choices":[{"data":"Zap","floor":7,"key":"SMITH"},{"data":"Dualcast","floor":10,"key":"SMITH"},{"data":"Blizzard","floor":15,"key":"SMITH"}],"circlet_count":0,"master_deck":["AscendersBane","Strike_B","Strike_B","Defend_B","Defend_B","Defend_B","Defend_B","Zap+1","Dualcast+1","Lockon","Glacier","Core Surge","Compile Driver","Blizzard+1","Genetic Algorithm","Reinforced Body","Chill"],"relics":["Cracked Core","NeowsBlessing","Darkstone Periapt","Pear","White Beast Statue","Art of War"],"acts_visited":["Exordium"],"potions_floor_usage":[13,14,14,14,16],"damage_taken":[{"damage":0,"enemies":"Jaw Worm","floor":1,"turns":1},{"damage":0,"enemies":"2 Louse","floor":4,"turns":1},{"damage":0,"enemies":"Gremlin Nob","floor":6,"turns":1},{"damage":1,"enemies":"Small Slimes","floor":8,"turns":3},{"damage":11,"enemies":"Lagavulin","floor":11,"turns":7},{"damage":11,"enemies":"Blue Slaver","floor":12,"turns":3},{"damage":15,"enemies":"3 Sentries","floor":13,"turns":7},{"damage":0,"enemies":"Large Slime","floor":14,"turns":5},{"damage":36,"enemies":"Slime Boss","floor":16,"turns":6}],"seed_played":"3358383723284506913","potions_obtained":[{"floor":1,"key":"Explosive Potion"},{"floor":6,"key":"EssenceOfSteel"},{"floor":13,"key":"EntropicBrew"},{"floor":14,"key":"AttackPotion"}],"is_trial":false,"path_per_floor":["M","$","?","M","?","E","R","M","T","R","E","M","E","M","R","B"],"character_chosen":"DEFECT","items_purchased":[],"campfire_rested":0,"item_purchase_floors":[],"current_hp_per_floor":[64,64,57,57,62,62,62,61,71,71,60,49,34,34,34,0,0],"gold":207,"neow_bonus":"THREE_ENEMY_KILL","is_daily":false,"chose_seed":false,"campfire_upgraded":3,"win_rate":0.0,"timestamp":1609452327,"path_taken":["M","$","?","M","?","E","R","M","T","R","E","M","E","M","R","BOSS"],"items_purchased_type":[],"build_version":"2020-12-22","purchased_purges":1,"victory":false,"max_hp_per_floor":[71,71,71,71,76,76,76,76,86,86,86,86,86,86,86,86,86],"card_choices":[{"not_picked":["Auto Shields","Rebound"],"picked":"Lockon","floor":1},{"not_picked":["White Noise","Stack"],"picked":"Glacier","floor":4},{"not_picked":["Hologram","Conserve Battery"],"picked":"Core Surge","floor":6},{"not_picked":["Gash","Redo"],"picked":"Compile Driver","floor":8},{"not_picked":["Reprogram","Redo"],"picked":"Blizzard","floor":11},{"not_picked":["Sweeping Beam","Rebound"],"picked":"Genetic Algorithm","floor":12},{"not_picked":["Stack","Steam"],"picked":"Reinforced Body","floor":13},{"not_picked":["Darkness","Thunder Strike"],"picked":"Chill","floor":14}],"player_experience":978262,"relics_obtained":[{"floor":6,"key":"Darkstone Periapt"},{"floor":9,"key":"Pear"},{"floor":11,"key":"White Beast Statue"},{"floor":13,"key":"Art of War"}],"event_choices":[{"cards_removed":["Strike_B"],"damage_healed":0,"gold_gain":0,"player_choice":"Card Removal","damage_taken":7,"max_hp_gain":0,"max_hp_loss":0,"event_name":"Golden Wing","floor":3,"gold_loss":0},{"damage_healed":0,"gold_gain":0,"player_choice":"Donut","damage_taken":0,"max_hp_gain":5,"max_hp_loss":0,"event_name":"Big Fish","floor":5,"gold_loss":0}],"is_beta":false,"boss_relics":[],"items_purged_floors":[2],"is_endless":false,"potions_floor_spawned":[1,6,12,13,14],"killed_by":"Slime Boss","ascension_level":20}}