{"host":"78zdngn0u28jm0pp","time":1609392361,"event":{"mods":["BaseMod","Jorbs\u0027s Wanderer Trilogy","Minty Spire (QoL Compilation)","Permanent Neow","Quick Restart","Relic Stats","StSLib","Unceasing Turn Reminder"],"gold_per_floor":[113,113,132,3,18,18,36,86,86,104,139,139,104,115,115,192,192,205,205,42,42,76,106,106,106,106],"floor_reached":25,"playtime":1788,"items_purged":["Strike_G"],"score":488,"play_id":"e084beef-be99-436f-8bd5-bac87a295114","local_time":"20201230222601","is_ascension_mode":true,"campfire_choices":[{"data":"Crippling Poison","floor":6.0,"key":"SMITH"},{"data":"Corpse Explosion","floor":15,"key":"SMITH"},{"data":"Cloak And Dagger","floor":24,"key":"SMITH"}],"circlet_count":0,"master_deck":["AscendersBane","Strike_G","Strike_G+1","Strike_G","Strike_G","Defend_G","Defend_G","Defend_G","Defend_G+1","Defend_G","Survivor","Neutralize","Poisoned Stab","Blade Dance","Terror","Crippling Poison+1","Choke","Cloak And Dagger+1","Dagger Throw","Corpse Explosion+1","Malaise","Footwork","Deflect","Malaise"],"relics":["Ring of the Snake","Tingsha","Question Card","Calipers","Incense Burner","Coffee Dripper","Red Mask","Strawberry"],"acts_visited":["Exordium","TheCity"],"potions_floor_usage":[11,16,23],"damage_taken":[{"damage":0.0,"enemies":"Jaw Worm","floor":1.0,"turns":5.0},{"damage":0.0,"enemies":"Cultist","floor":3.0,"turns":3.0},{"damage":0.0,"enemies":"2 Louse","floor":5.0,"turns":2.0},{"damage":0.0,"enemies":"Large Slime","floor":7.0,"turns":2.0},{"damage":1,"enemies":"Exordium Thugs","floor":10,"turns":3},{"damage":10,"enemies":"Gremlin Nob","floor":11,"turns":3},{"damage":0,"enemies":"Blue Slaver","floor":14,"turns":3},{"damage":9,"enemies":"The Guardian","floor":16,"turns":9},{"damage":0,"enemies":"3 Byrds","floor":18,"turns":2},{"damage":28,"enemies":"Masked Bandits","floor":22,"turns":3},{"damage":0,"enemies":"Slavers","floor":23,"turns":3},{"damage":45,"enemies":"Gremlin Leader","floor":25,"turns":5}],"seed_played":"-4749047901987167096","potions_obtained":[{"floor":1.0,"key":"Energy Potion"},{"floor":5.0,"key":"AttackPotion"},{"floor":14,"key":"GhostInAJar"},{"floor":22,"key":"BlessingOfTheForge"}],"is_trial":false,"path_per_floor":["M","?","M","$","M","R","M","?","T","M","E","?","?","M","R","B",null,"M","?","$","?","?","E","R","E"],"character_chosen":"THE_SILENT","items_purchased":["Terror","AttackPotion","Footwork"],"campfire_rested":0,"item_purchase_floors":[4,4,20],"current_hp_per_floor":[59,41,41,41,41,41,41,35,35,34,24,6,21,21,21,12,48,48,60,60,60,32,39,39,0,0],"gold":106,"neow_bonus":"ONE_RARE_RELIC","is_daily":false,"chose_seed":false,"campfire_upgraded":3,"win_rate":0.0,"timestamp":1609392361,"path_taken":["M","?","M","$","M","R","M","?","T","?","E","?","?","M","R","BOSS","M","?","$","?","?","E","R","E"],"items_purchased_type":["Card","Potion","Card"],"build_version":"2020-12-22","purchased_purges":1,"victory":false,"max_hp_per_floor":[60,60,60,60,60,60,60,60,60,60,60,60,60,60,60,60,60,60,60,60,60,60,67,67,67,67],"relic_stats":{"counters":[12,43],"Tingsha":[33],"Question Card":7,"obtain_stats":[{"Calipers":11,"Strawberry":23,"Tingsha":0,"Incense Burner":12,"Coffee Dripper":17,"Red Mask":22,"Question Card":9,"Ring of the Snake":0},{"Calipers":6,"Strawberry":11,"Tingsha":0,"Incense Burner":6,"Coffee Dripper":8,"Red Mask":10,"Question Card":4,"Ring of the Snake":0},{"Calipers":18,"Strawberry":38,"Tingsha":0,"Incense Burner":18,"Coffee Dripper":30,"Red Mask":35,"Question Card":12,"Ring of the Snake":0}],"Ring of the Snake":[24]},"card_choices":[{"not_picked":["Flechettes","Escape Plan"],"picked":"Poisoned Stab","floor":1.0},{"not_picked":["Acrobatics","Eviscerate"],"picked":"Blade Dance","floor":3.0},{"not_picked":["Slice","Outmaneuver"],"picked":"Crippling Poison","floor":5.0},{"not_picked":["Caltrops","Distraction"],"picked":"Choke","floor":7.0},{"not_picked":["Finisher","Deadly Poison","Caltrops"],"picked":"Cloak And Dagger","floor":10},{"not_picked":["Well Laid Plans","Quick Slash","PiercingWail"],"picked":"Dagger Throw","floor":11},{"not_picked":["Slice","Setup","Acrobatics"],"picked":"Corpse Explosion","floor":14},{"not_picked":["Glass Knife","Night Terror","Die Die Die"],"picked":"Malaise","floor":16},{"not_picked":["Poisoned Stab","Quick Slash","Outmaneuver","Accuracy"],"picked":"SKIP","floor":18},{"not_picked":["Quick Slash","Deadly Poison","Flying Knee"],"picked":"Deflect","floor":22},{"not_picked":["Sucker Punch","Flechettes","Crippling Poison"],"picked":"Malaise","floor":23}],"player_experience":745233,"relics_obtained":[{"floor":9.0,"key":"Question Card"},{"floor":11,"key":"Calipers"},{"floor":22,"key":"Red Mask"},{"floor":23,"key":"Strawberry"}],"event_choices":[{"damage_healed":0.0,"max_hp_gain":0.0,"max_hp_loss":0.0,"gold_gain":0.0,"event_name":"Shining Light","player_choice":"Entered Light","floor":2.0,"gold_loss":0.0,"damage_taken":18.0,"cards_upgraded":["Strike_G","Defend_G"]},{"damage_healed":0.0,"max_hp_gain":0.0,"max_hp_loss":0.0,"gold_gain":50.0,"event_name":"FaceTrader","player_choice":"Touch","floor":8.0,"gold_loss":0.0,"damage_taken":6.0},{"damage_healed":0,"gold_gain":0,"player_choice":"Success","damage_taken":18,"relics_obtained":["Incense Burner"],"max_hp_gain":0,"max_hp_loss":0,"event_name":"Scrap Ooze","floor":12,"gold_loss":0},{"damage_healed":15,"gold_gain":0,"player_choice":"Healed","damage_taken":0,"max_hp_gain":0,"max_hp_loss":0,"event_name":"The Cleric","floor":13,"gold_loss":35},{"damage_healed":12,"gold_gain":0,"player_choice":"Heal","damage_taken":0,"max_hp_gain":0,"max_hp_loss":0,"event_name":"The Library","floor":19,"gold_loss":0},{"damage_healed":0,"gold_gain":0,"player_choice":"Fought Bandits","damage_taken":0,"max_hp_gain":0,"max_hp_loss":0,"event_name":"Masked Bandits","floor":22,"gold_loss":0}],"is_beta":false,"boss_relics":[{"not_picked":["SacredBark","Ectoplasm"],"picked":"Coffee Dripper"}],"items_purged_floors":[20],"is_endless":false,"potions_floor_spawned":[1,5,14,22],"killed_by":"Gremlin Leader","ascension_level":20}}