{"host":"jewdtr7eremy7cl3","time":1609436355,"event":{"mods":["ATMod(阿瑾Mod)","Act Like it!","Arknights The Spire","BaseMod","Dota2Spire","Gensokyo","Lobotomy","LobotomyExtend","Minty Spire (QoL Compilation)","Remilia（蕾米莉亚）","Spicy Shops","StSLib","The Alterego","The Forsaken","The Servant 0.9.4","TheWitcher","WarShipGirlsR/战舰少女R mod","Yakumo Yukari mod","【遗物卡牌】REMEMod","残留之物"],"gold_per_floor":[111,129,22,40,40,51,51,211,211,211,242,254,254,254],"floor_reached":13,"playtime":1094,"items_purged":[],"score":87,"play_id":"06a74330-36d7-4d94-8b3f-747b7d138567","local_time":"20210101013915","is_ascension_mode":false,"campfire_choices":[{"floor":10,"key":"REST"}],"circlet_count":0,"master_deck":["ats:Strike C","ats:Strike G","ats:Strike S","ats:Strike V","ats:Armor Crushing Shot","ats:Defend","ats:Defend","ats:Defend","ats:Emotion Absorption","ats:Counter Healing Mode","Wellcheers","ats:Leaping Hammer","MeatLantern","ats:Ignite","OldLady","ats:Explosion Area Strengthen","DespairKnight","ats:Hammer On","UniverseFragment","ats:Echo Reverb","OSAHOGD","ats:Childhood Dance","FairyFestival","ats:Wolf Pack"],"relics":["ats:Sanity","AT_ATBox","REME_ComplimentaryCards","CogitoBucket","LetterFromLob","Mercury Hourglass","ScarletDevilRocket","ats:Originium","AspirationHeart","Dota2Spire:OctarineCore"],"acts_visited":["Gensokyo:Gensokyo"],"potions_floor_usage":[13],"damage_taken":[{"damage":0,"enemies":"Gensokyo:2_Kodama","floor":1,"turns":4},{"damage":8,"enemies":"Gensokyo:Python","floor":2,"turns":3},{"damage":0,"enemies":"Gensokyo:3_Fairies","floor":4,"turns":5},{"damage":11,"enemies":"Gensokyo:3_Kodama","floor":6,"turns":4},{"damage":2,"enemies":"Gensokyo:2_Rabbits","floor":8,"turns":4},{"damage":20,"enemies":"Gensokyo:Aya","floor":11,"turns":6},{"damage":43,"enemies":"Gensokyo:Kitsune","floor":12,"turns":5},{"damage":27,"enemies":"Gensokyo:Mamizou","floor":13,"turns":9}],"seed_played":"3978894500588575159","potions_obtained":[{"floor":4,"key":"SpeedPotion"},{"floor":6,"key":"EssenceOfSteel"},{"floor":12,"key":"Block Potion"}],"is_trial":false,"path_per_floor":["M","M","COS","M","?","M","?","M","T","R","E","M","E"],"character_chosen":"DOCTOR_CLASS","items_purchased":[],"campfire_rested":1,"item_purchase_floors":[],"current_hp_per_floor":[72,64,64,67,67,56,64,62,62,72,52,19,0,0],"gold":254,"neow_bonus":"","is_daily":false,"chose_seed":false,"campfire_upgraded":0,"win_rate":0.0,"timestamp":1609436355,"path_taken":["M","M","COS","M","?","M","?","M","T","R","E","?","E"],"items_purchased_type":[],"build_version":"2020-12-22","purchased_purges":0,"victory":false,"max_hp_per_floor":[72,72,72,72,72,72,72,72,72,72,72,82,82,82],"card_choices":[{"not_picked":["MeatLantern","Variant"],"picked":"Wellcheers","floor":1},{"not_picked":["ats:Song Of Battle","ats:Shell Defense"],"picked":"ats:Leaping Hammer","floor":1},{"not_picked":["MeatLantern","CrumblingArmor","MHz"],"picked":"Singing Bowl","floor":2},{"not_picked":["CherryBlossoms","Alriune"],"picked":"MeatLantern","floor":2},{"not_picked":["ats:Composite Medical Shells","ats:Counter Healing Mode"],"picked":"ats:Ignite","floor":2},{"not_picked":["Murderer","SpiderBud","DreamingCurrent"],"picked":"Singing Bowl","floor":4},{"not_picked":["Porccubus","ShyLook"],"picked":"OldLady","floor":4},{"not_picked":["ats:Poison Spread","ats:Magnetic Hammer"],"picked":"ats:Explosion Area Strengthen","floor":4},{"not_picked":["FairyFestival","RedShoes"],"picked":"DespairKnight","floor":6},{"not_picked":["ats:Red Shift","ats:Shell Defense"],"picked":"ats:Hammer On","floor":6},{"not_picked":["QueenOfHatred","SpiderBud"],"picked":"UniverseFragment","floor":8},{"not_picked":["ats:Assault Order","ats:Very Hot Blade"],"picked":"ats:Echo Reverb","floor":8},{"not_picked":["Yin","BlackArmy"],"picked":"OSAHOGD","floor":11},{"not_picked":["ats:Counter Healing Mode","ats:Steam Pump"],"picked":"ats:Childhood Dance","floor":11},{"not_picked":["BeautyBeast","Variant","FairyFestival"],"picked":"Singing Bowl","floor":12},{"not_picked":["SpiderBud","MHz"],"picked":"FairyFestival","floor":12},{"not_picked":["ats:Explosion Area Strengthen","ats:Revitalization"],"picked":"ats:Wolf Pack","floor":12}],"player_experience":148431,"relics_obtained":[{"floor":1,"key":"LetterFromLob"},{"floor":9,"key":"Mercury Hourglass"},{"floor":11,"key":"ScarletDevilRocket"},{"floor":11,"key":"ats:Originium"}],"event_choices":[],"is_beta":false,"boss_relics":[],"items_purged_floors":[],"is_endless":false,"potions_floor_spawned":[4,6,12],"killed_by":"Gensokyo:Mamizou","ascension_level":0}}