{"host":"sum4dy402bbv9y4o","time":1609457638,"event":{"mods":["Aspiration","BaseMod","Conspire","Highlight Path","Minty Spire (QoL Compilation)","StSLib"],"gold_per_floor":[116,141,141,151,166,195,212,239,264,264,33,70,20,63,63,135,135,164,199,69,96,118,157,157,182,228,241,265,265,288,313,313,313,313],"floor_reached":33,"playtime":1256,"items_purged":["Strike_P","Strike_P","Defend_P"],"score":730,"play_id":"1f6f830a-ef31-4f8b-9821-b0f6c9d014cf","local_time":"20210101023358","is_ascension_mode":true,"campfire_choices":[{"data":"Eruption","floor":10,"key":"SMITH"},{"data":"TalkToTheHand","floor":15,"key":"SMITH"},{"data":"MentalFortress","floor":24,"key":"SMITH"},{"data":"Vigilance","floor":29,"key":"SMITH"},{"data":"Wallop","floor":32,"key":"SMITH"}],"circlet_count":0,"master_deck":["AscendersBane","Strike_P","Eruption+1","Vigilance+1","Tantrum","Meditate","TalkToTheHand+1","Tantrum","FlurryOfBlows","EmptyBody","EmptyFist","MentalFortress+1","Halt","Wallop+1","Halt","Halt","Crippling Poison","Defend_G","Backstab","FlurryOfBlows","Consecrate","Protect","FollowUp","BowlingBash"],"relics":["PureWater","NeowsBlessing","Orichalcum","Art of War","Smiling Mask","CeramicFish","Ornamental Fan","Oddly Smooth Stone","VioletLotus","Red Mask","Akabeko","Bottled Lightning","Juzu Bracelet"],"acts_visited":["Exordium","TheCity"],"potions_floor_usage":[6,8,8,14,19,19,22,23,33,33],"damage_taken":[{"damage":0,"enemies":"Jaw Worm","floor":1,"turns":1},{"damage":0,"enemies":"conspire:MimicChest","floor":2,"turns":1},{"damage":0,"enemies":"2 Louse","floor":4,"turns":1},{"damage":0,"enemies":"Cultist","floor":5,"turns":3},{"damage":2,"enemies":"3 Sentries","floor":6,"turns":3},{"damage":14,"enemies":"Exordium Thugs","floor":7,"turns":3},{"damage":0,"enemies":"Lagavulin","floor":8,"turns":2},{"damage":8,"enemies":"3 Sentries","floor":12,"turns":4},{"damage":5,"enemies":"Lagavulin","floor":14,"turns":5},{"damage":20,"enemies":"The Guardian","floor":16,"turns":8},{"damage":1,"enemies":"Chosen","floor":18,"turns":5},{"damage":0,"enemies":"Masked Bandits","floor":19,"turns":2},{"damage":0,"enemies":"3 Byrds","floor":22,"turns":7},{"damage":19,"enemies":"Slavers","floor":23,"turns":5},{"damage":0,"enemies":"Book of Stabbing","floor":25,"turns":4},{"damage":3,"enemies":"Centurion and Healer","floor":27,"turns":3},{"damage":2,"enemies":"Chosen and Byrds","floor":28,"turns":3},{"damage":0,"enemies":"Shelled Parasite and Fungi","floor":30,"turns":3},{"damage":0,"enemies":"Cultist and Chosen","floor":31,"turns":4},{"damage":95,"enemies":"Collector","floor":33,"turns":9}],"seed_played":"3153717685083982118","potions_obtained":[{"floor":5,"key":"SteroidPotion"},{"floor":6,"key":"Fire Potion"},{"floor":7,"key":"DistilledChaos"},{"floor":14,"key":"LiquidBronze"},{"floor":16,"key":"Explosive Potion"},{"floor":19,"key":"SkillPotion"},{"floor":27,"key":"PowerPotion"},{"floor":28,"key":"Energy Potion"}],"is_trial":false,"path_per_floor":["M","?","?","M","M","E","M","E","T","R","$","E","$","E","R","B",null,"M","?","$","?","M","E","R","E","T","M","M","R","M","M","R","B"],"character_chosen":"WATCHER","items_purchased":["MentalFortress","Block Potion","Fire Potion","Regen Potion"],"campfire_rested":0,"item_purchase_floors":[11,11,11,20],"current_hp_per_floor":[61,61,61,61,61,59,45,45,45,45,45,37,37,32,32,12,54,53,53,53,53,68,49,49,49,49,46,44,44,44,44,44,0,0],"gold":313,"neow_bonus":"THREE_ENEMY_KILL","is_daily":false,"chose_seed":false,"campfire_upgraded":5,"win_rate":0.0,"timestamp":1609457638,"path_taken":["M","?","?","?","M","E","M","E","T","R","?","E","$","E","R","BOSS","M","?","$","?","M","E","R","E","T","M","M","R","M","M","R","BOSS"],"items_purchased_type":["Card","Potion","Potion","Potion"],"build_version":"2020-12-22","purchased_purges":3,"victory":false,"max_hp_per_floor":[68,68,68,68,68,68,68,68,68,68,68,68,68,68,68,68,68,68,68,68,68,68,68,68,68,68,68,68,68,68,68,68,68,68],"card_choices":[{"not_picked":["Protect","CutThroughFate"],"picked":"Tantrum","floor":1},{"not_picked":["PathToVictory","WreathOfFlame"],"picked":"Meditate","floor":2},{"not_picked":["Vengeance","EmptyBody"],"picked":"TalkToTheHand","floor":4},{"not_picked":["Vengeance","EmptyBody"],"picked":"Tantrum","floor":5},{"not_picked":["ForeignInfluence","WreathOfFlame"],"picked":"FlurryOfBlows","floor":6},{"not_picked":["BowlingBash","Prostrate"],"picked":"EmptyBody","floor":7},{"not_picked":["BowlingBash","Vengeance"],"picked":"EmptyFist","floor":8},{"not_picked":["InnerPeace","Collect"],"picked":"Halt","floor":12},{"not_picked":["Crescendo","LikeWater"],"picked":"Wallop","floor":14},{"not_picked":["SashWhip","Study"],"picked":"Halt","floor":18},{"not_picked":["JustLucky","EmptyFist"],"picked":"Halt","floor":19},{"not_picked":["WindmillStrike+1","WheelKick+1"],"picked":"FlurryOfBlows","floor":22},{"not_picked":["Study","WheelKick"],"picked":"Consecrate","floor":23},{"not_picked":["Ragnarok","Prostrate","Meditate"],"picked":"SKIP","floor":25},{"not_picked":["Ragnarok","Prostrate","Meditate"],"picked":"SKIP","floor":25},{"not_picked":["Tantrum","EmptyMind","Fasting2+1"],"picked":"SKIP","floor":27},{"not_picked":["SandsOfTime","FlyingSleeves"],"picked":"Protect","floor":28},{"not_picked":["ThirdEye","Crescendo"],"picked":"FollowUp","floor":30},{"not_picked":["Crescendo","ThirdEye"],"picked":"BowlingBash","floor":31}],"player_experience":2870275,"relics_obtained":[{"floor":2,"key":"Orichalcum"},{"floor":6,"key":"Art of War"},{"floor":8,"key":"Smiling Mask"},{"floor":9,"key":"CeramicFish"},{"floor":12,"key":"Ornamental Fan"},{"floor":14,"key":"Oddly Smooth Stone"},{"floor":19,"key":"Red Mask"},{"floor":23,"key":"Akabeko"},{"floor":25,"key":"Bottled Lightning"},{"floor":26,"key":"Juzu Bracelet"}],"event_choices":[{"cards_removed":["Defend_P"],"damage_healed":0,"gold_gain":0,"player_choice":"Offered Basic","damage_taken":0,"max_hp_gain":0,"max_hp_loss":0,"event_name":"Bonfire Elementals","floor":3,"gold_loss":0},{"damage_healed":0,"gold_gain":0,"player_choice":"Fought Bandits","damage_taken":0,"max_hp_gain":0,"max_hp_loss":0,"event_name":"Masked Bandits","floor":19,"gold_loss":0}],"is_beta":false,"boss_relics":[{"not_picked":["Ectoplasm","Runic Dome"],"picked":"VioletLotus"}],"items_purged_floors":[11,13,20],"is_endless":false,"potions_floor_spawned":[5,6,7,12,14,16,19,27,28],"killed_by":"Collector","ascension_level":20}}