{"host":"zit9o0ax6c2l3y2b","time":1609375754,"event":{"mods":["Aspiration","BaseMod","Colored Map","Conspire","Downfall","Glutton Mod","Hermit","Hubris","Infinite Spire","Minty Spire (QoL Compilation)","Random Character Button","Relic Filter","Replay The Spire","Shade Mod","Shop Mod","StSLib","The Construct","The Cursed","The Disciple","The Runesmith","TheArtist"],"gold_per_floor":[111,111,124,142,142,172,182,182,182,182,46,46,78,113,113,178,278,332,240,240,264,264,347,361,361,437,437,452,487,61,61,61,267,267,334,334,334,474,512,563,563,407,431,431,463,506,374,448,448,488],"floor_reached":51,"playtime":3152,"items_purged":["Parasite"],"score":976,"play_id":"7a738833-b1fa-4189-972b-067eb8efc9c8","local_time":"20201230194914","is_ascension_mode":true,"campfire_choices":[{"data":"Glutton:Scab","floor":10,"key":"SMITH"},{"data":"Glutton:Hoard","floor":12,"key":"SMITH"},{"data":"Glutton:StarvationMode","floor":15,"key":"SMITH"},{"data":"Glutton:FeverVisions","floor":25,"key":"SMITH"},{"data":"Glutton:Treasure","floor":32,"key":"SMITH"},{"data":"Glutton:Chrysosphagy","floor":41,"key":"SMITH"},{"data":"Glutton:Fever","floor":41,"key":"SMITH"},{"data":"Glutton:Clot","floor":49,"key":"SMITH"},{"data":"Glutton:Yearn","floor":49,"key":"SMITH"}],"circlet_count":0,"master_deck":["Glutton:Defend","Glutton:Defend","Glutton:Defend","Glutton:Flail","Glutton:Yearn","Glutton:Delusion+1","Glutton:Thrombosis","Glutton:StarvationMode+1","Glutton:Scab+1","Glutton:Hoard+1","Glutton:Chrysosphagy+1","Glutton:GuardStance","Glutton:Borborygmi","Glutton:Treasure+1","Glutton:ToxicResidue","Glutton:Treat","Glutton:ToxicResidue+1","Glutton:FeverVisions+1","Glutton:Fever+1","Glutton:Yearn","Glutton:Yearn+1","Glutton:Yearn+1","Glutton:Mug+1","Shame","Glutton:Fast","Glutton:Mug+1","Panache","infinitespire:FutureSight","Glutton:Fever+1","Glutton:Malignancy","Glutton:Clot+1","infinitespire:Collect","ReplayTheSpireMod:Chaos Vortex","Glutton:Migraine+1"],"relics":["Glutton:EternalHunger","NeowsBlessing","Bird Faced Urn","conspire:GlowingRock","Replay:Wanted Poster","White Beast Statue","Bottled Tornado","Molten Egg 2","Pet Ghost","hubris:MysteriousPyramids","Coffee Dripper","Replay:Arrowhead","Toy Ornithopter","MerchantsRug","Omamori","TheAbacus","Happy Flower","infinitespire:WardingShard"],"acts_visited":["Exordium","TheCity","TheBeyond"],"potions_floor_usage":[14,16,33,38,39],"damage_taken":[{"damage":1,"enemies":"2 Louse","floor":1,"turns":1},{"damage":1,"enemies":"Cultist","floor":3,"turns":1},{"damage":1,"enemies":"Small Slimes","floor":4,"turns":1},{"damage":88,"enemies":"3 Sentries","floor":6,"turns":13},{"damage":45,"enemies":"Blue Slaver","floor":7,"turns":7},{"damage":48,"enemies":"Lagavulin","floor":13,"turns":6},{"damage":39,"enemies":"Gremlin Gang","floor":14,"turns":6},{"damage":73,"enemies":"The Guardian","floor":16,"turns":8},{"damage":24,"enemies":"conspire:FuzzyDice","floor":18,"turns":4},{"damage":67,"enemies":"2 Thieves","floor":21,"turns":5},{"damage":50,"enemies":"Replay:Snechameleon","floor":23,"turns":5},{"damage":47,"enemies":"Chosen and Byrds","floor":24,"turns":4},{"damage":51,"enemies":"Snake Plant","floor":28,"turns":4},{"damage":20,"enemies":"Book of Stabbing","floor":29,"turns":3},{"damage":20,"enemies":"Champ","floor":33,"turns":5},{"damage":23,"enemies":"Orb Walker","floor":35,"turns":3},{"damage":58,"enemies":"infinitespire:Three Voidlings","floor":38,"turns":3},{"damage":171,"enemies":"Nightmare_Alpha","floor":38,"turns":5},{"damage":5,"enemies":"3 Shapes","floor":39,"turns":3},{"damage":65,"enemies":"Nemesis","floor":40,"turns":5},{"damage":70,"enemies":"Nightmare","floor":45,"turns":4},{"damage":3,"enemies":"Jaw Worm Horde","floor":46,"turns":2},{"damage":9,"enemies":"3 Darklings","floor":48,"turns":2},{"damage":96,"enemies":"infinitespire:MassOfShapes","floor":50,"turns":4}],"seed_played":"-3758767404562488584","potions_obtained":[{"floor":1,"key":"Reflective Coating"},{"floor":7,"key":"Fire Potion"},{"floor":14,"key":"FearPotion"},{"floor":24,"key":"Explosive Potion"},{"floor":28,"key":"SkillPotion"},{"floor":29,"key":"EntropicBrew"},{"floor":33,"key":"Strength Potion"},{"floor":35,"key":"DistilledChaos"},{"floor":38,"key":"SkillPotion"},{"floor":39,"key":"SpeedPotion"},{"floor":40,"key":"Dexterity Potion"}],"is_trial":false,"path_per_floor":["M","?","M","M","?","E","M","?","T","R","$","R","E","M","R","B",null,"M","$","?","M","?","E","M","R","T","?","M","E","$","?","R","B",null,"M","?","?","?","M","E","R","$","T","AVR","NM","M","$","M","R","B",null],"character_chosen":"GLUTTON","items_purchased":["Glutton:Hoard","Glutton:Chrysosphagy","Glutton:Treat","Glutton:ToxicResidue+1","BargainBundle","Pet Ghost","hubris:MysteriousPyramids","Glutton:Mug+1","Glutton:Clot","Toy Ornithopter","MerchantsRug","infinitespire:WardingShard"],"campfire_rested":0,"item_purchase_floors":[11,11,19,19,30,30,30,30,42,42,42,47],"current_hp_per_floor":[119,119,118,117,122,43,16,47,47,47,47,47,73,81,81,85,125,125,125,125,106,106,95,87,87,87,71,72,88,88,88,88,133,136,128,128,128,17,50,66,66,66,66,66,75,96,96,149,149,133],"gold":488,"neow_bonus":"THREE_ENEMY_KILL","is_daily":false,"chose_seed":false,"campfire_upgraded":9,"win_rate":0.0,"timestamp":1609375754,"path_taken":["M","?","?","M","?","E","M","?","T","R","$","R","E","M","R","BOSS","M","$","?","M","?","E","?","R","T","?","M","E","$","?","R","BOSS","M","?","?","?","M","E","R","$","T","AVR","NM","M","?","M","R","BOSS"],"items_purchased_type":["Card","Card","Card","Card","Relic","Relic","Relic","Card","Card","Relic","Relic","Relic"],"build_version":"2020-12-22","purchased_purges":1,"victory":true,"max_hp_per_floor":[120,120,120,120,125,125,125,125,125,125,125,125,125,125,125,125,125,125,125,125,127,127,131,133,133,133,133,135,137,134,134,134,136,136,138,138,138,140,140,142,142,142,142,142,149,149,149,149,149,156],"card_choices":[{"not_picked":["Glutton:Tantrum","Glutton:KneeJerk"],"picked":"Glutton:Yearn","floor":1},{"not_picked":["Glutton:Chrysosphagy","Glutton:Brace"],"picked":"Glutton:Delusion","floor":3},{"not_picked":["Glutton:KneeJerk","Glutton:Devour"],"picked":"Glutton:Thrombosis","floor":4},{"not_picked":["Glutton:KneeJerk","Glutton:Yearn"],"picked":"Glutton:StarvationMode","floor":6},{"not_picked":["Glutton:Hoard","Glutton:BloodyKnuckle"],"picked":"Glutton:Scab","floor":7},{"not_picked":["Glutton:Rest","Glutton:Demolish"],"picked":"Glutton:GuardStance","floor":13},{"not_picked":["Glutton:KneeJerk","Glutton:Rest"],"picked":"Glutton:Borborygmi","floor":14},{"not_picked":["Glutton:Nostalgia","Glutton:Retaliation"],"picked":"Glutton:Treasure","floor":16},{"not_picked":["Glutton:ObsessiveGreed","Glutton:Salivate+1"],"picked":"Glutton:ToxicResidue","floor":18},{"not_picked":["Glutton:DistilledAgony","Glutton:ToxicResidue+1"],"picked":"Glutton:FeverVisions","floor":21},{"not_picked":["Glutton:Regurgitate","Glutton:Excrescence"],"picked":"Glutton:Fever","floor":23},{"not_picked":["Glutton:Slam","Glutton:SelfFlagellate+1"],"picked":"Glutton:Yearn","floor":24},{"not_picked":["Glutton:Feed","Glutton:Migraine+1"],"picked":"Glutton:Yearn","floor":28},{"not_picked":["Glutton:ShareWeakness","Glutton:Migraine"],"picked":"Glutton:Yearn+1","floor":29},{"not_picked":["Glutton:Retaliation+1","Glutton:FragileMight+1"],"picked":"Glutton:Fast","floor":33},{"not_picked":["Glutton:SelfFlagellate+1","Glutton:Brace+1"],"picked":"Glutton:Mug+1","floor":35},{"not_picked":["expansioncontent:SlimeTackle+1","Replay:Dark Deal"],"picked":"Panache","floor":37},{"not_picked":["infinitespire:SealOfDarkness+","infinitespire:TheBestDefense"],"picked":"infinitespire:FutureSight","floor":38},{"not_picked":["Glutton:BellySlam+1","Glutton:GnawingHunger+1"],"picked":"Glutton:Fever+1","floor":39},{"not_picked":["Glutton:Fast","Glutton:ObsessiveGreed+1"],"picked":"Glutton:Malignancy","floor":40},{"not_picked":["hubris:Fate","hubris:InfiniteBlow+107"],"picked":"ReplayTheSpireMod:Chaos Vortex","floor":45},{"not_picked":["Glutton:GuardStance","Glutton:Bite+1","Glutton:Feast+1"],"picked":"SKIP","floor":45},{"not_picked":["Glutton:LashOut+1","Glutton:Treat+1","Glutton:PainMeditation"],"picked":"SKIP","floor":46},{"not_picked":["Glutton:Throb+1","Glutton:PainMeditation+1"],"picked":"Glutton:Migraine+1","floor":48}],"player_experience":397580,"relics_obtained":[{"floor":6,"key":"Bird Faced Urn"},{"floor":9,"key":"conspire:GlowingRock"},{"floor":13,"key":"Blue Doll"},{"floor":23,"key":"White Beast Statue"},{"floor":26,"key":"Bottled Tornado"},{"floor":27,"key":"Necronomicon"},{"floor":29,"key":"Molten Egg 2"},{"floor":38,"key":"Replay:Arrowhead"},{"floor":40,"key":"hubris:64BitClover"},{"floor":43,"key":"Omamori"},{"floor":45,"key":"Happy Flower"}],"event_choices":[{"cards_removed":["Glutton:Strike"],"damage_healed":0,"gold_gain":0,"player_choice":"Purged","damage_taken":0,"max_hp_gain":0,"max_hp_loss":0,"event_name":"Purifier","floor":2,"gold_loss":0},{"damage_healed":0,"gold_gain":0,"player_choice":"Donut","damage_taken":0,"max_hp_gain":5,"max_hp_loss":0,"event_name":"Big Fish","floor":5,"gold_loss":0},{"damage_healed":31,"gold_gain":0,"player_choice":"Healed and dodged fight","damage_taken":0,"max_hp_gain":0,"max_hp_loss":0,"event_name":"Mushrooms","floor":8,"gold_loss":0,"cards_obtained":["Parasite"]},{"damage_healed":0,"gold_gain":0,"player_choice":"Ignored","damage_taken":0,"max_hp_gain":0,"max_hp_loss":0,"event_name":"Beggar","floor":20,"gold_loss":0},{"damage_healed":0,"gold_gain":0,"player_choice":"Traded Relic","damage_taken":0,"relics_obtained":["Nloth\u0027s Gift"],"max_hp_gain":0,"max_hp_loss":0,"event_name":"N\u0027loth","floor":22,"relics_lost":["Blue Doll"],"gold_loss":0},{"damage_healed":0,"gold_gain":0,"player_choice":"Obtained Book","damage_taken":16,"max_hp_gain":0,"max_hp_loss":0,"event_name":"Cursed Tome","floor":27,"gold_loss":0},{"damage_healed":0,"gold_gain":0,"player_choice":"Memory 1","damage_taken":0,"max_hp_gain":0,"max_hp_loss":0,"event_name":"SensoryStone","floor":37,"gold_loss":0}],"is_beta":false,"boss_relics":[{"not_picked":["hubris:GrandSneckoEye","hubris:BlackHole"],"picked":"Replay:Wanted Poster"},{"not_picked":["Sozu","Glutton:InfiniteFamine"],"picked":"Coffee Dripper"}],"items_purged_floors":[30],"is_endless":false,"potions_floor_spawned":[1,7,14,24,28,29,33,35,38,38,39,40,46,48],"ascension_level":2}}