{"host":"gc9rk8b4vlc0bstx","time":1609391368,"event":{"mods":["Ascension Unlocker","BaseMod","Minty Spire (QoL Compilation)","Permanent Neow","Relic Stats","StSLib"],"gold_per_floor":[117,130,141,154,173,173,202,222,222,222,234,234,234,234,234,306,356,373,45,45,45,61,90,90,15,15,65,25,25,25],"floor_reached":29,"playtime":1831,"items_purged":["Strike_G"],"score":486,"play_id":"bfbe63d8-c3f9-4e94-8908-b168baa44a19","local_time":"20201230210928","is_ascension_mode":true,"campfire_choices":[{"data":"Sucker Punch","floor":6.0,"key":"SMITH"},{"data":"Sadistic Nature","floor":10.0,"key":"SMITH"},{"floor":12.0,"key":"REST"},{"data":"Deadly Poison","floor":15.0,"key":"SMITH"}],"circlet_count":0,"master_deck":["AscendersBane","Strike_G","Strike_G","Strike_G","Strike_G","Defend_G","Defend_G","Defend_G+1","Defend_G","Defend_G","Survivor","Neutralize+1","Sadistic Nature+1","Sucker Punch+1","Dash+1","Well Laid Plans","Deadly Poison+1","Footwork","Corpse Explosion","Acrobatics","Backflip","Leg Sweep","Neutralize","Deadly Poison"],"relics":["Ring of the Snake","Juzu Bracelet","Lantern","Regal Pillow","Tiny House","HandDrill","Whetstone","Ancient Tea Set"],"acts_visited":["Exordium","TheCity"],"potions_floor_usage":[],"damage_taken":[{"damage":0.0,"enemies":"Cultist","floor":1.0,"turns":3.0},{"damage":4.0,"enemies":"Small Slimes","floor":2.0,"turns":5.0},{"damage":4.0,"enemies":"Jaw Worm","floor":3.0,"turns":4.0},{"damage":13.0,"enemies":"Blue Slaver","floor":4.0,"turns":5.0},{"damage":0.0,"enemies":"2 Fungi Beasts","floor":5.0,"turns":3.0},{"damage":16.0,"enemies":"3 Sentries","floor":7.0,"turns":12.0},{"damage":2.0,"enemies":"Lots of Slimes","floor":8.0,"turns":4.0},{"damage":16.0,"enemies":"Exordium Thugs","floor":11.0,"turns":5.0},{"damage":9.0,"enemies":"Slime Boss","floor":16.0,"turns":10.0},{"damage":0.0,"enemies":"3 Byrds","floor":18.0,"turns":2.0},{"damage":6.0,"enemies":"Shell Parasite","floor":22.0,"turns":6.0},{"damage":38.0,"enemies":"Slavers","floor":23.0,"turns":4.0},{"damage":17,"enemies":"3 Cultists","floor":29,"turns":3}],"seed_played":"1368461653960967878","potions_obtained":[{"floor":1.0,"key":"CunningPotion"},{"floor":2.0,"key":"LiquidBronze"},{"floor":7.0,"key":"CultistPotion"},{"floor":16.0,"key":"ColorlessPotion"},{"floor":17.0,"key":"FearPotion"},{"floor":22.0,"key":"Swift Potion"},{"floor":28.0,"key":"Poison Potion"},{"floor":28.0,"key":"PowerPotion"}],"is_trial":false,"path_per_floor":["M","M","M","M","M","R","E","M","T","R","M","R","?","?","R","B",null,"M","$","?","$","M","E","?","?","T","?","?","M"],"character_chosen":"THE_SILENT","items_purchased":["HandDrill","Leg Sweep"],"campfire_rested":1,"item_purchase_floors":[19,19],"current_hp_per_floor":[59,55,51,38,38,38,22,20,20,20,4,22,17,37,37,28,57,57,57,57,57,51,13,13,13,13,13,13,0,0],"gold":25,"neow_bonus":"RANDOM_COLORLESS_2","is_daily":false,"chose_seed":false,"campfire_upgraded":3,"win_rate":0.0,"timestamp":1609391368,"path_taken":["M","?","M","M","?","R","E","M","T","R","M","R","?","?","R","BOSS","M","$","?","?","M","E","?","?","T","?","?","M"],"items_purchased_type":["Relic","Card"],"build_version":"2020-12-22","purchased_purges":1,"victory":false,"max_hp_per_floor":[60,60,60,60,60,60,60,60,60,60,60,60,60,60,60,60,65,65,65,65,65,65,65,65,65,65,65,65,65,65],"relic_stats":{"Regal Pillow":0,"counters":[13,66],"Juzu Bracelet":1,"HandDrill":[4],"Whetstone":["Dash","Neutralize"],"obtain_stats":[{"Lantern":9,"Regal Pillow":13,"Tiny House":17,"Juzu Bracelet":7,"HandDrill":19,"Whetstone":23,"Ancient Tea Set":26,"Ring of the Snake":0},{"Lantern":7,"Regal Pillow":8,"Tiny House":9,"Juzu Bracelet":6,"HandDrill":10,"Whetstone":12,"Ancient Tea Set":12,"Ring of the Snake":0},{"Lantern":36,"Regal Pillow":41,"Tiny House":51,"Juzu Bracelet":32,"HandDrill":53,"Whetstone":63,"Ancient Tea Set":63,"Ring of the Snake":0}],"Ring of the Snake":[26]},"card_choices":[{"not_picked":["Secret Technique","Secret Weapon"],"picked":"Sadistic Nature","floor":0.0},{"not_picked":["Endless Agony","Eviscerate","Reflex"],"picked":"SKIP","floor":1.0},{"not_picked":["Dagger Throw","Underhanded Strike"],"picked":"Sucker Punch","floor":2.0},{"not_picked":["Sucker Punch","Concentrate","Prepared"],"picked":"SKIP","floor":3.0},{"not_picked":["Accuracy","Deflect"],"picked":"Dash","floor":4.0},{"not_picked":["Underhanded Strike","Dagger Throw"],"picked":"Well Laid Plans","floor":5.0},{"not_picked":["Calculated Gamble","Flying Knee"],"picked":"Deadly Poison","floor":7.0},{"not_picked":["Endless Agony","Bane"],"picked":"Footwork","floor":8.0},{"not_picked":["Eviscerate","Cloak And Dagger","Sucker Punch"],"picked":"SKIP","floor":11.0},{"not_picked":["Burst","Doppelganger"],"picked":"Corpse Explosion","floor":16.0},{"not_picked":["Blade Dance","Dagger Throw"],"picked":"Acrobatics","floor":17.0},{"not_picked":["Slice+1","Finisher"],"picked":"Backflip","floor":18.0},{"not_picked":["Corpse Explosion","Underhanded Strike"],"picked":"Deadly Poison","floor":22.0},{"not_picked":["Bane+1","Endless Agony","Concentrate"],"picked":"SKIP","floor":23.0}],"player_experience":831538,"relics_obtained":[{"floor":7.0,"key":"Juzu Bracelet"},{"floor":9.0,"key":"Lantern"},{"floor":23.0,"key":"Whetstone"},{"floor":26.0,"key":"Ancient Tea Set"}],"event_choices":[{"damage_healed":0.0,"max_hp_gain":0.0,"max_hp_loss":0.0,"gold_gain":0.0,"event_name":"Scrap Ooze","player_choice":"Success","floor":13.0,"gold_loss":0.0,"damage_taken":5.0,"relics_obtained":["Regal Pillow"]},{"damage_healed":20.0,"max_hp_gain":0.0,"max_hp_loss":0.0,"gold_gain":0.0,"event_name":"Big Fish","player_choice":"Banana","floor":14.0,"gold_loss":0.0,"damage_taken":0.0},{"damage_healed":0.0,"max_hp_gain":0.0,"max_hp_loss":0.0,"gold_gain":0.0,"event_name":"Match and Keep!","player_choice":"1 cards matched","floor":20.0,"gold_loss":0.0,"damage_taken":0.0,"cards_obtained":["Neutralize"]},{"damage_healed":0.0,"max_hp_gain":0.0,"max_hp_loss":0.0,"gold_gain":0.0,"event_name":"Forgotten Altar","player_choice":"Smashed Altar","floor":24.0,"gold_loss":0.0,"damage_taken":0.0,"cards_obtained":["Decay"]},{"cards_removed":["Decay"],"damage_healed":0.0,"max_hp_gain":0.0,"max_hp_loss":0.0,"gold_gain":0.0,"event_name":"Beggar","player_choice":"Gave Gold","floor":25.0,"gold_loss":75.0,"damage_taken":0.0},{"damage_healed":0.0,"max_hp_gain":0.0,"max_hp_loss":0.0,"gold_gain":50.0,"event_name":"Nest","player_choice":"Stole From Cult","floor":27.0,"gold_loss":0.0,"damage_taken":0.0},{"damage_healed":0.0,"max_hp_gain":0.0,"max_hp_loss":0.0,"gold_gain":0.0,"event_name":"The Woman in Blue","player_choice":"Bought 3 Potions","floor":28.0,"gold_loss":0.0,"damage_taken":0.0}],"is_beta":false,"boss_relics":[{"not_picked":["Sozu","WristBlade"],"picked":"Tiny House"}],"items_purged_floors":[19],"is_endless":false,"potions_floor_spawned":[1,2,7,16,18,22],"killed_by":"3 Cultists","ascension_level":20}}