{"host":"ln76an1o32p2wxtf","time":1609399485,"event":{"mods":["AchievementEnabler","Act Like it!","BaseMod","BetterRewards","Colored Powertips","Energized Spire","GifTheSpireLib","Infinite Spire","Minty Spire (QoL Compilation)","Shop Mod","StSLib"],"gold_per_floor":[116,126,4,17,17,50,50,63,63,63,63,80,112,131,131,229,229,244,169,169,169,182,182,182],"floor_reached":23,"playtime":1076,"items_purged":["Strike_P","Strike_P"],"score":211,"play_id":"1c1205b3-bb7c-475d-84c0-7ca97582d880","local_time":"20201231152445","is_ascension_mode":true,"campfire_choices":[{"floor":10,"key":"RECALL"},{"data":"Judgement","floor":15,"key":"SMITH"}],"circlet_count":0,"master_deck":["Strike_P","Strike_P","Defend_P","Defend_P","Defend_P","Eruption","Vigilance","SandsOfTime","Consecrate","CarveReality","SandsOfTime","Judgement+1","Consecrate","SpiritShield","SandsOfTime","infinitespire:UltimateForm","Meditate+1"],"relics":["Coffee Dripper","Art of War","Meat on the Bone","infinitespire:PuzzleCube","Juzu Bracelet","energizedSpire:OgreHead","infinitespire:ShieldingShard"],"acts_visited":["Exordium","TheCity"],"potions_floor_usage":[16],"damage_taken":[{"damage":0,"enemies":"Cultist","floor":1,"turns":2},{"damage":0,"enemies":"2 Louse","floor":2,"turns":4},{"damage":0,"enemies":"Jaw Worm","floor":4,"turns":3},{"damage":14,"enemies":"Gremlin Nob","floor":6,"turns":3},{"damage":0,"enemies":"2 Fungi Beasts","floor":8,"turns":2},{"damage":3,"enemies":"Exordium Wildlife","floor":12,"turns":3},{"damage":13,"enemies":"3 Sentries","floor":13,"turns":4},{"damage":0,"enemies":"Looter","floor":14,"turns":2},{"damage":11,"enemies":"The Guardian","floor":16,"turns":10},{"damage":20,"enemies":"2 Thieves","floor":18,"turns":4},{"damage":4,"enemies":"Chosen","floor":22,"turns":5},{"damage":55,"enemies":"Nightmare","floor":23,"turns":4}],"seed_played":"-2822795110747714016","potions_obtained":[{"floor":1,"key":"ColorlessPotion"},{"floor":6,"key":"Block Potion"},{"floor":13,"key":"EssenceOfSteel"},{"floor":14,"key":"Ancient Potion"},{"floor":16,"key":"SteroidPotion"},{"floor":18,"key":"infinitespire:BlackPotion"},{"floor":22,"key":"Energy Potion"}],"is_trial":false,"path_per_floor":["M","M","$","M","?","E","$","M","T","R","T","M","E","M","R","B",null,"M","?","T","AVR","M","NM"],"character_chosen":"WATCHER","items_purchased":["Consecrate"],"campfire_rested":0,"item_purchase_floors":[3],"current_hp_per_floor":[72,72,72,72,72,58,58,58,58,58,58,55,42,42,42,43,72,52,52,52,52,48,0,0],"gold":182,"neow_bonus":"BOSS_RELIC","is_daily":false,"chose_seed":false,"campfire_upgraded":1,"win_rate":0.0,"timestamp":1609399485,"path_taken":["M","M","?","M","?","E","$","M","T","R","?","M","E","M","R","BOSS","M","?","?","AVR","M","NM"],"items_purchased_type":["Card"],"build_version":"2020-12-22","purchased_purges":2,"victory":false,"max_hp_per_floor":[72,72,72,72,72,72,72,72,72,72,72,72,72,72,72,72,72,72,72,72,72,72,72,72],"card_choices":[{"not_picked":["ThirdEye","ClearTheMind","WreathOfFlame"],"picked":"SKIP","floor":1},{"not_picked":["CarveReality","Evaluate"],"picked":"SandsOfTime","floor":2},{"not_picked":["EmptyBody","EmptyFist"],"picked":"CarveReality","floor":4},{"not_picked":["Crescendo","SashWhip","FollowUp"],"picked":"SKIP","floor":6},{"not_picked":["Indignation","ForeignInfluence","SashWhip"],"picked":"SKIP","floor":8},{"not_picked":["Prostrate","WindmillStrike"],"picked":"SandsOfTime","floor":12},{"not_picked":["CrushJoints","Halt"],"picked":"Judgement","floor":13},{"not_picked":["FlyingSleeves","ClearTheMind"],"picked":"Consecrate","floor":14},{"not_picked":["DeusExMachina","MasterReality"],"picked":"SpiritShield","floor":16},{"not_picked":["Nirvana","InnerPeace"],"picked":"SandsOfTime","floor":18},{"not_picked":["ThirdEye","BowlingBash"],"picked":"Meditate+1","floor":22}],"player_experience":672516,"relics_obtained":[{"floor":5,"key":"Art of War"},{"floor":6,"key":"Meat on the Bone"},{"floor":9,"key":"infinitespire:PuzzleCube"},{"floor":13,"key":"Juzu Bracelet"},{"floor":20,"key":"infinitespire:ShieldingShard"}],"event_choices":[{"cards_removed":["Defend_P"],"damage_healed":0,"gold_gain":0,"player_choice":"Gave Gold","damage_taken":0,"max_hp_gain":0,"max_hp_loss":0,"event_name":"Beggar","floor":19,"gold_loss":75}],"is_beta":false,"boss_relics":[{"not_picked":["energizedSpire:EnergizedDie","infinitespire:Cupcake"],"picked":"energizedSpire:OgreHead"}],"items_purged_floors":[3,21],"is_endless":false,"potions_floor_spawned":[1,6,13,14,16,18,22],"killed_by":"Nightmare","ascension_level":1}}