{"host":"ELF","time":1609411011,"event":{"mods":["BaseMod","Minty Spire (QoL Compilation)"],"gold_per_floor":[117,117,137,287,16,43,61,61,61,92,39,57,57,70,70,144,144,159,187,107,127,127,127,144,144,144,144,144,144,144],"floor_reached":29,"playtime":2928,"items_purged":["Doubt"],"score":512,"play_id":"19071d2b-6368-4130-ba6a-40a2bae3aea7","local_time":"20201231043651","is_ascension_mode":true,"campfire_choices":[{"floor":8,"key":"REST"},{"data":"Panache","floor":15,"key":"SMITH"},{"floor":23,"key":"REST"},{"floor":28,"key":"REST"}],"circlet_count":0,"master_deck":["AscendersBane","Strike_G","Strike_G","Strike_G","Strike_G","Defend_G","Defend_G","Defend_G","Defend_G","Defend_G","Survivor","Neutralize","Caltrops","Escape Plan","Poisoned Stab","Panache+1","Noxious Fumes","Deadly Poison","Adrenaline","Prepared","Blade Dance","Footwork","Night Terror","Skewer","Eviscerate","Unload","Underhanded Strike","Decay","Blade Dance","Writhe"],"relics":["Ring of the Snake","NeowsBlessing","Mummified Hand","Smiling Mask","Potion Belt","Tiny Chest","HoveringKite","Red Mask","Juzu Bracelet","Thread and Needle","Singing Bowl"],"acts_visited":["Exordium","TheCity"],"potions_floor_usage":[10,16,18],"damage_taken":[{"damage":0,"enemies":"Small Slimes","floor":1,"turns":1},{"damage":0,"enemies":"Jaw Worm","floor":3,"turns":1},{"damage":0,"enemies":"Gremlin Nob","floor":6,"turns":1},{"damage":8,"enemies":"2 Louse","floor":7,"turns":4},{"damage":14,"enemies":"3 Sentries","floor":10,"turns":6},{"damage":0,"enemies":"Looter","floor":12,"turns":3},{"damage":23,"enemies":"Large Slime","floor":14,"turns":4},{"damage":16,"enemies":"Hexaghost","floor":16,"turns":7},{"damage":0,"enemies":"Chosen","floor":18,"turns":3},{"damage":20,"enemies":"Masked Bandits","floor":19,"turns":3},{"damage":15,"enemies":"Shell Parasite","floor":21,"turns":4},{"damage":25,"enemies":"Centurion and Healer","floor":24,"turns":6},{"damage":40,"enemies":"Cultist and Chosen","floor":29,"turns":7}],"seed_played":"-2010690875293592437","potions_obtained":[{"floor":1,"key":"Strength Potion"},{"floor":3,"key":"SpeedPotion"},{"floor":10,"key":"GhostInAJar"},{"floor":14,"key":"LiquidMemories"},{"floor":24,"key":"SneckoOil"}],"is_trial":false,"path_per_floor":["M","?","M","?","$","E","M","R","T","E","$","M","?","M","R","B",null,"M","?","$","M","?","R","M","?","T","T","R","M"],"character_chosen":"THE_SILENT","items_purchased":["Panache","Prepared","Unload"],"campfire_rested":3,"item_purchase_floors":[5,11,20],"current_hp_per_floor":[59,59,59,59,59,59,51,66,66,52,52,52,47,24,24,8,52,52,32,32,17,17,36,11,11,11,11,30,0,0],"gold":144,"neow_bonus":"THREE_ENEMY_KILL","is_daily":false,"chose_seed":false,"campfire_upgraded":1,"win_rate":0.0,"timestamp":1609411011,"path_taken":["M","?","M","?","?","E","M","R","T","E","?","?","?","M","R","BOSS","M","?","$","M","?","R","M","?","T","?","R","M"],"items_purchased_type":["Card","Card","Card"],"build_version":"2020-12-18","purchased_purges":1,"victory":false,"max_hp_per_floor":[66,66,66,66,66,66,66,66,66,66,66,66,66,66,66,66,66,66,66,66,66,66,66,66,66,66,66,66,66,66],"card_choices":[{"not_picked":["Eviscerate","Deflect"],"picked":"Caltrops","floor":1},{"not_picked":["Prepared","Cloak And Dagger"],"picked":"Poisoned Stab","floor":3},{"not_picked":["Acrobatics","Concentrate"],"picked":"Noxious Fumes","floor":6},{"not_picked":["Bane","Outmaneuver"],"picked":"Deadly Poison","floor":7},{"not_picked":["Prepared","Sucker Punch"],"picked":"Adrenaline","floor":10},{"not_picked":["Dodge and Roll","Calculated Gamble"],"picked":"Blade Dance","floor":12},{"not_picked":["Blade Dance","Bane"],"picked":"Footwork","floor":14},{"not_picked":["Burst","Unload"],"picked":"Night Terror","floor":16},{"not_picked":["Quick Slash","Crippling Poison"],"picked":"Skewer","floor":18},{"not_picked":["Noxious Fumes","Backstab"],"picked":"Eviscerate","floor":19},{"not_picked":["Slice","Crippling Poison"],"picked":"Underhanded Strike","floor":21},{"not_picked":["Backflip","Poisoned Stab"],"picked":"Blade Dance","floor":24}],"player_experience":3120042,"relics_obtained":[{"floor":6,"key":"Mummified Hand"},{"floor":9,"key":"Smiling Mask"},{"floor":10,"key":"Potion Belt"},{"floor":19,"key":"Red Mask"},{"floor":26,"key":"Thread and Needle"},{"floor":27,"key":"Singing Bowl"}],"event_choices":[{"damage_healed":0,"gold_gain":0,"cards_transformed":["Strike_G"],"player_choice":"Change","damage_taken":0,"max_hp_gain":0,"max_hp_loss":0,"event_name":"Living Wall","floor":2,"gold_loss":0,"cards_obtained":["Escape Plan"]},{"damage_healed":0,"gold_gain":150,"player_choice":"AGREE","damage_taken":0,"max_hp_gain":0,"max_hp_loss":0,"event_name":"Liars Game","floor":4,"gold_loss":0,"cards_obtained":["Doubt"]},{"damage_healed":0,"gold_gain":0,"player_choice":"Success","damage_taken":5,"relics_obtained":["Tiny Chest"],"max_hp_gain":0,"max_hp_loss":0,"event_name":"Scrap Ooze","floor":13,"gold_loss":0},{"damage_healed":0,"gold_gain":0,"player_choice":"Fought Bandits","damage_taken":0,"max_hp_gain":0,"max_hp_loss":0,"event_name":"Masked Bandits","floor":19,"gold_loss":0},{"damage_healed":0,"gold_gain":0,"player_choice":"Smashed Altar","damage_taken":0,"max_hp_gain":0,"max_hp_loss":0,"event_name":"Forgotten Altar","floor":22,"gold_loss":0,"cards_obtained":["Decay"]},{"damage_healed":0,"gold_gain":0,"player_choice":"Opened","damage_taken":0,"relics_obtained":["Juzu Bracelet"],"max_hp_gain":0,"max_hp_loss":0,"event_name":"The Mausoleum","floor":25,"gold_loss":0,"cards_obtained":["Writhe"]}],"is_beta":true,"boss_relics":[{"not_picked":["SlaversCollar","Sozu"],"picked":"HoveringKite"}],"items_purged_floors":[5],"is_endless":false,"potions_floor_spawned":[1,3,10,14,24],"killed_by":"Cultist and Chosen","ascension_level":20}}