{"host":"82vjcvwyw2j7afb1","time":1609421931,"event":{"mods":["BaseMod","Colored Map","DeckTracker","Keyboard Shortcuts","Marisa£¨Ùöéë¡¡Øª×âÞÞ£©","Minty Spire (QoL Compilation)","Permanent Neow","Quick Restart","StSLib","SuperFastMode","everything is the same but u backflip on backflip"],"gold_per_floor":[118,118,293,243,253,253,268,11,11,23,54,68,68,87,87,191,191,210,230,242,242,14,14,14,14,40,40,51,51,51,51,51,152,152,167,187,201,251,269,269,269,269,292,312,322,338,338,19,19,19],"floor_reached":51,"playtime":4450,"items_purged":["Writhe"],"score":599,"play_id":"a9db6871-f4d2-4881-b8e6-caa046b13254","local_time":"20201231223851","is_ascension_mode":false,"campfire_choices":[{"data":"Bash","floor":6.0,"key":"SMITH"},{"data":"Searing Blow","floor":13.0,"key":"SMITH"},{"data":"Searing Blow+1","floor":15.0,"key":"SMITH"},{"floor":23,"key":"REST"},{"data":"Flex","floor":25,"key":"SMITH"},{"data":"Armaments","floor":27,"key":"SMITH"},{"data":"Searing Blow+2","floor":29,"key":"SMITH"},{"floor":32,"key":"REST"},{"data":"Searing Blow+3","floor":40,"key":"SMITH"},{"data":"Searing Blow+4","floor":41,"key":"SMITH"},{"floor":49,"key":"REST"}],"circlet_count":0,"master_deck":["Strike_R","Strike_R","Strike_R","Strike_R","Strike_R","Defend_R","Defend_R","Defend_R","Bash+1","Shrug It Off","Searing Blow+5","Flex+1","Perfected Strike","Bloodletting+1","Armaments+1","Warcry+1","Flash of Steel","Feed","Feed","Spot Weakness","Impervious","Cleave","Perfected Strike","Ghostly Armor+1","Headbutt","Infernal Blade+1","Forethought","Reaper","Searing Blow+5"],"relics":["Burning Blood","Incense Burner","Paper Frog","WingedGreaves","MealTicket","SlaversCollar","Letter Opener","Toy Ornithopter","War Paint","Velvet Choker","Pocketwatch","Boot","DollysMirror"],"acts_visited":["Exordium","TheCity","TheBeyond"],"potions_floor_usage":[20,28,28,36,39,44,50,50],"damage_taken":[{"damage":4.0,"enemies":"Jaw Worm","floor":1.0,"turns":5.0},{"damage":0.0,"enemies":"2 Louse","floor":5.0,"turns":3.0},{"damage":0.0,"enemies":"Small Slimes","floor":7.0,"turns":3.0},{"damage":2.0,"enemies":"2 Fungi Beasts","floor":10.0,"turns":4.0},{"damage":19.0,"enemies":"Lagavulin","floor":11.0,"turns":6.0},{"damage":11.0,"enemies":"Large Slime","floor":12.0,"turns":6.0},{"damage":6.0,"enemies":"Blue Slaver","floor":14.0,"turns":3.0},{"damage":29.0,"enemies":"Hexaghost","floor":16.0,"turns":9.0},{"damage":31.0,"enemies":"3 Byrds","floor":18.0,"turns":8.0},{"damage":34.0,"enemies":"Spheric Guardian","floor":19.0,"turns":6.0},{"damage":7,"enemies":"Snecko","floor":20,"turns":4},{"damage":35,"enemies":"Cultist and Chosen","floor":28,"turns":8},{"damage":40,"enemies":"Champ","floor":33,"turns":10},{"damage":16,"enemies":"3 Shapes","floor":35,"turns":5},{"damage":11,"enemies":"Orb Walker","floor":36,"turns":3},{"damage":26,"enemies":"Sphere and 2 Shapes","floor":37,"turns":7},{"damage":15,"enemies":"Mind Bloom Boss Battle","floor":38,"turns":6},{"damage":7,"enemies":"3 Darklings","floor":39,"turns":5},{"damage":16,"enemies":"Maw","floor":44,"turns":7},{"damage":22,"enemies":"Sphere and 2 Shapes","floor":45,"turns":4},{"damage":1,"enemies":"Transient","floor":46,"turns":5},{"damage":47,"enemies":"Donu and Deca","floor":50,"turns":8}],"seed_played":"9151492606771543204","potions_obtained":[{"floor":5.0,"key":"Explosive Potion"},{"floor":7.0,"key":"Ancient Potion"},{"floor":12.0,"key":"ColorlessPotion"},{"floor":16.0,"key":"ElixirPotion"},{"floor":18.0,"key":"FearPotion"},{"floor":19.0,"key":"ColorlessPotion"},{"floor":20,"key":"Regen Potion"},{"floor":33,"key":"EssenceOfSteel"},{"floor":37,"key":"Fire Potion"},{"floor":38,"key":"FairyPotion"},{"floor":39,"key":"Block Potion"}],"is_trial":false,"path_per_floor":["M","?","?","?","M","R","M","$","T","M","E","M","R","M","R","B",null,"M","M","M","?","$","R","?","R","T","R","M","R","?","?","R","B",null,"M","M","M","?","M","R","R","?","T","M","M","M","?","$","R","B",null],"character_chosen":"IRONCLAD","items_purchased":["Paper Frog","Flash of Steel","Feed","DollysMirror","PowerPotion","Explosive Potion"],"campfire_rested":3,"item_purchase_floors":[8,22,22,48,48,48],"current_hp_per_floor":[72,65,65,65,71,71,72,72,72,72,59,54,54,54,54,31,72,47,19,18,18,33,54,54,54,54,54,50,50,50,50,71,37,72,65,65,48,42,50,50,50,50,50,45,29,53,53,68,85,49],"gold":19,"neow_bonus":"ONE_RARE_RELIC","is_daily":false,"chose_seed":false,"campfire_upgraded":8,"win_rate":0.0,"timestamp":1609421931,"path_taken":["M","?","?","?","M","R","M","$","T","?","E","M","R","M","R","BOSS","M","M","M","?","$","R","?","R","T","R","?","R","?","?","R","BOSS","M","M","M","?","M","R","R","?","T","M","M","M","?","$","R","BOSS"],"items_purchased_type":["Relic","Card","Card","Relic","Potion","Potion"],"build_version":"2020-12-22","purchased_purges":1,"victory":true,"max_hp_per_floor":[72,72,72,72,72,72,72,72,72,72,72,72,72,72,72,72,72,72,72,72,72,72,72,72,72,72,72,72,72,72,72,72,72,72,75,75,78,81,85,85,85,85,85,85,85,85,85,85,85,85],"card_choices":[{"not_picked":["Carnage","Warcry"],"picked":"Shrug It Off","floor":1.0},{"not_picked":["Thunderclap","Clash"],"picked":"Searing Blow","floor":5.0},{"not_picked":["Clothesline","Clash"],"picked":"Entrench","floor":7.0},{"not_picked":["Warcry","Clothesline"],"picked":"Flex","floor":10.0},{"not_picked":["Entrench","Clothesline"],"picked":"Perfected Strike","floor":11.0},{"not_picked":["Dark Embrace","Infernal Blade"],"picked":"Bloodletting","floor":12.0},{"not_picked":["Iron Wave","Wild Strike","Disarm"],"picked":"SKIP","floor":14.0},{"not_picked":["Brutality","Corruption"],"picked":"Demon Form","floor":16.0},{"not_picked":["Body Slam+1","Iron Wave"],"picked":"Armaments","floor":18.0},{"not_picked":["Heavy Blade","Evolve+1"],"picked":"Warcry","floor":19.0},{"not_picked":["Heavy Blade","Sever Soul","Iron Wave+1"],"picked":"SKIP","floor":20},{"not_picked":["Hemokinesis","Entrench","Armaments"],"picked":"SKIP","floor":28},{"not_picked":["Corruption","Fiend Fire"],"picked":"Impervious","floor":33},{"not_picked":["Headbutt","Iron Wave+1"],"picked":"Cleave","floor":35},{"not_picked":["Wild Strike","Power Through"],"picked":"Perfected Strike","floor":36},{"not_picked":["Sentinel","Sever Soul"],"picked":"Ghostly Armor+1","floor":37},{"not_picked":["Combust","Uppercut+1"],"picked":"Headbutt","floor":38},{"not_picked":["Wild Strike+1","Havoc+1"],"picked":"Infernal Blade+1","floor":39},{"not_picked":["Flash of Steel","Purity"],"picked":"Forethought","floor":42},{"not_picked":["Iron Wave+1","Cleave+1","Combust+1"],"picked":"SKIP","floor":44},{"not_picked":["Armaments+1","Combust+1"],"picked":"Reaper","floor":45},{"not_picked":["Rampage+1","Shockwave+1","Body Slam+1"],"picked":"SKIP","floor":46}],"player_experience":30178,"relics_obtained":[{"floor":9.0,"key":"WingedGreaves"},{"floor":11.0,"key":"MealTicket"},{"floor":26,"key":"Toy Ornithopter"},{"floor":38,"key":"Pocketwatch"},{"floor":43,"key":"Boot"}],"event_choices":[{"cards_removed":["Defend_R"],"damage_healed":0.0,"max_hp_gain":0.0,"max_hp_loss":0.0,"gold_gain":0.0,"event_name":"Golden Wing","player_choice":"Card Removal","floor":2.0,"gold_loss":0.0,"damage_taken":7.0},{"damage_healed":0.0,"max_hp_gain":0.0,"max_hp_loss":0.0,"gold_gain":175.0,"event_name":"Liars Game","player_choice":"AGREE","floor":3.0,"gold_loss":0.0,"damage_taken":0.0,"cards_obtained":["Doubt"]},{"cards_removed":["Doubt"],"damage_healed":0.0,"max_hp_gain":0.0,"max_hp_loss":0.0,"gold_gain":0.0,"event_name":"The Cleric","player_choice":"Card Removal","floor":4.0,"gold_loss":50.0,"damage_taken":0.0},{"damage_healed":0,"gold_gain":0,"player_choice":"Ignored","damage_taken":0,"max_hp_gain":0,"max_hp_loss":0,"event_name":"Ghosts","floor":21,"gold_loss":0},{"damage_healed":0,"gold_gain":0,"player_choice":"Gave Potion","damage_taken":0,"relics_obtained":["Letter Opener"],"max_hp_gain":0,"max_hp_loss":0,"event_name":"WeMeetAgain","floor":24,"gold_loss":0},{"damage_healed":0,"gold_gain":0,"player_choice":"Opened","damage_taken":0,"relics_obtained":["War Paint"],"max_hp_gain":0,"max_hp_loss":0,"event_name":"The Mausoleum","floor":30,"gold_loss":0,"cards_obtained":["Writhe"]},{"damage_healed":0,"gold_gain":0,"cards_transformed":["Demon Form","Entrench"],"player_choice":"Became Test Subject","damage_taken":0,"max_hp_gain":0,"max_hp_loss":0,"event_name":"Drug Dealer","floor":31,"gold_loss":0,"cards_obtained":["Feed","Spot Weakness"]},{"damage_healed":0,"gold_gain":0,"player_choice":"Fight","damage_taken":0,"max_hp_gain":0,"max_hp_loss":0,"event_name":"MindBloom","floor":38,"gold_loss":0},{"damage_healed":0,"gold_gain":0,"player_choice":"Memory 1","damage_taken":0,"max_hp_gain":0,"max_hp_loss":0,"event_name":"SensoryStone","floor":42,"gold_loss":0},{"damage_healed":0,"gold_gain":0,"player_choice":"Ignored","damage_taken":0,"max_hp_gain":0,"max_hp_loss":0,"event_name":"Mysterious Sphere","floor":47,"gold_loss":0}],"is_beta":false,"boss_relics":[{"not_picked":["Coffee Dripper","Empty Cage"],"picked":"SlaversCollar"},{"not_picked":["Cursed Key","Black Blood"],"picked":"Velvet Choker"}],"items_purged_floors":[48],"is_endless":false,"potions_floor_spawned":[5,7,12,16,18,19,20,33,37,38,39],"ascension_level":0}}