{"host":"s0ikvqhe10eopvjn","time":1609419009,"event":{"mods":["Act Like it!","Bard","BaseMod","Better Third Choice","Block Reminder","Colored Map","Colored Powertips","DeckTracker","Downfall","GifTheSpireLib","Halation","Hallownest","Hermit","Highlight Path","Hubris","Infinite Spire","Mad Scientist","Minty Spire (QoL Compilation)","Permanent Neow","Random Character Button","Replay The Spire","StSLib","The Blackbeard","The Blue Laboratory","The Bug Knight","The Construct","The Cursed","The Disciple","The Hierophant","The Marked","The Mystic","The Necromancer","The Poker Player","The Runesmith","The Servant 0.9.4"],"gold_per_floor":[369,36,49,69,83,83,83,83,131,81,98,112,144,158,158,255,255,270,270,252,252,262,262,7,7,7,7,22,50,63,79,79,183,183,197,197,41,41,53,53,72,72,72,72,89,89,102,112,112,112,112],"floor_reached":50,"playtime":3153,"items_purged":["Vigilance","Strike_R","Defend_R"],"score":468,"play_id":"f6d22646-564f-4e71-b2d2-20eb9285dab2","local_time":"20201231125009","is_ascension_mode":false,"campfire_choices":[{"data":"mysticmod:Strike_Mystic","floor":6,"key":"SMITH"},{"data":"Bash","floor":8,"key":"SMITH"},{"floor":15,"key":"REST"},{"floor":23,"key":"REST"},{"data":"Demon Form","floor":27,"key":"SMITH"},{"floor":32,"key":"REST"},{"floor":40,"key":"RECALL"},{"floor":42,"key":"REST"},{"data":"Bludgeon","floor":44,"key":"SMITH"},{"data":"Limit Break","floor":49,"key":"SMITH"}],"circlet_count":0,"master_deck":["Strike_R","Strike_R","Strike_R","Strike_R","Defend_R","Defend_R","Defend_R","Bash+1","mysticmod:Strike_Mystic+1","Headbutt","Cleave","Metallicize+1","Intimidate","Cleave","Clothesline","Fiend Fire","Demon Form+1","Reckless Charge+1","Pummel","Run Through","Perfected Strike+1","Armaments+1","ReplayTheSpireMod:Stacked+1","Shrug It Off","Bloodletting+1","Limit Break+1","Twin Strike","Bludgeon+1","Shrug It Off","Seeing Red+1"],"relics":["Burning Blood","infinitespire:BottledMercury","Smiling Mask","HollowMod:LifeEnderRelic","hubris:Backtick","Membership Card","Anchor","Turnip","Red Skull","hubris:PeanutButter","hubris:RunicObelisk","Replay:Baseball","ReplayFunnel","Lee\u0027s Waffle"],"acts_visited":["Exordium","TheCity","TheBeyond"],"potions_floor_usage":[13,14,16,22,30,35,45,50,50],"damage_taken":[{"damage":3,"enemies":"2 Louse","floor":1,"turns":4},{"damage":0,"enemies":"Small Slimes","floor":3,"turns":3},{"damage":6,"enemies":"Jaw Worm","floor":4,"turns":3},{"damage":7,"enemies":"Exordium Wildlife","floor":5,"turns":5},{"damage":8,"enemies":"Exordium Thugs","floor":11,"turns":5},{"damage":4,"enemies":"Looter","floor":12,"turns":3},{"damage":16,"enemies":"Lagavulin","floor":13,"turns":9},{"damage":17,"enemies":"Large Slime","floor":14,"turns":4},{"damage":16,"enemies":"Slime Boss","floor":16,"turns":7},{"damage":26,"enemies":"Spheric Guardian","floor":18,"turns":4},{"damage":19,"enemies":"2 Thieves","floor":20,"turns":4},{"damage":8,"enemies":"Chosen and Byrds","floor":22,"turns":5},{"damage":26,"enemies":"Centurion and Healer","floor":28,"turns":5},{"damage":15,"enemies":"HollowMod:Nosk","floor":29,"turns":7},{"damage":4,"enemies":"Snake Plant","floor":30,"turns":4},{"damage":3,"enemies":"Shelled Parasite and Fungi","floor":31,"turns":6},{"damage":60,"enemies":"hubris:MusketHawk","floor":33,"turns":8},{"damage":12,"enemies":"3 Shapes","floor":35,"turns":3},{"damage":0,"enemies":"Orb Walker","floor":39,"turns":4},{"damage":44,"enemies":"Jaw Worm Horde","floor":41,"turns":6},{"damage":17,"enemies":"3 Darklings","floor":45,"turns":6},{"damage":24,"enemies":"Maw","floor":47,"turns":7},{"damage":0,"enemies":"Sphere and 2 Shapes","floor":48,"turns":6},{"damage":75,"enemies":"hubris:GrandSnecko","floor":50,"turns":12}],"seed_played":"-7247628478254829969","potions_obtained":[{"floor":3,"key":"hexamod:EctoCoolerPotion"},{"floor":5,"key":"Block Potion"},{"floor":13,"key":"Adrenaline Potion"},{"floor":16,"key":"FearPotion"},{"floor":20,"key":"AttackPotion"},{"floor":28,"key":"blueLaboratory:IronCompound"},{"floor":31,"key":"blueLaboratory:NullPotion"},{"floor":33,"key":"champ:CounterPotion"},{"floor":39,"key":"Adrenaline Potion"}],"is_trial":false,"path_per_floor":["M","$","M","M","M","R","?","R","T","$","M","M","E","M","R","B",null,"M","?","M","?","M","R","$","$","T","R","M","E","M","M","R","B",null,"M","?","$","?","M","R","M","R","T","R","M","AVR","M","M","R","B"],"character_chosen":"IRONCLAD","items_purchased":["infinitespire:BottledMercury","Turnip","Perfected Strike+1","Red Skull","Replay:Baseball","Bludgeon"],"campfire_rested":4,"item_purchase_floors":[2,24,24,24,37,37],"current_hp_per_floor":[80,80,80,80,79,79,79,79,79,79,77,79,69,58,80,70,80,60,52,39,39,37,61,61,61,61,61,41,32,34,37,61,7,80,74,74,74,74,80,80,42,66,66,66,55,87,69,75,75,0,0],"gold":112,"neow_bonus":"TWO_FIFTY_GOLD","is_daily":false,"chose_seed":false,"campfire_upgraded":5,"win_rate":0.0,"timestamp":1609419009,"path_taken":["M","$","M","M","M","R","?","R","T","$","M","M","E","M","R","BOSS","M","?","M","?","M","R","?","$","T","R","M","E","M","?","R","BOSS","M","?","$","?","M","R","M","R","T","R","M","AVR","M","M","R","BOSS"],"items_purchased_type":["Relic","Relic","Card","Relic","Relic","Card"],"build_version":"2020-12-22","purchased_purges":3,"victory":false,"max_hp_per_floor":[80,80,80,80,80,80,80,80,80,80,80,80,80,80,80,80,80,80,80,80,80,80,80,80,80,80,80,80,80,80,80,80,80,80,80,80,80,80,80,80,80,80,80,80,80,87,87,87,87,87,87],"card_choices":[{"not_picked":["Sword Boomerang","ReplayTheSpireMod:Strike From Hell"],"picked":"Headbutt","floor":1},{"not_picked":["Thunderclap","Pummel"],"picked":"Cleave","floor":3},{"not_picked":["Pommel Strike","Shockwave"],"picked":"Metallicize","floor":4},{"not_picked":["Anger","Body Slam"],"picked":"Intimidate","floor":5},{"not_picked":["Uppercut","ReplayTheSpireMod:Strike From Hell"],"picked":"Cleave","floor":11},{"not_picked":["Massacre","Entrench"],"picked":"Clothesline","floor":12},{"not_picked":["Feel No Pain","Clash"],"picked":"Fiend Fire","floor":13},{"not_picked":["Iron Wave","Warcry"],"picked":"Inflame","floor":14},{"not_picked":["Hemogenesis","Offering"],"picked":"Demon Form","floor":16},{"not_picked":["Body Slam","Armaments"],"picked":"Reckless Charge+1","floor":18},{"not_picked":["ReplayReversal","Run Through+1"],"picked":"Pummel","floor":20},{"not_picked":["Uppercut+1","Anger"],"picked":"Run Through","floor":22},{"not_picked":["Headbutt","Body Slam+1"],"picked":"Armaments+1","floor":28},{"not_picked":["hubris:CleavingFinish","Sword Boomerang"],"picked":"ReplayTheSpireMod:Stacked+1","floor":29},{"not_picked":["Anger+1","Flex"],"picked":"Shrug It Off","floor":30},{"not_picked":["Thunderclap","Sword Boomerang"],"picked":"Bloodletting+1","floor":31},{"not_picked":["Demonic Infusion","Impervious"],"picked":"Limit Break","floor":33},{"not_picked":["Replay:Undeath\u0027s Touch+1","Pommel Strike"],"picked":"Twin Strike","floor":35},{"not_picked":["Wild Strike+1","Clothesline+1","Dropkick+1"],"picked":"SKIP","floor":39},{"not_picked":["Headbutt","Clash+1","Body Slam"],"picked":"SKIP","floor":41},{"not_picked":["Run Through+1","Flex"],"picked":"Seeing Red+1","floor":45},{"not_picked":["Massacre","Power Through+1","Dual Wield"],"picked":"SKIP","floor":47},{"not_picked":["Cleave","Headbutt","Juggernaut"],"picked":"SKIP","floor":48}],"player_experience":100803,"relics_obtained":[{"floor":9,"key":"Smiling Mask"},{"floor":13,"key":"HollowMod:LifeEnderRelic"},{"floor":29,"key":"hubris:PeanutButter"},{"floor":43,"key":"ReplayFunnel"}],"event_choices":[{"damage_healed":0,"gold_gain":0,"player_choice":"Anchor","damage_taken":0,"relics_obtained":["Anchor"],"max_hp_gain":0,"max_hp_loss":0,"event_name":"blackbeard:ShipwreckEvent","floor":19,"gold_loss":0},{"damage_healed":0,"gold_gain":0,"player_choice":"Ignored","damage_taken":0,"max_hp_gain":0,"max_hp_loss":0,"event_name":"Vampires","floor":21,"gold_loss":0},{"cards_removed":["Inflame"],"damage_healed":0,"gold_gain":0,"player_choice":"Removed Power","damage_taken":0,"max_hp_gain":0,"max_hp_loss":0,"event_name":"Falling","floor":36,"gold_loss":0},{"damage_healed":0,"gold_gain":0,"player_choice":"1 cards matched","damage_taken":0,"max_hp_gain":0,"max_hp_loss":0,"event_name":"Match and Keep!","floor":38,"gold_loss":0,"cards_obtained":["Shrug It Off"]}],"is_beta":false,"boss_relics":[{"not_picked":["halation:Risk","hubris:ScarierMask"],"picked":"hubris:Backtick"},{"not_picked":["Replay:Ancient Bell","Coffee Dripper"],"picked":"hubris:RunicObelisk"}],"items_purged_floors":[2,10,46],"is_endless":false,"potions_floor_spawned":[3,5,13,16,20,28,31,33,39,41],"killed_by":"hubris:GrandSnecko","ascension_level":0}}