{"host":"i09pxcjttd31eh4q","time":1609422561,"event":{"mods":["AchievementEnabler","BaseMod","Colored Map","Keyboard Shortcuts","Minty Spire (QoL Compilation)","StSLib","SuperFastMode"],"gold_per_floor":[110,35,35,49,49,49,81,81,131,144,162,0,26,0,0,75,75,86,1,15,15,34,65,65,93,93,93,18,35,35,35],"floor_reached":30,"playtime":827,"items_purged":["Shame"],"score":552,"play_id":"efac8e55-c890-4041-a721-36fe1cab523d","local_time":"20201231224921","is_ascension_mode":true,"campfire_choices":[{"floor":6.0,"key":"REST"},{"data":"Calculated Gamble","floor":8.0,"key":"SMITH"},{"floor":15.0,"key":"REST"},{"floor":24.0,"key":"REST"}],"circlet_count":0,"master_deck":["AscendersBane","Survivor","Neutralize","Apotheosis+1","Eviscerate","Footwork","Calculated Gamble+1","Quick Slash","Blur","Acrobatics","Burst","Leg Sweep","Dagger Spray","Prepared","Dagger Throw","Venomology","Tactician","Skewer","Eviscerate","Grand Finale","Noxious Fumes","All Out Attack","Underhanded Strike","Escape Plan","PiercingWail","Escape Plan","Deflect","Acrobatics"],"relics":["Ring of the Snake","Juzu Bracelet","Orrery","Orichalcum","Pandora\u0027s Box","Bronze Scales","Turnip","Pantograph"],"acts_visited":["Exordium","TheCity"],"potions_floor_usage":[30,30],"damage_taken":[{"damage":4.0,"enemies":"Cultist","floor":1.0,"turns":3.0},{"damage":0.0,"enemies":"Jaw Worm","floor":4.0,"turns":4.0},{"damage":31.0,"enemies":"Gremlin Nob","floor":7.0,"turns":5.0},{"damage":0.0,"enemies":"2 Louse","floor":10.0,"turns":3.0},{"damage":0.0,"enemies":"2 Fungi Beasts","floor":11.0,"turns":4.0},{"damage":10.0,"enemies":"3 Sentries","floor":13.0,"turns":8.0},{"damage":0.0,"enemies":"Looter","floor":14.0,"turns":4.0},{"damage":28.0,"enemies":"Slime Boss","floor":16.0,"turns":8.0},{"damage":3.0,"enemies":"3 Byrds","floor":18.0,"turns":5.0},{"damage":13.0,"enemies":"Shell Parasite","floor":20.0,"turns":2.0},{"damage":0.0,"enemies":"Snecko","floor":22.0,"turns":5.0},{"damage":18.0,"enemies":"Book of Stabbing","floor":23.0,"turns":4.0},{"damage":22.0,"enemies":"Slavers","floor":25.0,"turns":3.0},{"damage":0.0,"enemies":"Snake Plant","floor":29.0,"turns":2.0},{"damage":20,"enemies":"Cultist and Chosen","floor":30,"turns":4}],"seed_played":"3401594744773890217","potions_obtained":[{"floor":11.0,"key":"CultistPotion"},{"floor":16.0,"key":"Swift Potion"},{"floor":20.0,"key":"Explosive Potion"},{"floor":23.0,"key":"EssenceOfSteel"}],"is_trial":false,"path_per_floor":["M","$","?","M","?","R","E","R","T","M","M","$","E","M","R","B",null,"M","?","M","?","M","E","R","E","T","?","?","M","M"],"character_chosen":"THE_SILENT","items_purchased":["Orrery"],"campfire_rested":3,"item_purchase_floors":[12],"current_hp_per_floor":[55,55,48,48,48,66,35,35,35,35,35,35,25,25,44,16,54,51,51,38,20,20,16,37,15,15,15,15,15,0,0],"gold":35,"neow_bonus":"RANDOM_COLORLESS_2","is_daily":false,"chose_seed":false,"campfire_upgraded":1,"win_rate":0.0,"timestamp":1609422561,"path_taken":["M","$","?","M","?","R","E","R","T","M","M","?","E","M","R","BOSS","M","?","M","?","M","E","R","E","T","?","?","M","M"],"items_purchased_type":["Relic"],"build_version":"2020-12-22","purchased_purges":1,"victory":false,"max_hp_per_floor":[66,66,66,66,66,66,66,66,66,66,66,66,66,66,66,66,66,66,66,66,71,71,71,71,71,71,71,71,71,71,71],"card_choices":[{"not_picked":["Master of Strategy","Panache"],"picked":"Apotheosis","floor":0.0},{"not_picked":["Setup","Flying Knee"],"picked":"Eviscerate","floor":1.0},{"not_picked":["Leg Sweep","Flechettes"],"picked":"Footwork","floor":4.0},{"not_picked":["Flying Knee","Outmaneuver"],"picked":"Calculated Gamble","floor":7.0},{"not_picked":["Calculated Gamble","Bane"],"picked":"Quick Slash","floor":10.0},{"not_picked":["PiercingWail","Dagger Throw"],"picked":"Blur","floor":11.0},{"not_picked":["Cloak And Dagger","Backstab"],"picked":"Acrobatics","floor":12.0},{"not_picked":["All Out Attack","Poisoned Stab"],"picked":"Burst","floor":12.0},{"not_picked":["Poisoned Stab","Underhanded Strike"],"picked":"Leg Sweep","floor":12.0},{"not_picked":["Deflect","Blur"],"picked":"Dagger Spray","floor":12.0},{"not_picked":["Bane","Underhanded Strike"],"picked":"Prepared","floor":13.0},{"not_picked":["Slice","Dash"],"picked":"Dagger Throw","floor":14.0},{"not_picked":["Night Terror","Burst"],"picked":"Venomology","floor":16.0},{"not_picked":["Poisoned Stab","Expertise","Prepared"],"picked":"SKIP","floor":18.0},{"not_picked":["Eviscerate","Slice"],"picked":"PiercingWail","floor":20.0},{"not_picked":["Choke","Burst","Dodge and Roll"],"picked":"SKIP","floor":22.0},{"not_picked":["Blade Dance","Night Terror"],"picked":"Escape Plan","floor":23.0},{"not_picked":["Dagger Spray+1","Underhanded Strike"],"picked":"Deflect","floor":25.0},{"not_picked":["Heel Hook","Cloak And Dagger","Setup+1"],"picked":"SKIP","floor":29.0}],"player_experience":805749,"relics_obtained":[{"floor":9.0,"key":"Juzu Bracelet"},{"floor":13.0,"key":"Orichalcum"},{"floor":25.0,"key":"Turnip"},{"floor":26.0,"key":"Pantograph"}],"event_choices":[{"cards_removed":["Strike_G"],"damage_healed":0.0,"max_hp_gain":0.0,"max_hp_loss":0.0,"gold_gain":0.0,"event_name":"Golden Wing","player_choice":"Card Removal","floor":3.0,"gold_loss":0.0,"damage_taken":7.0},{"damage_healed":0.0,"max_hp_gain":0.0,"max_hp_loss":0.0,"gold_gain":0.0,"event_name":"Accursed Blacksmith","player_choice":"Forge","floor":5.0,"gold_loss":0.0,"damage_taken":0.0,"cards_upgraded":["Apotheosis"]},{"damage_healed":0.0,"max_hp_gain":0.0,"max_hp_loss":0.0,"gold_gain":0.0,"event_name":"Addict","player_choice":"Obtained Relic","floor":19.0,"gold_loss":85.0,"damage_taken":0.0,"relics_obtained":["Bronze Scales"]},{"damage_healed":0.0,"max_hp_gain":5.0,"max_hp_loss":0.0,"gold_gain":0.0,"event_name":"Forgotten Altar","player_choice":"Shed Blood","floor":21.0,"gold_loss":0.0,"damage_taken":23.0},{"damage_healed":0.0,"max_hp_gain":0.0,"max_hp_loss":0.0,"gold_gain":0.0,"event_name":"The Library","player_choice":"Read","floor":27.0,"gold_loss":0.0,"damage_taken":0.0,"cards_obtained":["Acrobatics"]},{"cards_removed":["All Out Attack"],"damage_healed":0.0,"max_hp_gain":0.0,"max_hp_loss":0.0,"gold_gain":0.0,"event_name":"Beggar","player_choice":"Gave Gold","floor":28.0,"gold_loss":75.0,"damage_taken":0.0}],"is_beta":false,"boss_relics":[{"not_picked":["SlaversCollar","Sozu"],"picked":"Pandora\u0027s Box"}],"items_purged_floors":[2],"is_endless":false,"potions_floor_spawned":[11,16,20,23],"killed_by":"Cultist and Chosen","ascension_level":20}}