{"host":"znvnxllcillb3rtw","time":1609392745,"event":{"mods":["BaseMod","DeckTracker","Minty Spire (QoL Compilation)","Relic Stats","StSLib","SuperFastMode","everything is the same but u backflip on backflip"],"gold_per_floor":[111,111,123,140,159,159,184,124,148,23,23,38,50,62,62,133,133,147,197,208,223,243,243,260,260,309,342,58,78,78,128,128,205,205,215,231,231,244,244,275,275,293,319,319,282,300,300,315,315,315,315,315,315,104,133,133],"floor_reached":57,"playtime":3109,"items_purged":["Pain","Zap"],"score":2891,"play_id":"c62d4e87-f4db-4c1e-9cbc-25539c248b5b","local_time":"20201231143225","is_ascension_mode":true,"campfire_choices":[{"floor":6.0,"key":"REST"},{"data":"Turbo","floor":11.0,"key":"SMITH"},{"floor":15.0,"key":"REST"},{"data":"Coolheaded","floor":23.0,"key":"SMITH"},{"floor":25.0,"key":"REST"},{"data":"Apotheosis","floor":30.0,"key":"SMITH"},{"floor":32.0,"key":"RECALL"},{"data":"Seek","floor":41.0,"key":"SMITH"},{"data":"Seek","floor":44.0,"key":"SMITH"},{"data":"Coolheaded","floor":49,"key":"SMITH"},{"data":"Echo Form","floor":53,"key":"SMITH"}],"circlet_count":0,"master_deck":["AscendersBane","Dualcast","Chill","Chill","Glacier","Seek+1","Genetic Algorithm","Echo Form","Echo Form+1","Defragment","Gash","Capacitor","Skim","Turbo+1","Glacier","Biased Cognition","Coolheaded+1","Fusion","Coolheaded+1","Self Repair","Apotheosis+1","Seek+1","Gash+1","Blizzard","Master of Strategy"],"relics":["Pandora\u0027s Box","WarpedTongs","Bronze Scales","Strawberry","Sozu","Blood Vial","Potion Belt","Busted Crown","Vajra","Boot"],"acts_visited":["Exordium","TheCity","TheBeyond","TheEnding"],"potions_floor_usage":[56],"damage_taken":[{"damage":0.0,"enemies":"Cultist","floor":1.0,"turns":5.0},{"damage":16.0,"enemies":"Jaw Worm","floor":3.0,"turns":6.0},{"damage":16.0,"enemies":"2 Louse","floor":4.0,"turns":6.0},{"damage":4.0,"enemies":"Blue Slaver","floor":5.0,"turns":5.0},{"damage":14.0,"enemies":"Gremlin Nob","floor":7.0,"turns":6.0},{"damage":3.0,"enemies":"Looter","floor":8.0,"turns":5.0},{"damage":0.0,"enemies":"2 Fungi Beasts","floor":12.0,"turns":4.0},{"damage":9.0,"enemies":"Blue Slaver","floor":13.0,"turns":4.0},{"damage":6.0,"enemies":"Lots of Slimes","floor":14.0,"turns":4.0},{"damage":0.0,"enemies":"Slime Boss","floor":16.0,"turns":7.0},{"damage":0.0,"enemies":"Spheric Guardian","floor":18.0,"turns":5.0},{"damage":8.0,"enemies":"Chosen","floor":20.0,"turns":8.0},{"damage":0.0,"enemies":"Snecko","floor":21.0,"turns":8.0},{"damage":19.0,"enemies":"3 Cultists","floor":22.0,"turns":6.0},{"damage":7.0,"enemies":"Centurion and Healer","floor":24.0,"turns":6.0},{"damage":14.0,"enemies":"Book of Stabbing","floor":27.0,"turns":6.0},{"damage":0.0,"enemies":"Snake Plant","floor":29.0,"turns":5.0},{"damage":5.0,"enemies":"Champ","floor":33.0,"turns":8.0},{"damage":3.0,"enemies":"Orb Walker","floor":35.0,"turns":5.0},{"damage":7.0,"enemies":"3 Shapes","floor":36.0,"turns":5.0},{"damage":23.0,"enemies":"Transient","floor":38.0,"turns":5.0},{"damage":0.0,"enemies":"Nemesis","floor":40.0,"turns":15.0},{"damage":0.0,"enemies":"Spire Growth","floor":42.0,"turns":5.0},{"damage":3.0,"enemies":"Jaw Worm Horde","floor":46.0,"turns":3.0},{"damage":0,"enemies":"Maw","floor":48,"turns":5},{"damage":3,"enemies":"Donu and Deca","floor":50,"turns":7},{"damage":0,"enemies":"Awakened One","floor":51,"turns":7},{"damage":12,"enemies":"Shield and Spear","floor":55,"turns":8},{"damage":65,"enemies":"The Heart","floor":56,"turns":9}],"seed_played":"-4070208766598445456","potions_obtained":[{"floor":3.0,"key":"Swift Potion"},{"floor":4.0,"key":"AttackPotion"},{"floor":7.0,"key":"PotionOfCapacity"}],"is_trial":false,"path_per_floor":["M","?","M","M","M","R","E","M","T","$","R","M","M","M","R","B",null,"M","?","M","M","M","R","M","R","T","E","$","M","R","?","R","B",null,"M","M","?","M","?","E","R","M","T","R","$","M","?","M","R","B","B",null,"R","$","E","B",null],"character_chosen":"DEFECT","items_purchased":["Turbo","Apotheosis","Blizzard","Master of Strategy"],"campfire_rested":3,"item_purchase_floors":[10,28,45,54],"current_hp_per_floor":[64,64,48,32,28,49,35,32,39,39,39,39,30,24,47,47,70,70,70,62,62,43,43,36,59,59,54,54,76,76,76,76,78,78,78,78,78,75,74,74,74,74,74,74,74,74,74,74,74,74,74,74,74,74,74,19],"gold":133,"neow_bonus":"BOSS_RELIC","is_daily":false,"chose_seed":false,"campfire_upgraded":7,"win_rate":0.0,"timestamp":1609392745,"path_taken":["M","?","M","M","M","R","E","M","T","$","R","M","?","?","R","BOSS","M","?","M","M","M","R","M","R","T","E","$","?","R","?","R","BOSS","M","M","?","M","?","E","R","M","T","R","$","M","?","M","R","BOSS","BOSS","R","$","E","BOSS"],"items_purchased_type":["Card","Card","Card","Card"],"build_version":"2020-12-22","purchased_purges":2,"victory":true,"max_hp_per_floor":[71,71,71,71,71,71,71,71,78,78,78,78,78,78,78,78,78,78,78,78,78,78,78,78,78,78,78,78,78,78,78,78,78,78,78,78,78,78,74,74,74,74,74,74,74,74,74,74,74,74,74,74,74,74,74,74],"relic_stats":{"Sozu":5,"Blood Vial":6,"Busted Crown":16,"counters":[29,178],"Bronze Scales":[514],"Pandora\u0027s Box":["Chill","Chill","Glacier","Seek","Genetic Algorithm","Echo Form","Echo Form","Gash"],"Boot":[0],"obtain_stats":[{"Sozu":17,"Blood Vial":26,"Potion Belt":27,"Busted Crown":34,"Bronze Scales":7,"Strawberry":9,"Vajra":40,"Pandora\u0027s Box":0,"Cracked Core":0,"Boot":55,"WarpedTongs":2},{"Sozu":10,"Blood Vial":15,"Potion Belt":16,"Busted Crown":18,"Bronze Scales":5,"Strawberry":6,"Vajra":22,"Pandora\u0027s Box":0,"Cracked Core":0,"Boot":28,"WarpedTongs":1},{"Sozu":52,"Blood Vial":85,"Potion Belt":91,"Busted Crown":104,"Bronze Scales":28,"Strawberry":33,"Vajra":134,"Pandora\u0027s Box":0,"Cracked Core":0,"Boot":169,"WarpedTongs":5}],"WarpedTongs":[102]},"card_choices":[{"not_picked":["Stack","Tempest"],"picked":"Defragment","floor":1.0},{"not_picked":["Barrage","Lockon"],"picked":"Gash","floor":3.0},{"not_picked":["Reprogram","Beam Cell","Darkness"],"picked":"SKIP","floor":4.0},{"not_picked":["Genetic Algorithm","Scrape"],"picked":"Capacitor","floor":5.0},{"not_picked":["Multi-Cast","Streamline","Sweeping Beam"],"picked":"SKIP","floor":7.0},{"not_picked":["Rebound","White Noise"],"picked":"Skim","floor":8.0},{"not_picked":["Steam","Gash","Double Energy"],"picked":"SKIP","floor":12.0},{"not_picked":["Redo","Storm"],"picked":"Glacier","floor":13.0},{"not_picked":["Scrape","Rebound","Leap"],"picked":"SKIP","floor":14.0},{"not_picked":["Rainbow","Buffer"],"picked":"Biased Cognition","floor":16.0},{"not_picked":["Self Repair","Sweeping Beam+1"],"picked":"Coolheaded","floor":18.0},{"not_picked":["Compile Driver","Storm","Capacitor"],"picked":"SKIP","floor":20.0},{"not_picked":["Fusion","Conserve Battery","Cold Snap+1"],"picked":"SKIP","floor":21.0},{"not_picked":["Conserve Battery","Cold Snap+1"],"picked":"Fusion","floor":21.0},{"not_picked":["Streamline","Glacier"],"picked":"Coolheaded","floor":22.0},{"not_picked":["Gash","Leap"],"picked":"Self Repair","floor":24.0},{"not_picked":["All For One","FTL","Gash"],"picked":"SKIP","floor":27.0},{"not_picked":["FTL","Fusion","Hello World"],"picked":"SKIP","floor":29.0},{"not_picked":["FTL","Fusion","Hello World"],"picked":"SKIP","floor":29.0},{"not_picked":["Echo Form","Biased Cognition"],"picked":"Seek","floor":33.0},{"not_picked":["Stack"],"picked":"SKIP","floor":35.0},{"not_picked":["Redo+1"],"picked":"SKIP","floor":36.0},{"not_picked":[],"picked":"Gash+1","floor":38.0},{"not_picked":["Heatsinks"],"picked":"SKIP","floor":40.0},{"not_picked":["Redo"],"picked":"SKIP","floor":42.0},{"not_picked":["BootSequence+1"],"picked":"SKIP","floor":46.0},{"not_picked":["Consume"],"picked":"SKIP","floor":48},{"not_picked":["Reinforced Body"],"picked":"SKIP","floor":55}],"player_experience":2878592,"relics_obtained":[{"floor":7.0,"key":"Bronze Scales"},{"floor":9.0,"key":"Strawberry"},{"floor":26.0,"key":"Blood Vial"},{"floor":27.0,"key":"Potion Belt"},{"floor":40.0,"key":"Vajra"},{"floor":55,"key":"Boot"}],"event_choices":[{"damage_healed":0.0,"max_hp_gain":0.0,"max_hp_loss":0.0,"gold_gain":0.0,"event_name":"Accursed Blacksmith","player_choice":"Rummage","floor":2.0,"gold_loss":0.0,"damage_taken":0.0,"relics_obtained":["WarpedTongs"],"cards_obtained":["Pain"]},{"damage_healed":0.0,"max_hp_gain":0.0,"max_hp_loss":0.0,"gold_gain":50.0,"event_name":"Golden Shrine","player_choice":"Pray","floor":19.0,"gold_loss":0.0,"damage_taken":0.0},{"damage_healed":0.0,"max_hp_gain":0.0,"max_hp_loss":0.0,"gold_gain":50.0,"event_name":"Nest","player_choice":"Stole From Cult","floor":31.0,"gold_loss":0.0,"damage_taken":0.0},{"cards_removed":["Gash"],"damage_healed":0.0,"max_hp_gain":0.0,"max_hp_loss":0.0,"gold_gain":0.0,"event_name":"Falling","player_choice":"Removed Attack","floor":37.0,"gold_loss":0.0,"damage_taken":0.0},{"damage_healed":0.0,"max_hp_gain":0.0,"max_hp_loss":4.0,"gold_gain":0.0,"event_name":"Winding Halls","player_choice":"Max HP","floor":39.0,"gold_loss":0.0,"damage_taken":0.0},{"damage_healed":0,"gold_gain":0,"player_choice":"Ignored","damage_taken":0,"max_hp_gain":0,"max_hp_loss":0,"event_name":"Mysterious Sphere","floor":47,"gold_loss":0}],"is_beta":false,"boss_relics":[{"not_picked":["Cursed Key","SacredBark"],"picked":"Sozu"},{"not_picked":["Runic Dome","Philosopher\u0027s Stone"],"picked":"Busted Crown"}],"items_purged_floors":[10,28],"is_endless":false,"potions_floor_spawned":[3,4,7,13,14,18,33,35,42,48],"ascension_level":20}}