{"host":"6ko66ogg91i6g7xq","time":1609435332,"event":{"mods":["AchievementEnabler","Act Like it!","BaseMod","Colored Map","Colored Powertips","Downfall","Hermit","Minty Spire (QoL Compilation)","Quick Restart","Relic Stats","StSLib","The Jungle","everything is the same but u backflip on backflip"],"gold_per_floor":[115,115,139,139,139,183,37,62,86,261,304,320,320,333,333,463,463,484,484,484,499,499,499,533,533,533,576,576,607,6,19,19,19,19],"floor_reached":33,"playtime":913,"items_purged":["Doubt"],"score":381,"play_id":"9ee40127-2234-4b6f-b748-a921812d1b4b","local_time":"20201231122212","is_ascension_mode":true,"campfire_choices":[{"floor":13,"key":"RECALL"},{"floor":15,"key":"REST"},{"data":"Noxious Fumes","floor":23,"key":"SMITH"},{"data":"Storm of Steel","floor":25,"key":"SMITH"},{"data":"Accuracy","floor":32,"key":"SMITH"}],"circlet_count":0,"master_deck":["Strike_G","Strike_G+1","Strike_G","Strike_G","Strike_G","Defend_G","Defend_G","Defend_G","Defend_G","Defend_G","Survivor","Neutralize+1","Blade Dance","Caltrops","Cloak And Dagger","Cloak And Dagger","Blade Dance","Noxious Fumes+1","Storm of Steel+1","Cloak And Dagger","Necronomicurse","Backflip","Catalyst+1","Blade Dance+1","Dash","Accuracy+1"],"relics":["Ring of the Snake","NeowsBlessing","Golden Idol","Whetstone","TwistedFunnel","Bag of Marbles","PreservedInsect","WristBlade","Necronomicon","MutagenicStrength","HornCleat","Singing Bowl","Blood Vial","Pen Nib","Orichalcum","Bag of Preparation","OrangePellets"],"acts_visited":["Exordium","TheCity"],"potions_floor_usage":[16,21,24,24,28],"damage_taken":[{"damage":0,"enemies":"Jaw Worm","floor":1,"turns":1},{"damage":0,"enemies":"2 Louse","floor":3,"turns":1},{"damage":0,"enemies":"Lagavulin","floor":6,"turns":1},{"damage":1,"enemies":"Small Slimes","floor":8,"turns":2},{"damage":14,"enemies":"Gremlin Nob","floor":11,"turns":4},{"damage":1,"enemies":"Blue Slaver","floor":12,"turns":3},{"damage":0,"enemies":"3 Louse","floor":14,"turns":2},{"damage":37,"enemies":"Slime Boss","floor":16,"turns":9},{"damage":0,"enemies":"2 Thieves","floor":18,"turns":4},{"damage":0,"enemies":"Spheric Guardian","floor":21,"turns":1},{"damage":9,"enemies":"Slavers","floor":24,"turns":4},{"damage":7,"enemies":"Book of Stabbing","floor":27,"turns":3},{"damage":0,"enemies":"Snake Plant","floor":28,"turns":1},{"damage":0,"enemies":"Gremlin Leader","floor":29,"turns":1},{"damage":1,"enemies":"Shelled Parasite and Fungi","floor":31,"turns":4},{"damage":62,"enemies":"Automaton","floor":33,"turns":6}],"seed_played":"6094415064445464813","potions_obtained":[{"floor":1,"key":"Weak Potion"},{"floor":3,"key":"ColorlessPotion"},{"floor":12,"key":"FearPotion"},{"floor":16,"key":"Regen Potion"},{"floor":18,"key":"SmokeBomb"},{"floor":21,"key":"Strength Potion"}],"is_trial":false,"path_per_floor":["M","?","M","$","?","E","$","M","T","?","E","M","R","M","R","B",null,"M","?","?","M","T","R","E","R","T","E","M","E","$","M","R","B"],"character_chosen":"THE_SILENT","items_purchased":["TwistedFunnel","Orichalcum","Dash","Bag of Preparation","OrangePellets"],"campfire_rested":1,"item_purchase_floors":[7,30,30,30,30],"current_hp_per_floor":[70,53,53,53,53,53,53,52,52,52,38,37,37,37,58,21,70,70,54,54,54,54,54,57,57,57,52,54,56,56,57,57,0,0],"gold":19,"neow_bonus":"THREE_ENEMY_KILL","is_daily":false,"chose_seed":false,"campfire_upgraded":3,"win_rate":0.0,"timestamp":1609435332,"path_taken":["M","?","M","?","?","E","$","M","T","?","E","M","R","M","R","BOSS","M","?","?","?","?","R","E","R","T","E","M","E","$","M","R","BOSS"],"items_purchased_type":["Relic","Relic","Card","Relic","Relic"],"build_version":"2020-12-22","purchased_purges":1,"victory":false,"max_hp_per_floor":[70,70,70,70,70,70,70,70,70,70,70,70,70,70,70,70,70,70,70,70,70,70,70,70,70,70,72,72,72,72,72,72,72,72],"relic_stats":{"Singing Bowl":2,"counters":[16,47],"Golden Idol":95,"PreservedInsect":138,"Pen Nib":[4],"Bag of Preparation":[4],"Whetstone":["Strike_G","Neutralize"],"Orichalcum":[24],"Blood Vial":8,"OrangePellets":[0],"Necronomicon":[2],"obtain_stats":[{"TwistedFunnel":7,"NeowsBlessing":0,"Singing Bowl":24,"Golden Idol":2,"PreservedInsect":11,"Pen Nib":29,"Bag of Preparation":30,"Whetstone":6,"Orichalcum":30,"Blood Vial":27,"OrangePellets":30,"HornCleat":22,"WristBlade":17,"MutagenicStrength":20,"Bag of Marbles":9,"Necronomicon":19,"Ring of the Snake":0},{"TwistedFunnel":3,"NeowsBlessing":0,"Singing Bowl":11,"Golden Idol":1,"PreservedInsect":5,"Pen Nib":14,"Bag of Preparation":14,"Whetstone":3,"Orichalcum":14,"Blood Vial":12,"OrangePellets":14,"HornCleat":10,"WristBlade":8,"MutagenicStrength":9,"Bag of Marbles":4,"Necronomicon":9,"Ring of the Snake":0},{"TwistedFunnel":3,"NeowsBlessing":0,"Singing Bowl":32,"Golden Idol":1,"PreservedInsect":9,"Pen Nib":37,"Bag of Preparation":37,"Whetstone":3,"Orichalcum":37,"Blood Vial":35,"OrangePellets":37,"HornCleat":28,"WristBlade":23,"MutagenicStrength":27,"Bag of Marbles":5,"Necronomicon":27,"Ring of the Snake":0}],"Ring of the Snake":[32]},"card_choices":[{"not_picked":["Poisoned Stab","Expertise"],"picked":"Blade Dance","floor":1},{"not_picked":["Bouncing Flask","Dodge and Roll"],"picked":"Caltrops","floor":3},{"not_picked":["Expertise","Choke"],"picked":"Cloak And Dagger","floor":6},{"not_picked":["Bane","Deflect"],"picked":"Cloak And Dagger","floor":8},{"not_picked":["Deadly Poison","Night Terror","Expertise"],"picked":"SKIP","floor":11},{"not_picked":["Crippling Poison","Concentrate"],"picked":"Blade Dance","floor":12},{"not_picked":["Dodge and Roll","Cloak And Dagger"],"picked":"Noxious Fumes","floor":14},{"not_picked":["Wraith Form v2","Bullet Time"],"picked":"Storm of Steel","floor":16},{"not_picked":["PiercingWail","Bouncing Flask"],"picked":"Cloak And Dagger","floor":18},{"not_picked":["Flying Knee","Reflex"],"picked":"Backflip","floor":21},{"not_picked":["Footwork+1","Slice"],"picked":"Catalyst+1","floor":24},{"not_picked":["Expertise","Tactician","Tools of the Trade"],"picked":"Singing Bowl","floor":27},{"not_picked":["Flying Knee","Distraction"],"picked":"Blade Dance+1","floor":29},{"not_picked":["PiercingWail","Poisoned Stab"],"picked":"Accuracy","floor":31}],"player_experience":274321,"relics_obtained":[{"floor":6,"key":"Whetstone"},{"floor":9,"key":"Bag of Marbles"},{"floor":11,"key":"PreservedInsect"},{"floor":19,"key":"Necronomicon"},{"floor":22,"key":"HornCleat"},{"floor":24,"key":"Singing Bowl"},{"floor":27,"key":"Blood Vial"},{"floor":29,"key":"Pen Nib"}],"event_choices":[{"damage_healed":0,"gold_gain":0,"player_choice":"Take Damage","damage_taken":17,"relics_obtained":["Golden Idol"],"max_hp_gain":0,"max_hp_loss":0,"event_name":"Golden Idol","floor":2,"gold_loss":0},{"damage_healed":0,"gold_gain":0,"player_choice":"Leave","damage_taken":0,"max_hp_gain":0,"max_hp_loss":0,"event_name":"The Cleric","floor":5,"gold_loss":0},{"damage_healed":0,"gold_gain":175,"player_choice":"AGREE","damage_taken":0,"max_hp_gain":0,"max_hp_loss":0,"event_name":"Liars Game","floor":10,"gold_loss":0,"cards_obtained":["Doubt"]},{"damage_healed":0,"gold_gain":0,"player_choice":"Obtained Book","damage_taken":16,"max_hp_gain":0,"max_hp_loss":0,"event_name":"Cursed Tome","floor":19,"gold_loss":0},{"damage_healed":0,"gold_gain":0,"player_choice":"Inject Mutagens","damage_taken":0,"relics_obtained":["MutagenicStrength"],"max_hp_gain":0,"max_hp_loss":0,"event_name":"Drug Dealer","floor":20,"gold_loss":0}],"is_beta":false,"boss_relics":[{"not_picked":["Fusion Hammer","Busted Crown"],"picked":"WristBlade"}],"items_purged_floors":[30],"is_endless":false,"potions_floor_spawned":[1,3,12,16,18,21],"killed_by":"Automaton","ascension_level":1}}