{"host":"xx5zt3jtdyh8iun7","time":1609458094,"event":{"mods":["AchievementEnabler","Act Like it!","BaseMod","Bestiary","Downfall","Minty Spire (QoL Compilation)","Replay The Spire","StSLib"],"gold_per_floor":[112,112,5,5,5,32,32,52,102,115,146,146,163,163,163,264,264,277,289,303,303,24,24,34,34,34,62,161,189,189,214,214,359,359,422,518,575,632,117,117,136,211,237,237,266,266,343,360,360,360,360,360,63,92,92],"floor_reached":56,"playtime":7484,"items_purged":["Strike_B"],"score":1776,"play_id":"59544670-8bb1-4cd6-8308-544bf17cf822","local_time":"20210101004134","is_ascension_mode":true,"campfire_choices":[{"data":"ReplayReversal","floor":12,"key":"SMITH"},{"floor":15,"key":"REST"},{"floor":23,"key":"REST"},{"data":"Chill","floor":25,"key":"SMITH"},{"data":"FIFO Queue","floor":30,"key":"SMITH"},{"data":"ReplayTheSpireMod:Fabricate Wheel","floor":40,"key":"SMITH"},{"floor":44,"key":"RECALL"},{"data":"Amplify","floor":46,"key":"SMITH"},{"data":"Glacier","floor":49,"key":"SMITH"},{"data":"ReplayTheSpireMod:Repulse","floor":52,"key":"SMITH"}],"circlet_count":0,"master_deck":["Strike_B","Strike_B","Defend_B","Defend_B","Defend_B","Defend_B","Zap+1","Conserve Battery","Streamline+1","FIFO Queue+1","Bash","Barrage","ReplayReversal+1","Streamline+1","Glacier+1","Body Slam","Amplify+1","CurseOfTheBell","Self Repair+1","Chill+1","Defragment+1","Streamline","Beam Cell+1","Creative AI+1","Compile Driver+1","ReplayTheSpireMod:GoodbyeWorld+1","Coolheaded+1","Conserve Battery+1","Cold Snap+1","Crystallizer+1","Core Surge","ReplayTheSpireMod:Repulse+1","Self Repair+1","Hologram+1","Ball Lightning","Heatsinks+1","ReplayTheSpireMod:Repulse+1","Self Repair+1","Echo Form+1","Fusion+1"],"relics":["Mummified Hand","Iron Core","Frozen Egg 2","Replay:Baseball","Calling Bell","Replay:Antivirus Software","Mercury Hourglass","Calipers","Ring of Fury","ReplayTheSpireMod:Ring of Challenge","Replay:Rubber Ducky","Art of War","Strawberry","Bag of Preparation","Honey Jar","Pocketwatch","Thread and Needle","Eternal Feather","Prayer Wheel","Pen Nib","Guardian:PocketSentry","MealTicket","Potion Belt","Garlic","Medical Kit","Gremlin Food"],"acts_visited":["Exordium","TheCity","TheBeyond","TheEnding"],"potions_floor_usage":[16,16,27,33,36,36,55,55,55,55,55],"damage_taken":[{"damage":1,"enemies":"Cultist","floor":1,"turns":4},{"damage":20,"enemies":"3 Sentries","floor":6,"turns":9},{"damage":0,"enemies":"2 Louse","floor":8,"turns":2},{"damage":0,"enemies":"Small Slimes","floor":10,"turns":2},{"damage":28,"enemies":"Gremlin Nob","floor":11,"turns":5},{"damage":5,"enemies":"3 Louse","floor":13,"turns":3},{"damage":13,"enemies":"Hexaghost","floor":16,"turns":6},{"damage":9,"enemies":"Shell Parasite","floor":18,"turns":4},{"damage":30,"enemies":"3 Byrds","floor":19,"turns":6},{"damage":41,"enemies":"Shelled Parasite and Fungi","floor":20,"turns":6},{"damage":0,"enemies":"Snake Plant","floor":24,"turns":3},{"damage":0,"enemies":"Book of Stabbing","floor":27,"turns":4},{"damage":16,"enemies":"Chosen and Byrds","floor":29,"turns":8},{"damage":0,"enemies":"Gremlin Leader","floor":31,"turns":6},{"damage":18,"enemies":"Pondfish","floor":33,"turns":11},{"damage":0,"enemies":"Orb Walker","floor":35,"turns":3},{"damage":2,"enemies":"2 Orb Walkers","floor":36,"turns":3},{"damage":3,"enemies":"3 Shapes","floor":37,"turns":6},{"damage":26,"enemies":"Jaw Worm Horde","floor":38,"turns":5},{"damage":0,"enemies":"4 Shapes","floor":41,"turns":7},{"damage":11,"enemies":"R_Hoarder","floor":42,"turns":6},{"damage":5,"enemies":"Nemesis","floor":45,"turns":5},{"damage":0,"enemies":"R_Hoarder","floor":47,"turns":5},{"damage":5,"enemies":"Transient","floor":48,"turns":5},{"damage":0,"enemies":"Time Eater","floor":50,"turns":8},{"damage":5,"enemies":"Shield and Spear","floor":54,"turns":5},{"damage":2,"enemies":"The Heart","floor":55,"turns":8}],"seed_played":"-2173726434542067618","potions_obtained":[{"floor":7,"key":"EssenceOfDarkness"},{"floor":7,"key":"CultistPotion"},{"floor":7,"key":"LiquidMemories"},{"floor":8,"key":"BlessingOfTheForge"},{"floor":16,"key":"PowerPotion"},{"floor":24,"key":"Venom Potion"},{"floor":27,"key":"champ:CounterPotion"},{"floor":38,"key":"DuplicationPotion"},{"floor":41,"key":"Dexterity Potion"},{"floor":45,"key":"Guardian:BlockOnCardUsePotion"},{"floor":48,"key":"Ancient Potion"}],"is_trial":false,"path_per_floor":["M","T","$","?","?","E","?","M","T","M","E","R","M","?","R","B",null,"M","M","M","?","$","R","M","R","T","E","?","M","R","E","R","B",null,"M","?","M","M","$","R","M","E","T","R","E","R","E","M","R","B",null,"R","$","E","B",null],"character_chosen":"DEFECT","items_purchased":["Streamline+1","FIFO Queue","Replay:Rubber Ducky","Defragment+1","Streamline","Crystallizer+1","Eternal Feather","Swift Potion","Reflective Coating","Echo Form+1","Medical Kit"],"campfire_rested":2,"item_purchase_floors":[3,3,22,22,22,39,39,39,39,53,53],"current_hp_per_floor":[74,74,74,67,67,47,47,47,47,47,19,19,14,14,36,23,75,66,46,15,15,15,37,37,37,37,54,54,48,48,68,82,82,82,82,80,82,66,66,82,82,82,82,82,82,82,82,82,82,82,82,82,82,82,82],"gold":92,"neow_bonus":"RANDOM_EVENT","is_daily":false,"chose_seed":false,"campfire_upgraded":7,"win_rate":0.0,"timestamp":1609458094,"path_taken":["M","?","$","?","?","E","?","M","T","M","E","R","?","?","R","BOSS","M","?","M","?","$","R","M","R","T","E","?","M","R","E","R","BOSS","M","?","M","M","$","R","M","E","T","R","E","R","E","M","R","BOSS","R","$","E","BOSS"],"items_purchased_type":["Card","Card","Relic","Card","Card","Card","Relic","Potion","Potion","Card","Relic"],"build_version":"2020-12-22","purchased_purges":1,"victory":true,"max_hp_per_floor":[75,75,75,75,75,75,75,75,75,75,75,75,75,75,75,75,75,75,75,75,75,75,75,75,75,75,82,82,82,82,82,82,82,82,82,82,82,82,82,82,82,82,82,82,82,82,82,82,82,82,82,82,82,82,82],"card_choices":[{"not_picked":["Go for the Eyes","Blizzard"],"picked":"Conserve Battery","floor":1},{"not_picked":["Body Slam","Blizzard"],"picked":"Barrage","floor":6},{"not_picked":["Streamline","Barrage"],"picked":"ReplayReversal","floor":8},{"not_picked":["FTL","Beam Cell"],"picked":"Streamline","floor":10},{"not_picked":["BasicCrystalCard","Leap"],"picked":"Glacier","floor":11},{"not_picked":["Heavy Blade","Stack"],"picked":"Body Slam","floor":13},{"not_picked":["Hyperbeam","Double Tap"],"picked":"Amplify","floor":16},{"not_picked":["Turbo","Steam"],"picked":"Self Repair+1","floor":18},{"not_picked":["Redo","Ball Lightning","Hyperbeam"],"picked":"SKIP","floor":19},{"not_picked":["Consume","Cold Snap+1"],"picked":"Chill","floor":20},{"not_picked":["Rip and Tear+1","Darkness","Cold Snap"],"picked":"SKIP","floor":24},{"not_picked":["Auto Shields","ReplaySolidLightProjector"],"picked":"Beam Cell+1","floor":27},{"not_picked":["FIFO Queue+1","Cold Snap+1"],"picked":"Creative AI+1","floor":29},{"not_picked":["Hologram","Genetic Algorithm"],"picked":"Compile Driver+1","floor":31},{"not_picked":["Hyperbeam","Fission"],"picked":"ReplayTheSpireMod:Fabricate Wheel","floor":33},{"not_picked":["Go for the Eyes+1","Turbo","Steam Power"],"picked":"ReplayTheSpireMod:GoodbyeWorld+1","floor":35},{"not_picked":["Static Discharge+1","Ball Lightning+1","Steam Power"],"picked":"Coolheaded+1","floor":36},{"not_picked":["Stack","Go for the Eyes","Compile Driver+1"],"picked":"Conserve Battery+1","floor":37},{"not_picked":["ReplayTheSpireMod:GoodbyeWorld+1","Leap","Auto Shields+1"],"picked":"Cold Snap+1","floor":38},{"not_picked":["Coolheaded","Redo+1","Barrage"],"picked":"ReplayTheSpireMod:Repulse+1","floor":41},{"not_picked":["BootSequence","Conserve Battery","Panic Button+1"],"picked":"Self Repair+1","floor":41},{"not_picked":["Beam Cell","Reprogram+1","Conserve Battery"],"picked":"Hologram+1","floor":42},{"not_picked":["Recycle","ReplaySolidLightProjector+1","Hyperbeam"],"picked":"Ball Lightning","floor":45},{"not_picked":["Gash+1","Blizzard+1","Beam Cell"],"picked":"Heatsinks+1","floor":47},{"not_picked":["Barrage+1","Skim","Double Energy+1"],"picked":"ReplayTheSpireMod:Repulse","floor":48},{"not_picked":["Steam+1","Redo+1","Panic Button+1"],"picked":"Self Repair+1","floor":48},{"not_picked":["Aggregate","Ball Lightning+1","Redo"],"picked":"Fusion+1","floor":54}],"player_experience":777385,"relics_obtained":[{"floor":2,"key":"Mummified Hand"},{"floor":6,"key":"Frozen Egg 2"},{"floor":11,"key":"Replay:Baseball"},{"floor":17,"key":"Replay:Antivirus Software"},{"floor":17,"key":"Mercury Hourglass"},{"floor":17,"key":"Calipers"},{"floor":21,"key":"Ring of Fury"},{"floor":21,"key":"ReplayTheSpireMod:Ring of Challenge"},{"floor":26,"key":"Art of War"},{"floor":27,"key":"Strawberry"},{"floor":31,"key":"Bag of Preparation"},{"floor":36,"key":"Pocketwatch"},{"floor":37,"key":"Thread and Needle"},{"floor":42,"key":"Pen Nib"},{"floor":43,"key":"Guardian:PocketSentry"},{"floor":45,"key":"MealTicket"},{"floor":47,"key":"Potion Belt"},{"floor":47,"key":"Garlic"},{"floor":54,"key":"Gremlin Food"}],"event_choices":[{"cards_removed":["Strike_B"],"damage_healed":0,"gold_gain":0,"player_choice":"Card Removal","damage_taken":7,"max_hp_gain":0,"max_hp_loss":0,"event_name":"Golden Wing","floor":4,"gold_loss":0},{"damage_healed":0,"gold_gain":0,"player_choice":"Got Potions","damage_taken":0,"max_hp_gain":0,"max_hp_loss":0,"event_name":"Lab","floor":7,"gold_loss":0},{"damage_healed":0,"gold_gain":0,"player_choice":"Ignored","damage_taken":0,"max_hp_gain":0,"max_hp_loss":0,"event_name":"NoteForYourself","floor":14,"gold_loss":0},{"damage_healed":0,"gold_gain":99,"player_choice":"Stole From Cult","damage_taken":0,"max_hp_gain":0,"max_hp_loss":0,"event_name":"Nest","floor":28,"gold_loss":0},{"damage_healed":0,"gold_gain":0,"player_choice":"Fight","damage_taken":0,"max_hp_gain":0,"max_hp_loss":0,"event_name":"Mysterious Sphere","floor":36,"gold_loss":0}],"is_beta":false,"boss_relics":[{"not_picked":["Busted Crown","Inserter"],"picked":"Calling Bell"},{"not_picked":["Black Star","Empty Cage"],"picked":"Honey Jar"}],"items_purged_floors":[39],"is_endless":false,"potions_floor_spawned":[8,13,16,24,27,38,41,45,48],"ascension_level":1}}