{"host":"ujb8ojs2m8j2cdlp","time":1609407418,"event":{"mods":["AchievementEnabler","BaseMod","Bestiary","Colored Map","Colored Powertips","Minty Spire (QoL Compilation)","Relic Stats","ojb\u0027s Better Paths Mod","ojb\u0027s Info Mod"],"gold_per_floor":[363,363,288,303,378,378,388,413,413,447,447,473,473,484,484,484,484],"floor_reached":16,"playtime":4008,"items_purged":[],"score":236,"play_id":"8183afd0-528d-4c1a-b812-505a6ca4f314","local_time":"20201231013658","is_ascension_mode":true,"campfire_choices":[{"data":"Armaments","floor":6.0,"key":"SMITH"},{"data":"Carnage","floor":11.0,"key":"SMITH"},{"data":"Bash","floor":13.0,"key":"SMITH"},{"data":"Clothesline","floor":15.0,"key":"SMITH"}],"circlet_count":0,"master_deck":["AscendersBane","Strike_R","Strike_R","Strike_R","Strike_R","Strike_R","Defend_R","Defend_R","Defend_R","Defend_R","Bash+1","Clothesline+1","Armaments+1","Carnage+1","Feed","Thunderclap"],"relics":["Burning Blood","Paper Frog","The Courier","Turnip","Gremlin Horn"],"acts_visited":[],"potions_floor_usage":[16],"damage_taken":[{"damage":9.0,"enemies":"2 Louse","floor":1.0,"turns":3.0},{"damage":1.0,"enemies":"Small Slimes","floor":4.0,"turns":3.0},{"damage":4.0,"enemies":"Jaw Worm","floor":7.0,"turns":3.0},{"damage":17.0,"enemies":"Lagavulin","floor":8.0,"turns":7.0},{"damage":27.0,"enemies":"3 Sentries","floor":10.0,"turns":7.0},{"damage":23.0,"enemies":"Lagavulin","floor":12.0,"turns":7.0},{"damage":12.0,"enemies":"Exordium Thugs","floor":14.0,"turns":5.0},{"damage":12,"enemies":"Hexaghost","floor":16,"turns":4}],"seed_played":"5115992482398506165","potions_obtained":[{"floor":1.0,"key":"BloodPotion"},{"floor":4.0,"key":"Swift Potion"},{"floor":14.0,"key":"Weak Potion"}],"is_trial":false,"path_per_floor":["M","?","?","M","?","R","M","E","T","E","R","E","R","M","R","B"],"character_chosen":"IRONCLAD","items_purchased":[],"campfire_rested":0,"item_purchase_floors":[],"current_hp_per_floor":[65,65,65,68,57,57,59,48,48,27,27,13,13,11,11,0,0],"gold":484,"neow_bonus":"TWO_FIFTY_GOLD","is_daily":false,"chose_seed":false,"campfire_upgraded":4,"win_rate":0.0,"timestamp":1609407418,"path_taken":["M","?","?","M","?","R","M","E","T","E","R","E","R","M","R","BOSS"],"items_purchased_type":[],"build_version":"2020-12-22","purchased_purges":0,"victory":false,"max_hp_per_floor":[68,68,68,68,68,68,68,68,68,68,68,71,71,75,75,75,75],"relic_stats":{"Gremlin Horn":[1,1],"counters":[8,39],"Turnip":[0],"obtain_stats":[{"Gremlin Horn":12,"The Courier":8,"Turnip":10,"Burning Blood":0,"Paper Frog":2},{"Gremlin Horn":6,"The Courier":4,"Turnip":5,"Burning Blood":0,"Paper Frog":1},{"Gremlin Horn":30,"The Courier":16,"Turnip":23,"Burning Blood":0,"Paper Frog":3}],"Burning Blood":40},"card_choices":[{"not_picked":["Reckless Charge","Second Wind"],"picked":"Clothesline","floor":1.0},{"not_picked":["Perfected Strike","Seeing Red"],"picked":"Armaments","floor":4.0},{"not_picked":["Pummel","Intimidate","Clothesline"],"picked":"SKIP","floor":7.0},{"not_picked":["Dropkick","Clash"],"picked":"Carnage","floor":8.0},{"not_picked":["Shockwave","Wild Strike"],"picked":"Feed","floor":10.0},{"not_picked":["Warcry","Clash","Wild Strike"],"picked":"SKIP","floor":12.0},{"not_picked":["Warcry","Clash","Wild Strike"],"picked":"SKIP","floor":12.0},{"not_picked":["Bloodletting","Cleave"],"picked":"Thunderclap","floor":14.0}],"player_experience":117332,"relics_obtained":[{"floor":8.0,"key":"The Courier"},{"floor":10.0,"key":"Turnip"},{"floor":12.0,"key":"Gremlin Horn"}],"event_choices":[{"damage_healed":0.0,"max_hp_gain":0.0,"max_hp_loss":0.0,"gold_gain":0.0,"event_name":"Big Fish","player_choice":"Box","floor":2.0,"gold_loss":0.0,"damage_taken":0.0,"relics_obtained":["Paper Frog"],"cards_obtained":["Regret"]},{"cards_removed":["Regret"],"damage_healed":0.0,"max_hp_gain":0.0,"max_hp_loss":0.0,"gold_gain":0.0,"event_name":"The Cleric","player_choice":"Card Removal","floor":3.0,"gold_loss":75.0,"damage_taken":0.0},{"damage_healed":0.0,"max_hp_gain":0.0,"max_hp_loss":0.0,"gold_gain":75.0,"event_name":"World of Goop","player_choice":"Gather Gold","floor":5.0,"gold_loss":0.0,"damage_taken":11.0}],"is_beta":false,"boss_relics":[],"items_purged_floors":[],"is_endless":false,"potions_floor_spawned":[1,4,14],"killed_by":"Hexaghost","ascension_level":20}}