{"host":"0cnf9zf1gia27zti","time":1609440526,"event":{"mods":["BaseMod","BetterRewards","Card Forge","Colored Map","Colored Powertips","Conspire","Downfall","Googly Eyes","Minty Spire (QoL Compilation)","Practice Mode","Quick Restart","Replay The Spire","Shade Mod","Spicy Shops","StSLib"],"gold_per_floor":[153,153,153,213,267,348,396,396,396,501,172,214,307,367,367,604,604,655,57,152,202,244,319,319,59,59,59,59,152,51,105,105,330,330,372,405,636,181,241,322,355,355,382,469,21,111,111,171,171,171,171],"floor_reached":52,"playtime":3304,"items_purged":["Hallucinations"],"score":2396,"play_id":"f844d091-ff0c-45f6-a455-104ce6c9f34c","local_time":"20201231184846","daily_mods":["SealedDeck","Colorless Cards","Heirloom","downfall:Lament","DeadlyEvents","Elite Swarm","Midas"],"is_ascension_mode":true,"campfire_choices":[{"floor":8,"key":"REST"},{"floor":15,"key":"REST"},{"floor":24,"key":"REST"},{"floor":27,"key":"REST"},{"floor":32,"key":"REST"},{"floor":42,"key":"REST"},{"floor":47,"key":"REST"},{"floor":49,"key":"DIG"}],"circlet_count":0,"master_deck":["AscendersBane","Deep Breath","Deep Breath+1","Gash","Gash+1","Ball Lightning","Ball Lightning","BootSequence+1","Glacier","Conserve Battery+1","Conserve Battery+1","Ball Lightning","ReplayTheSpireMod:Private Reserves","Panic Button","Mirror Shield","Panic Button","ReplayRNGCard+1","ReplayRNGCard+1","Leap","Panic Button","Multi-Cast","ReplayTheSpireMod:Dual Polarity+1","Cold Snap","Flash of Steel","Panic Button+1","Multi-Cast","Consume+1","Replay:SS_forest_6+1","Panache","Capacitor+1","ReplayTheSpireMod:Dual Polarity+1","Seek+1","Finesse+1","Panic Button","ReplayTheSpireMod:Calculation Training+1","Defragment+1","Multi-Cast","Master of Strategy","ReplayTheSpireMod:Brewmster+1","Cold Snap","Electrodynamics","Ball Lightning"],"relics":["Cracked Core","Hammer of Thor","Seething Fire","Anvil of the Gods","NeowsBlessing","Ring of Chaos","replay:Trail_Library","conspire:Boomerang","TungstenRod","Durian","conspire:GiftBox","champ:DeflectingBracers","War Paint","Philosopher\u0027s Stone","Chemical X","Gremlin Food","ReplayTheSpireMod:CursedCoin","Turnip","Guardian:PocketSentry","Regal Pillow","Pondfish Scales","Divine Protection","SlaversCollar","champ:Barbells","Happy Flower","Garlic","Omamori","Replay:Mystery Machine","Anchor","StrikeDummy","Replay:PocketPolymizer"],"acts_visited":["Exordium","TheCity","TheBeyond"],"potions_floor_usage":[6,13,13,16,16,22,22,33,36,44,44,46,46,46,50,50,50,50,51,51],"damage_taken":[{"damage":0,"enemies":"Small Slimes","floor":1,"turns":1},{"damage":0,"enemies":"2 Louse","floor":4,"turns":1},{"damage":0,"enemies":"Cultist","floor":5,"turns":1},{"damage":23,"enemies":"3 Sentries","floor":6,"turns":6},{"damage":8,"enemies":"Lots of Slimes","floor":7,"turns":3},{"damage":1,"enemies":"Lagavulin","floor":10,"turns":5},{"damage":0,"enemies":"3 Louse","floor":12,"turns":2},{"damage":0,"enemies":"3 Sentries","floor":13,"turns":4},{"damage":0,"enemies":"Large Slime","floor":14,"turns":3},{"damage":6,"enemies":"Hexaghost","floor":16,"turns":7},{"damage":0,"enemies":"2 Thieves","floor":18,"turns":3},{"damage":13,"enemies":"conspire:MimicChest","floor":20,"turns":5},{"damage":0,"enemies":"3 Byrds","floor":22,"turns":3},{"damage":56,"enemies":"Slavers","floor":23,"turns":5},{"damage":19,"enemies":"Gremlin Leader","floor":29,"turns":6},{"damage":0,"enemies":"Snake Plant","floor":31,"turns":3},{"damage":0,"enemies":"Champ","floor":33,"turns":5},{"damage":0,"enemies":"3 Shapes","floor":35,"turns":5},{"damage":19,"enemies":"3 Darklings","floor":36,"turns":5},{"damage":0,"enemies":"Spire Growth","floor":39,"turns":4},{"damage":2,"enemies":"R_Hoarder","floor":40,"turns":7},{"damage":0,"enemies":"Sphere and 2 Shapes","floor":41,"turns":3},{"damage":38,"enemies":"Giant Head","floor":44,"turns":9},{"damage":0,"enemies":"R_Hoarder","floor":46,"turns":6},{"damage":0,"enemies":"Maw","floor":48,"turns":4},{"damage":57,"enemies":"conspire:OrnateMirror","floor":50,"turns":9},{"damage":0,"enemies":"Donu and Deca","floor":51,"turns":6}],"seed_played":"-1524810122767408124","potions_obtained":[{"floor":1,"key":"BlessingOfTheForge"},{"floor":10,"key":"PotionOfCapacity"},{"floor":12,"key":"Milkshake"},{"floor":13,"key":"Strength Potion"},{"floor":14,"key":"Adrenaline Potion"},{"floor":18,"key":"Strength Potion"},{"floor":20,"key":"Adrenaline Potion"},{"floor":31,"key":"Adrenaline Potion"},{"floor":35,"key":"Dexterity Potion"},{"floor":39,"key":"ColorlessPotion"},{"floor":41,"key":"Regen Potion"}],"is_trial":true,"path_per_floor":["M","?","?","M","M","E","M","R","T","E","$","M","E","M","R","B",null,"M","$","?","?","M","E","R","$","T","R","$","E","$","M","R","B",null,"M","M","?","$","M","E","M","R","T","E","$","E","R","M","R_BF","B","B",null],"character_chosen":"DEFECT","items_purchased":["champ:DeflectingBracers","Chemical X","Cold Snap","Gremlin Food","ReplayTheSpireMod:CursedCoin","Flash of Steel","Regal Pillow","Consume","Capacitor","Defragment","champ:Barbells","Happy Flower","Anchor","ReplayTheSpireMod:Brewmster","Cold Snap"],"campfire_rested":7,"item_purchase_floors":[11,19,19,19,19,19,25,25,30,38,38,38,45,45,45],"current_hp_per_floor":[64,64,64,64,64,41,33,54,59,58,58,58,58,58,76,70,75,75,75,62,62,62,6,28,28,28,65,65,46,46,54,76,76,76,76,57,57,57,57,55,55,76,76,43,43,55,76,76,76,19,34],"gold":171,"neow_bonus":"","is_daily":false,"chose_seed":false,"campfire_upgraded":0,"win_rate":0.0,"timestamp":1609440526,"path_taken":["M","?","?","?","?","E","M","R","T","E","$","?","E","M","R","BOSS","M","$","?","?","?","E","R","?","T","R","$","E","$","M","R","BOSS","M","?","?","$","M","E","?","R","T","E","$","E","R","M","R_BF","BOSS","BOSS"],"items_purchased_type":["Relic","Relic","Card","Relic","Relic","Card","Relic","Card","Card","Card","Relic","Relic","Relic","Card","Card"],"build_version":"2020-12-22","purchased_purges":1,"victory":true,"max_hp_per_floor":[71,71,71,71,71,71,71,71,76,76,76,76,76,76,76,76,76,76,76,76,76,76,76,76,76,76,76,76,76,76,76,76,76,76,76,76,76,76,76,76,76,76,76,76,76,76,76,76,76,76,76],"card_choices":[{"not_picked":["Double Energy","Compile Driver"],"picked":"Ball Lightning","floor":1},{"not_picked":["ReplayTheSpireMod:Dual Polarity","Go for the Eyes"],"picked":"ReplayTheSpireMod:Private Reserves","floor":4},{"not_picked":["Rebound","Compile Driver"],"picked":"Panic Button","floor":5},{"not_picked":["Thinking Ahead","Apotheosis"],"picked":"Mirror Shield","floor":6},{"not_picked":["Rebound","BasicCrystalCard"],"picked":"Panic Button","floor":7},{"not_picked":["Multi-Cast","expansioncontent:QuickStudy"],"picked":"ReplayRNGCard","floor":10},{"not_picked":["Machine Learning","Seek"],"picked":"ReplayRNGCard","floor":10},{"not_picked":["Compile Driver","expansioncontent:LastStand"],"picked":"Leap","floor":12},{"not_picked":["Fission","Creative AI","Metamorphosis"],"picked":"SKIP","floor":13},{"not_picked":["expansioncontent:PrepareCrush","Leap"],"picked":"Panic Button","floor":14},{"not_picked":["Core Surge","Thinking Ahead"],"picked":"Multi-Cast","floor":16},{"not_picked":["Hello World","Genetic Algorithm+1"],"picked":"ReplayTheSpireMod:Dual Polarity","floor":18},{"not_picked":["Replay:Sssssssssstrike","Dark Shackles"],"picked":"Panic Button","floor":20},{"not_picked":["Reprogram","Replay:SS_fish_1","Cold Snap"],"picked":"SKIP","floor":22},{"not_picked":["ReplayTheSpireMod:Necrogeddon","expansioncontent:Corrupt"],"picked":"Multi-Cast","floor":23},{"not_picked":["Creative AI","All For One"],"picked":"Panache","floor":29},{"not_picked":["Replay:SS_forest_6","Stack+1"],"picked":"ReplayTheSpireMod:Dual Polarity+1","floor":31},{"not_picked":["Secret Weapon","Buffer"],"picked":"Seek","floor":33},{"not_picked":["Rebound","ReplayTheSpireMod:Reroute Power","Go for the Eyes"],"picked":"SKIP","floor":35},{"not_picked":["Ball Lightning","Cold Snap","Hello World"],"picked":"SKIP","floor":36},{"not_picked":["Rebound","Barrage"],"picked":"Finesse+1","floor":37},{"not_picked":["Turbo","Compile Driver"],"picked":"Panic Button","floor":37},{"not_picked":["ReplayTheSpireMod:Uncanny Aura","Compile Driver"],"picked":"ReplayTheSpireMod:Calculation Training","floor":37},{"not_picked":["Gash","Go for the Eyes","Enlightenment+1"],"picked":"SKIP","floor":39},{"not_picked":["Transmutation","Fission"],"picked":"Multi-Cast","floor":40},{"not_picked":["Beam Cell","Rebound","ReplayTheSpireMod:Reroute Power"],"picked":"SKIP","floor":41},{"not_picked":["HandOfGreed","Rainbow"],"picked":"Master of Strategy","floor":44},{"not_picked":["Reboot","The Bomb"],"picked":"Electrodynamics","floor":46},{"not_picked":["Rebound+1","ReplayTheSpireMod:Trickstab+1"],"picked":"Ball Lightning","floor":48}],"player_experience":2815072,"relics_obtained":[{"floor":6,"key":"TungstenRod"},{"floor":9,"key":"Durian"},{"floor":10,"key":"conspire:GiftBox"},{"floor":13,"key":"War Paint"},{"floor":20,"key":"Turnip"},{"floor":23,"key":"Guardian:PocketSentry"},{"floor":26,"key":"Pondfish Scales"},{"floor":29,"key":"Divine Protection"},{"floor":40,"key":"Garlic"},{"floor":43,"key":"Omamori"},{"floor":44,"key":"Replay:Mystery Machine"},{"floor":46,"key":"StrikeDummy"},{"floor":49,"key":"Replay:PocketPolymizer"}],"event_choices":[{"damage_healed":0,"gold_gain":0,"player_choice":"Ignored","damage_taken":0,"max_hp_gain":0,"max_hp_loss":0,"event_name":"Purifier","floor":3,"gold_loss":0},{"damage_healed":0,"gold_gain":50,"player_choice":"Stole From Cult","damage_taken":0,"max_hp_gain":0,"max_hp_loss":0,"event_name":"Nest","floor":21,"gold_loss":0}],"is_beta":false,"boss_relics":[{"not_picked":["conspire:RunicOctahedron","Velvet Choker"],"picked":"Philosopher\u0027s Stone"},{"not_picked":["Cursed Key","Painkiller Herb"],"picked":"SlaversCollar"}],"items_purged_floors":[19],"is_endless":false,"potions_floor_spawned":[1,10,12,13,14,18,20,31,35,39,41,46,48],"ascension_level":20}}