{"host":"wvaiab5ya9pyia0u","time":1609433113,"event":{"mods":["2.2 Compatiblity","Act Like it!","Aspiration","Bard","BaseMod","Bestiary","BetterRewards","Challenge The Spire","Colored Powertips","Conspire","Custom Start","DeckTracker","Hermit","Highlight Path","Hubris","Humility","Infinite Spire","Lobotomy","Mimic Mod","Minty Spire (QoL Compilation)","Pale of the Ancients","Practice Mode","Quarter Circle Forward PUNCH!","Quick Restart","Rare Cards Sparkle","Replay The Spire","Reworked Bosses","SacredBarkPlus","Shop Mod","Spicy Shops","StSLib","The Blue Laboratory","The Construct","The Cursed","The Disciple","The Factory","The Hierophant","The Jungle","The Marked","The Mystic","The Runesmith","The Servant 0.9.4","TheBandit","Thieving Mod","Wandering Minibosses","everything is the same but u backflip on backflip","slay the spire mod where everything is the same but ironclad has a cowboy hat"],"gold_per_floor":[117,132,144,157,180,194,194,228,261,273,295,317,329,104,104,206,206,226,237,237,248,248,248,262,272,572,572,572,572],"floor_reached":28,"playtime":1751,"items_purged":["Doubt"],"score":224,"play_id":"53a68965-3b70-4c5b-8bcc-497129b7aca0","local_time":"20201231174513","is_ascension_mode":false,"campfire_choices":[{"data":"Spot Weakness","floor":7.0,"key":"SMITH"},{"floor":13.0,"key":"REST"},{"floor":23,"key":"REST"},{"floor":27,"key":"REST"}],"circlet_count":0,"master_deck":["Strike_R","Strike_R","Strike_R","Strike_R","Defend_R","Defend_R","Defend_R","Defend_R","Bash","Spot Weakness","Shrug It Off","Flame Barrier","Havoc","ReplayTheSpireMod:Splinters","Spot Weakness+1","Replay:Undeath\u0027s Touch+1","Exhume","Run Through","Run Through","Massacre","Havoc","Havoc","hubris:EnhanceAbility","Violence","hubris:EnhanceAbility","Demon Form","hubris:SharpeningStone+1","Flex","Necronomicurse","Rage","Disarm","Replay:Undeath\u0027s Touch+1"],"relics":["Burning Blood","aspiration:Nostalgia","Ring of the Snake","hubris:64BitClover","aspiration:HiddenCompartment","MawBank","ReplayTheSpireMod:ShopPack","Toy Ornithopter","Necronomicon","PreservedInsect","Nloth\u0027s Gift","Old Coin"],"acts_visited":["Exordium","TheCity"],"potions_floor_usage":[24,25],"damage_taken":[{"damage":16.0,"enemies":"Jaw Worm","floor":1.0,"turns":6.0},{"damage":12.0,"enemies":"Small Slimes","floor":2.0,"turns":3.0},{"damage":0.0,"enemies":"Cultist","floor":3.0,"turns":3.0},{"damage":14.0,"enemies":"Exordium Thugs","floor":4.0,"turns":5.0},{"damage":4.0,"enemies":"Blue Slaver","floor":6.0,"turns":3.0},{"damage":34.0,"enemies":"3 Sentries","floor":8.0,"turns":6.0},{"damage":5.0,"enemies":"Gremlin Gang","floor":9.0,"turns":10.0},{"damage":17.0,"enemies":"Gremlin Gang","floor":11.0,"turns":10.0},{"damage":5.0,"enemies":"Looter","floor":12.0,"turns":3.0},{"damage":87.0,"enemies":"The Guardian","floor":16.0,"turns":12.0},{"damage":32.0,"enemies":"3 Byrds","floor":18.0,"turns":6.0},{"damage":8,"enemies":"Shell Parasite","floor":19,"turns":5},{"damage":18,"enemies":"Centurion and Healer","floor":21,"turns":6},{"damage":46,"enemies":"Snake Plant","floor":24,"turns":6},{"damage":16,"enemies":"conspire:HollyBat","floor":25,"turns":9},{"damage":50,"enemies":"Centurion and Healer","floor":28,"turns":8}],"seed_played":"-7027142122938405771","potions_obtained":[{"floor":1.0,"key":"Explosive Potion"},{"floor":4.0,"key":"BloodPotion"},{"floor":6.0,"key":"PowerPotion"},{"floor":11.0,"key":"BloodPotion"},{"floor":18.0,"key":"blueLaboratory:BottledHope"},{"floor":21,"key":"Strength Potion"}],"is_trial":false,"path_per_floor":["M","M","M","M","?","M","R","E","MIM","?","M","M","R","$","R","B",null,"M","M","?","M","?","R","M","M","T","R","M"],"character_chosen":"IRONCLAD","items_purchased":["ReplayTheSpireMod:ShopPack","Toy Ornithopter","Havoc"],"campfire_rested":3,"item_purchase_floors":[14,14,14],"current_hp_per_floor":[70,64,70,62,62,64,64,36,37,37,26,27,51,51,75,15,80,54,52,36,24,24,48,13,24,24,48,0,0],"gold":572,"neow_bonus":"NOSTALGIA","is_daily":false,"chose_seed":false,"campfire_upgraded":1,"win_rate":0.0,"timestamp":1609433113,"path_taken":["M","M","M","M","?","?","R","E","MIM","?","?","M","R","$","R","BOSS","M","M","?","M","?","R","M","M","T","R","?"],"items_purchased_type":["Relic","Relic","Card"],"build_version":"2020-12-22","purchased_purges":1,"victory":false,"max_hp_per_floor":[80,80,80,80,80,80,80,80,80,80,80,80,80,80,80,80,80,80,80,80,80,80,80,80,80,80,80,80,80],"card_choices":[{"not_picked":["Pommel Strike","Burning Pact"],"picked":"Spot Weakness","floor":1.0},{"not_picked":["Perfected Strike","Warcry"],"picked":"Shrug It Off","floor":2.0},{"not_picked":["Headbutt","Clash"],"picked":"Flame Barrier","floor":3.0},{"not_picked":["Seeing Red","Iron Wave"],"picked":"Havoc","floor":4.0},{"not_picked":["Shrug It Off","Uppercut"],"picked":"Spot Weakness","floor":5.0},{"not_picked":["Warcry","Disarm"],"picked":"Replay:Undeath\u0027s Touch","floor":6.0},{"not_picked":["Rage","hubris:StunningStrike"],"picked":"Exhume","floor":8.0},{"not_picked":["Battle Trance","Havoc"],"picked":"Run Through","floor":9.0},{"not_picked":["Hemokinesis","Life Link"],"picked":"Run Through","floor":11.0},{"not_picked":["Thunderclap","Clothesline"],"picked":"Massacre","floor":12.0},{"not_picked":["Transmutation","HandOfGreed"],"picked":"hubris:EnhanceAbility","floor":14.0},{"not_picked":["Trip","Bandage Up"],"picked":"Violence","floor":14.0},{"not_picked":["Swift Strike","Discovery"],"picked":"hubris:EnhanceAbility","floor":14.0},{"not_picked":["Berserk","Limit Break"],"picked":"Demon Form","floor":16.0},{"not_picked":["Pummel","Heavy Blade"],"picked":"hubris:SharpeningStone+1","floor":18.0},{"not_picked":["Heavy Blade","Cleave"],"picked":"Flex","floor":19},{"not_picked":["Body Slam+1","Pommel Strike"],"picked":"Rage","floor":21},{"not_picked":["Clothesline","Perfected Strike"],"picked":"Disarm","floor":24},{"not_picked":["ReplayTheSpireMod:Strike From Hell","Rampage+1"],"picked":"Replay:Undeath\u0027s Touch+1","floor":25}],"player_experience":216878,"relics_obtained":[{"floor":5.0,"key":"hubris:64BitClover"},{"floor":8.0,"key":"aspiration:HiddenCompartment"},{"floor":9.0,"key":"MawBank"},{"floor":20,"key":"Necronomicon"},{"floor":21,"key":"PreservedInsect"},{"floor":26,"key":"Old Coin"}],"event_choices":[{"cards_removed":["Strike_R"],"damage_healed":0.0,"max_hp_gain":0.0,"max_hp_loss":0.0,"gold_gain":0.0,"event_name":"Purifier","player_choice":"Purged","floor":10.0,"gold_loss":0.0,"damage_taken":0.0},{"damage_healed":0,"gold_gain":0,"player_choice":"Obtained Book","damage_taken":16,"max_hp_gain":0,"max_hp_loss":0,"event_name":"Cursed Tome","floor":20,"gold_loss":0},{"damage_healed":0,"gold_gain":0,"player_choice":"Traded Relic","damage_taken":0,"relics_obtained":["Nloth\u0027s Gift"],"max_hp_gain":0,"max_hp_loss":0,"event_name":"N\u0027loth","floor":22,"relics_lost":["hubris:VirtuousBlindfold"],"gold_loss":0}],"is_beta":false,"boss_relics":[{"not_picked":["aspiration:SecretTechniqueScroll","Painkiller Herb"],"picked":"hubris:VirtuousBlindfold"}],"items_purged_floors":[14],"is_endless":false,"potions_floor_spawned":[1,4,6,11,18,21],"killed_by":"Centurion and Healer","ascension_level":0}}