{"host":"jl15pmpb41l0mhji","time":1609440661,"event":{"mods":["2.2 Compatiblity","AchievementEnabler","BaseMod","Better Altar","Better Match","Better Note","Better Sensory Stone","Better Skull","Better Third Choice","Better Vampires","Colored Map","Displayed Cursed Tome","Emptier Cage","Hermit","Highlight Path","Minty Spire (QoL Compilation)","Permanent Neow","Random Character Button","Relic Stats","StSLib","The Hierophant"],"gold_per_floor":[113,124,144,144,164,196,196,196,219,219,246,246,279,279,279,380,380,391,134,149,166,193,221,221,221,269,283,233,266,266,285,285,385,385,401,501,272,285,305,332,332,345,399,399,409,424,424,455,455,455,455],"floor_reached":50,"playtime":3301,"items_purged":["Strike_R","Strike_R","Warcry"],"score":666,"play_id":"6ea01d7a-c0c5-46a5-8dbc-28c03d69b40f","local_time":"20201231125101","is_ascension_mode":true,"campfire_choices":[{"data":"Shrug It Off","floor":8,"key":"SMITH"},{"data":"Cleave","floor":10,"key":"SMITH"},{"data":"Feed","floor":15,"key":"SMITH"},{"data":"Searing Blow","floor":24,"key":"SMITH"},{"data":"Searing Blow+1","floor":30,"key":"SMITH"},{"data":"hierophant:Kindle","floor":32,"key":"SMITH"},{"data":"Armaments","floor":41,"key":"SMITH"},{"data":"Searing Blow+2","floor":44,"key":"SMITH"},{"floor":49,"key":"REST"}],"circlet_count":0,"master_deck":["Bash+1","Thunderclap","Shrug It Off+1","Shockwave","Cleave+1","Uppercut+1","Feed+1","Double Tap","Searing Blow+3","Armaments+1","Secret Weapon","Evolve","Ghostly Armor","hierophant:Kindle+1","Shrug It Off+1","Demon Form","Barricade","Immolate","Rupture","Hemokinesis","Double Tap","Seeing Red","Inflame","Pommel Strike+1","Brutality","Burning Pact","Dual Wield+1","Offering"],"relics":["Burning Blood","Smiling Mask","Toy Ornithopter","Omamori","Mercury Hourglass","Philosopher\u0027s Stone","Centennial Puzzle","Boot","Akabeko","Pear","Pandora\u0027s Box","TheAbacus","Potion Belt","Vajra","Meat on the Bone"],"acts_visited":["Exordium","TheCity","TheBeyond"],"potions_floor_usage":[6,6,13,16,16,20,33,39,45,47,48,50],"damage_taken":[{"damage":0,"enemies":"Small Slimes","floor":1,"turns":3},{"damage":1,"enemies":"Cultist","floor":2,"turns":3},{"damage":3,"enemies":"Jaw Worm","floor":3,"turns":3},{"damage":9,"enemies":"3 Louse","floor":5,"turns":5},{"damage":31,"enemies":"Gremlin Nob","floor":6,"turns":5},{"damage":17,"enemies":"Lagavulin","floor":11,"turns":6},{"damage":16,"enemies":"3 Sentries","floor":13,"turns":6},{"damage":13,"enemies":"Hexaghost","floor":16,"turns":8},{"damage":6,"enemies":"Spheric Guardian","floor":18,"turns":3},{"damage":11,"enemies":"2 Thieves","floor":20,"turns":2},{"damage":10,"enemies":"3 Cultists","floor":21,"turns":4},{"damage":34,"enemies":"Book of Stabbing","floor":23,"turns":6},{"damage":21,"enemies":"Shelled Parasite and Fungi","floor":27,"turns":3},{"damage":23,"enemies":"Gremlin Leader","floor":29,"turns":6},{"damage":24,"enemies":"Cultist and Chosen","floor":31,"turns":5},{"damage":16,"enemies":"Champ","floor":33,"turns":10},{"damage":2,"enemies":"3 Shapes","floor":35,"turns":3},{"damage":20,"enemies":"Orb Walker","floor":38,"turns":4},{"damage":3,"enemies":"Jaw Worm Horde","floor":39,"turns":2},{"damage":58,"enemies":"Giant Head","floor":40,"turns":8},{"damage":7,"enemies":"Sphere and 2 Shapes","floor":42,"turns":3},{"damage":23,"enemies":"Maw","floor":45,"turns":6},{"damage":6,"enemies":"3 Darklings","floor":46,"turns":3},{"damage":0,"enemies":"Sphere and 2 Shapes","floor":47,"turns":1},{"damage":44,"enemies":"Reptomancer","floor":48,"turns":4},{"damage":86,"enemies":"Awakened One","floor":50,"turns":6}],"seed_played":"4492292220740967535","potions_obtained":[{"floor":3,"key":"ColorlessPotion"},{"floor":5,"key":"SpeedPotion"},{"floor":11,"key":"SpeedPotion"},{"floor":14,"key":"LiquidBronze"},{"floor":14,"key":"LiquidBronze"},{"floor":14,"key":"SteroidPotion"},{"floor":21,"key":"BloodPotion"},{"floor":23,"key":"SmokeBomb"},{"floor":35,"key":"Dexterity Potion"},{"floor":38,"key":"Weak Potion"},{"floor":39,"key":"Swift Potion"},{"floor":42,"key":"PowerPotion"},{"floor":45,"key":"PowerPotion"}],"is_trial":false,"path_per_floor":["M","M","M","?","M","E","?","R","T","R","E","?","E","?","R","B",null,"M","$","M","M","T","E","R","?","T","M","$","E","R","M","R","B",null,"M","?","$","M","M","E","R","M","T","R","M","M","M","E","R","B"],"character_chosen":"IRONCLAD","items_purchased":["Armaments","Secret Weapon","Inflame","TheAbacus"],"campfire_rested":1,"item_purchase_floors":[19,19,37,37],"current_hp_per_floor":[80,80,80,80,77,52,52,52,52,52,41,25,20,20,20,27,84,88,88,87,87,87,63,63,63,63,48,48,41,41,27,27,44,114,118,118,118,104,112,64,64,63,63,63,51,51,62,33,70,0,0],"gold":455,"neow_bonus":"UPGRADE_CARD","is_daily":false,"chose_seed":false,"campfire_upgraded":8,"win_rate":0.0,"timestamp":1609440661,"path_taken":["M","M","M","?","?","E","?","R","T","R","E","?","E","?","R","BOSS","M","$","M","M","?","E","R","?","T","M","$","E","R","M","R","BOSS","M","?","$","M","M","E","R","M","T","R","M","?","M","E","R","BOSS"],"items_purchased_type":["Card","Card","Card","Relic"],"build_version":"2020-12-22","purchased_purges":3,"victory":false,"max_hp_per_floor":[80,80,80,80,80,80,80,80,80,80,80,80,80,80,80,84,84,88,88,92,96,96,100,100,100,100,100,100,110,110,114,114,114,114,118,118,118,118,118,122,122,122,122,122,122,122,122,126,126,130,130],"relic_stats":{"Centennial Puzzle":[42],"TheAbacus":[30],"counters":[26,117],"Pandora\u0027s Box":["Immolate","Rupture","Warcry","Hemokinesis","Double Tap","Seeing Red"],"Smiling Mask":150,"Boot":[4],"obtain_stats":[{"Potion Belt":40,"Pear":29,"Vajra":43,"Omamori":11,"Smiling Mask":6,"Boot":23,"Burning Blood":0,"Akabeko":26,"Mercury Hourglass":13,"Centennial Puzzle":22,"TheAbacus":37,"Philosopher\u0027s Stone":17,"Pandora\u0027s Box":34,"Toy Ornithopter":9,"Meat on the Bone":48},{"Potion Belt":20,"Pear":14,"Vajra":21,"Omamori":6,"Smiling Mask":5,"Boot":12,"Burning Blood":0,"Akabeko":12,"Mercury Hourglass":7,"Centennial Puzzle":11,"TheAbacus":17,"Philosopher\u0027s Stone":8,"Pandora\u0027s Box":16,"Toy Ornithopter":5,"Meat on the Bone":25},{"Potion Belt":94,"Pear":63,"Vajra":97,"Omamori":25,"Smiling Mask":19,"Boot":54,"Burning Blood":0,"Akabeko":54,"Mercury Hourglass":31,"Centennial Puzzle":48,"TheAbacus":81,"Philosopher\u0027s Stone":39,"Pandora\u0027s Box":78,"Toy Ornithopter":19,"Meat on the Bone":111}],"Burning Blood":132,"Toy Ornithopter":45,"Mercury Hourglass":[317],"Meat on the Bone":0},"card_choices":[{"not_picked":["Feel No Pain","Sever Soul"],"picked":"Thunderclap","floor":1},{"not_picked":["Iron Wave","Entrench"],"picked":"Shrug It Off","floor":2},{"not_picked":["Clothesline","Anger"],"picked":"Shockwave","floor":3},{"not_picked":["Power Through","Dark Embrace"],"picked":"Cleave","floor":5},{"not_picked":["Pummel","Barricade"],"picked":"Uppercut","floor":6},{"not_picked":["Havoc","Warcry","Armaments"],"picked":"SKIP","floor":11},{"not_picked":["Pommel Strike","Thunderclap"],"picked":"Feed","floor":13},{"not_picked":["Corruption","Juggernaut"],"picked":"Double Tap","floor":16},{"not_picked":["Anger","Sentinel"],"picked":"Searing Blow","floor":18},{"not_picked":["Iron Wave+1","Ghostly Armor"],"picked":"Evolve","floor":20},{"not_picked":["Wild Strike","Cleave+1","Perfected Strike+1"],"picked":"SKIP","floor":21},{"not_picked":["Exhume","Body Slam+1"],"picked":"Ghostly Armor","floor":23},{"not_picked":["Sword Boomerang","Searing Blow+1"],"picked":"Shrug It Off+1","floor":27},{"not_picked":["Iron Wave","Pommel Strike"],"picked":"Demon Form","floor":29},{"not_picked":["Pommel Strike","Armaments","Entrench+1"],"picked":"SKIP","floor":31},{"not_picked":["Bludgeon","Corruption"],"picked":"Barricade","floor":33},{"not_picked":["Flex+1","Twin Strike+1","Wild Strike"],"picked":"SKIP","floor":35},{"not_picked":["Headbutt","Shrug It Off"],"picked":"Pommel Strike+1","floor":38},{"not_picked":["Thunderclap","Wild Strike","Sever Soul+1"],"picked":"SKIP","floor":39},{"not_picked":["Searing Blow+1","Shrug It Off+1"],"picked":"Brutality","floor":40},{"not_picked":["Pommel Strike","Wild Strike","Sever Soul"],"picked":"SKIP","floor":42},{"not_picked":["Blood for Blood","Shockwave+1"],"picked":"Burning Pact","floor":45},{"not_picked":["Fire Breathing+1","Clothesline+1"],"picked":"Dual Wield+1","floor":46},{"not_picked":["Cleave","Headbutt+1"],"picked":"Offering","floor":48}],"player_experience":1659653,"relics_obtained":[{"floor":6,"key":"Smiling Mask"},{"floor":9,"key":"Toy Ornithopter"},{"floor":11,"key":"Omamori"},{"floor":13,"key":"Mercury Hourglass"},{"floor":22,"key":"Centennial Puzzle"},{"floor":23,"key":"Boot"},{"floor":26,"key":"Akabeko"},{"floor":29,"key":"Pear"},{"floor":40,"key":"Potion Belt"},{"floor":43,"key":"Vajra"},{"floor":48,"key":"Meat on the Bone"}],"event_choices":[{"cards_removed":["Strike_R"],"damage_healed":0,"gold_gain":0,"player_choice":"Purged","damage_taken":0,"max_hp_gain":0,"max_hp_loss":0,"event_name":"Purifier","floor":4,"gold_loss":0},{"damage_healed":0,"gold_gain":0,"player_choice":"Grow","damage_taken":0,"max_hp_gain":0,"max_hp_loss":0,"event_name":"Living Wall","floor":7,"gold_loss":0,"cards_upgraded":["Uppercut"]},{"damage_healed":41,"gold_gain":0,"player_choice":"Upgrade","damage_taken":16,"max_hp_gain":0,"max_hp_loss":80,"event_name":"betterThird:BetterShining","floor":12,"gold_loss":0,"cards_upgraded":["Defend_R","Strike_R"]},{"damage_healed":0,"gold_gain":0,"player_choice":"Got Potions","damage_taken":0,"max_hp_gain":0,"max_hp_loss":0,"event_name":"Lab","floor":14,"gold_loss":0},{"cards_removed":["Searing Blow"],"damage_healed":0,"gold_gain":0,"player_choice":"Take \u0026 Give","damage_taken":0,"max_hp_gain":0,"max_hp_loss":0,"event_name":"betterNote:BetterNote","floor":25,"gold_loss":0,"cards_obtained":["hierophant:Kindle"]},{"damage_healed":0,"gold_gain":100,"player_choice":"Pray","damage_taken":0,"max_hp_gain":0,"max_hp_loss":0,"event_name":"Golden Shrine","floor":36,"gold_loss":0}],"is_beta":false,"boss_relics":[{"not_picked":["Empty Cage","Runic Pyramid"],"picked":"Philosopher\u0027s Stone"},{"not_picked":["Calling Bell","Runic Cube"],"picked":"Pandora\u0027s Box"}],"items_purged_floors":[19,28,37],"is_endless":false,"potions_floor_spawned":[3,5,11,21,23,35,38,39,42,45],"killed_by":"Awakened One","ascension_level":1}}