{"host":"w3q5ijqu8eoknil3","time":1609436729,"event":{"mods":["AchievementEnabler","BaseMod","Block Reminder","Colored Powertips","Minty Spire (QoL Compilation)","Quick Restart","Relic Stats","ojb\u0027s Better Paths Mod","ojb\u0027s Info Mod","slay the spire mod where everything is the same but ironclad has a cowboy hat"],"gold_per_floor":[116,116,134,145,145,145,145,145,168,193,193,15,40,56,56,129,129,146,1,12,30,41,41,41,41,93,110,137,137,155,6,6,6,6],"floor_reached":33,"playtime":1336,"items_purged":[],"score":481,"play_id":"d2bc605c-aba8-41f2-9b20-77d6c623c8a5","local_time":"20201231174529","is_ascension_mode":true,"campfire_choices":[{"data":"Backstab","floor":6,"key":"SMITH"},{"floor":15,"key":"REST"},{"floor":23,"key":"REST"},{"data":"Bouncing Flask","floor":25,"key":"SMITH"},{"data":"Survivor","floor":29,"key":"SMITH"},{"floor":32,"key":"REST"}],"circlet_count":0,"master_deck":["AscendersBane","Strike_G","Strike_G","Strike_G","Defend_G","Defend_G","Defend_G","Defend_G","Defend_G","Survivor+1","Neutralize","Backstab+1","Leg Sweep","Deadly Poison","Finisher","Dagger Spray","Neutralize","Backflip","Bouncing Flask","Dodge and Roll","A Thousand Cuts","Well Laid Plans","Outmaneuver","Bouncing Flask+1","PiercingWail","Night Terror","Calculated Gamble+1","Poisoned Stab+1","Storm of Steel"],"relics":["Philosopher\u0027s Stone","StrikeDummy","Bag of Preparation","Smiling Mask","Membership Card","Blood Vial","Runic Pyramid","Kunai","Tiny Chest","Tough Bandages","ClockworkSouvenir"],"acts_visited":["Exordium","TheCity"],"potions_floor_usage":[13,14,18,28,33],"damage_taken":[{"damage":2,"enemies":"Jaw Worm","floor":1,"turns":4},{"damage":4,"enemies":"Small Slimes","floor":3,"turns":5},{"damage":3,"enemies":"2 Louse","floor":4,"turns":3},{"damage":12,"enemies":"Lagavulin","floor":10,"turns":7},{"damage":5,"enemies":"Gremlin Nob","floor":13,"turns":3},{"damage":9,"enemies":"Gremlin Gang","floor":14,"turns":3},{"damage":25,"enemies":"Slime Boss","floor":16,"turns":8},{"damage":15,"enemies":"Spheric Guardian","floor":18,"turns":5},{"damage":14,"enemies":"Shell Parasite","floor":20,"turns":6},{"damage":20,"enemies":"Snecko","floor":21,"turns":4},{"damage":7,"enemies":"Snake Plant","floor":22,"turns":4},{"damage":1,"enemies":"Centurion and Healer","floor":27,"turns":7},{"damage":12,"enemies":"Gremlin Leader","floor":28,"turns":7},{"damage":11,"enemies":"Chosen and Byrds","floor":30,"turns":6},{"damage":58,"enemies":"Collector","floor":33,"turns":7}],"seed_played":"3107206294242819785","potions_obtained":[{"floor":10,"key":"Poison Potion"},{"floor":13,"key":"BlessingOfTheForge"},{"floor":16,"key":"Fruit Juice"},{"floor":27,"key":"LiquidBronze"},{"floor":30,"key":"PowerPotion"}],"is_trial":false,"path_per_floor":["M","?","M","M","?","R","?","?","T","E","?","$","E","M","R","B",null,"M","$","M","M","M","R","?","R","T","M","E","R","M","$","R","B"],"character_chosen":"THE_SILENT","items_purchased":["Membership Card","Backflip","Kunai","Outmaneuver","ClockworkSouvenir","Storm of Steel"],"campfire_rested":3,"item_purchase_floors":[12,12,19,19,31,31],"current_hp_per_floor":[57,57,53,50,55,55,55,37,37,25,25,25,20,13,34,11,56,48,48,36,18,13,35,35,35,35,36,26,26,17,17,39,0,0],"gold":6,"neow_bonus":"BOSS_RELIC","is_daily":false,"chose_seed":false,"campfire_upgraded":3,"win_rate":0.0,"timestamp":1609436729,"path_taken":["M","?","M","M","?","R","?","?","T","E","?","$","E","M","R","BOSS","M","$","?","M","M","R","?","R","T","M","E","R","M","?","R","BOSS"],"items_purchased_type":["Relic","Card","Relic","Card","Relic","Card"],"build_version":"2020-12-22","purchased_purges":0,"victory":false,"max_hp_per_floor":[66,66,66,66,71,71,71,71,71,71,71,71,71,71,71,71,71,76,76,76,76,76,76,76,76,76,76,76,76,76,76,76,76,76],"relic_stats":{"Blood Vial":20,"Tough Bandages":[75],"counters":[15,79],"Tiny Chest":0,"Bag of Preparation":[24],"Kunai":[13],"Smiling Mask":0,"obtain_stats":[{"Blood Vial":13,"Tough Bandages":28,"Philosopher\u0027s Stone":0,"Tiny Chest":26,"Bag of Preparation":9,"Membership Card":12,"Kunai":19,"StrikeDummy":8,"Smiling Mask":10,"Ring of the Snake":0,"Runic Pyramid":17,"ClockworkSouvenir":31},{"Blood Vial":5,"Tough Bandages":13,"Philosopher\u0027s Stone":0,"Tiny Chest":11,"Bag of Preparation":3,"Membership Card":4,"Kunai":8,"StrikeDummy":3,"Smiling Mask":4,"Ring of the Snake":0,"Runic Pyramid":7,"ClockworkSouvenir":14},{"Blood Vial":22,"Tough Bandages":66,"Philosopher\u0027s Stone":0,"Tiny Chest":52,"Bag of Preparation":12,"Membership Card":19,"Kunai":38,"StrikeDummy":12,"Smiling Mask":19,"Ring of the Snake":0,"Runic Pyramid":33,"ClockworkSouvenir":72}]},"card_choices":[{"not_picked":["Sucker Punch","Backflip"],"picked":"Backstab","floor":1},{"not_picked":["Calculated Gamble","Prepared"],"picked":"Leg Sweep","floor":3},{"not_picked":["Endless Agony","Dagger Throw"],"picked":"Deadly Poison","floor":4},{"not_picked":["PiercingWail","Acrobatics"],"picked":"Dagger Spray","floor":10},{"not_picked":["Flying Knee","Outmaneuver"],"picked":"Bouncing Flask","floor":13},{"not_picked":["Choke","Grand Finale"],"picked":"Dodge and Roll","floor":14},{"not_picked":["Glass Knife","Phantasmal Killer"],"picked":"A Thousand Cuts","floor":16},{"not_picked":["Quick Slash","Setup+1"],"picked":"Well Laid Plans","floor":18},{"not_picked":["Accuracy","Dagger Spray"],"picked":"Bouncing Flask","floor":20},{"not_picked":["Escape Plan","Outmaneuver"],"picked":"PiercingWail","floor":21},{"not_picked":["Cloak And Dagger","All Out Attack"],"picked":"Night Terror","floor":22},{"not_picked":["Backflip","Finisher"],"picked":"Calculated Gamble+1","floor":27},{"not_picked":["Skewer","Bane"],"picked":"Poisoned Stab+1","floor":28},{"not_picked":["Skewer","Cloak And Dagger","Blade Dance"],"picked":"SKIP","floor":30}],"player_experience":969048,"relics_obtained":[{"floor":9,"key":"Bag of Preparation"},{"floor":10,"key":"Smiling Mask"},{"floor":13,"key":"Blood Vial"},{"floor":26,"key":"Tiny Chest"},{"floor":28,"key":"Tough Bandages"}],"event_choices":[{"damage_healed":0,"gold_gain":0,"player_choice":"Leave","damage_taken":0,"max_hp_gain":0,"max_hp_loss":0,"event_name":"The Cleric","floor":2,"gold_loss":0},{"damage_healed":0,"gold_gain":0,"player_choice":"Donut","damage_taken":0,"max_hp_gain":5,"max_hp_loss":0,"event_name":"Big Fish","floor":5,"gold_loss":0},{"damage_healed":0,"gold_gain":0,"cards_transformed":["Strike_G"],"player_choice":"Change","damage_taken":0,"max_hp_gain":0,"max_hp_loss":0,"event_name":"Living Wall","floor":7,"gold_loss":0,"cards_obtained":["Finisher"]},{"damage_healed":0,"gold_gain":0,"player_choice":"Success","damage_taken":18,"relics_obtained":["StrikeDummy"],"max_hp_gain":0,"max_hp_loss":0,"event_name":"Scrap Ooze","floor":8,"gold_loss":0},{"damage_healed":0,"gold_gain":0,"player_choice":"1 cards matched","damage_taken":0,"max_hp_gain":0,"max_hp_loss":0,"event_name":"Match and Keep!","floor":11,"gold_loss":0,"cards_obtained":["Neutralize"]},{"cards_removed":["Strike_G"],"damage_healed":0,"gold_gain":0,"player_choice":"Card Removal","damage_taken":0,"max_hp_gain":0,"max_hp_loss":0,"event_name":"Wheel of Change","floor":24,"gold_loss":0}],"is_beta":false,"boss_relics":[{"not_picked":["Sozu","HoveringKite"],"picked":"Runic Pyramid"}],"items_purged_floors":[],"is_endless":false,"potions_floor_spawned":[10,13,16,27,30],"killed_by":"Collector","ascension_level":15}}