{"host":"23d796tl9dohsvj7","time":1609402916,"event":{"mods":["BaseMod","Colored Map","Downfall","Minty Spire (QoL Compilation)","StSLib"],"gold_per_floor":[99,119,269,325,325,45,45,55,155,178,18,45,45,64,84,179,179,179,192,292,292,25,45,45,45,59,79,91,101,64,82,92,195,195,195,213,226,244,244,244,244,100,114,137,155,155,183,183,196,196,196],"floor_reached":50,"playtime":3469,"items_purged":["sneckomod:Strike","Slimebound:Icky"],"score":576,"play_id":"9ab052aa-c225-4664-8c03-af2420694a8e","local_time":"20201231162156","is_ascension_mode":false,"campfire_choices":[{"data":"sneckomod:SnekBite","floor":1,"key":"SMITH"},{"floor":13,"key":"REST"},{"data":"sneckomod:Mudshield","floor":18,"key":"SMITH"},{"data":"sneckomod:Mudshield","floor":35,"key":"SMITH"},{"data":"sneckomod:CheapStock","floor":40,"key":"SMITH"},{"data":"sneckomod:DiceBoulder+2","floor":46,"key":"SMITH"},{"data":"sneckomod:DiceBoulder+3","floor":48,"key":"SMITH"}],"circlet_count":0,"master_deck":["sneckomod:Defend","sneckomod:Defend","sneckomod:TailWhip+1","sneckomod:SnekBite+1","sneckomod:Unknown","sneckomod:Unknown+2","sneckomod:WideSting","sneckomod:RainOfDice","sneckomod:UnknownRareSkill","sneckomod:Unknown3Cost","sneckomod:QuickBite","sneckomod:UnknownUncommonPower+2","sneckomod:SoulRoll+1","sneckomod:QuickBite+1","sneckomod:MorePower","sneckomod:SoulDraw","sneckomod:UnknownUncommonAttack+1","sneckomod:UnknownExhaust+2","sneckomod:MasterEye","hexamod:SixthSeal","sneckomod:UnknownCommonSkill","sneckomod:UnknownVulnerable","sneckomod:DiceBlock","sneckomod:UnknownClassGREEN+1","sneckomod:Mudshield+1","sneckomod:SlitherStrike+1","sneckomod:UnknownClassPURPLE+2","sneckomod:UnknownUncommonPower+1","sneckomod:UnknownUncommonPower","sneckomod:SerpentIdol","sneckomod:ImprovisedAttack","sneckomod:DangerNoodle","sneckomod:SoulExchange","sneckomod:MasterEye","sneckomod:SoulDraw","RitualDagger","sneckomod:SoulRoll+1","sneckomod:Unknown1Cost","sneckomod:TrashToTreasure","sneckomod:Unknown3Cost","sneckomod:DiceBoulder+4","sneckomod:UnknownRarePower+1","sneckomod:UnknownRareSkill+1","sneckomod:Mudshield+1","sneckomod:Unknown2Cost+1","sneckomod:Restock+1","sneckomod:Nope+1","sneckomod:CheapStock+1","sneckomod:SerpentMind+1","sneckomod:UnknownClassRED+1","hexamod:FirstSeal","sneckomod:DiceCrush+1","sneckomod:DiceCrush+1","sneckomod:UnlimitedRolls"],"relics":["sneckomod:SneckoSoul","Bag of Marbles","Bronze Scales","sneckomod:ConfusingCodex","Odd Mushroom","Lantern","Snecko Eye","Darkstone Periapt","Coffee Dripper","Bottled Flame","sneckomod:LoadedDie","MealTicket"],"acts_visited":["Exordium","TheCity","TheBeyond"],"potions_floor_usage":[12,12,12,16,16,26,33,33,33,33,33,33,47],"damage_taken":[{"damage":2,"enemies":"Small Slimes","floor":2,"turns":2},{"damage":55,"enemies":"Lagavulin Event","floor":4,"turns":8},{"damage":10,"enemies":"downfall:FleeingMerchant","floor":6,"turns":4},{"damage":0,"enemies":"2 Louse","floor":8,"turns":3},{"damage":13,"enemies":"downfall:Heads","floor":9,"turns":3},{"damage":1,"enemies":"The Mushroom Lair","floor":10,"turns":2},{"damage":5,"enemies":"downfall:FleeingMerchant","floor":11,"turns":5},{"damage":8,"enemies":"Lagavulin","floor":12,"turns":3},{"damage":3,"enemies":"Jaw Worm","floor":14,"turns":2},{"damage":0,"enemies":"3 Louse","floor":15,"turns":1},{"damage":12,"enemies":"downfall:Watcher","floor":16,"turns":8},{"damage":14,"enemies":"Shell Parasite","floor":19,"turns":5},{"damage":0,"enemies":"downfall:FleeingMerchant","floor":22,"turns":4},{"damage":0,"enemies":"3 Byrds","floor":23,"turns":3},{"damage":1,"enemies":"Centurion and Healer","floor":26,"turns":4},{"damage":10,"enemies":"Snecko","floor":27,"turns":3},{"damage":0,"enemies":"Snake Plant","floor":28,"turns":2},{"damage":6,"enemies":"Shelled Parasite and Fungi","floor":29,"turns":2},{"damage":3,"enemies":"Snecko","floor":31,"turns":4},{"damage":6,"enemies":"Chosen and Byrds","floor":32,"turns":3},{"damage":60,"enemies":"downfall:Ironclad","floor":33,"turns":5},{"damage":0,"enemies":"3 Shapes","floor":36,"turns":2},{"damage":19,"enemies":"3 Darklings","floor":37,"turns":2},{"damage":0,"enemies":"Sphere and 2 Shapes","floor":38,"turns":2},{"damage":10,"enemies":"Jaw Worm Horde","floor":43,"turns":4},{"damage":0,"enemies":"Maw","floor":45,"turns":5},{"damage":15,"enemies":"Reptomancer","floor":47,"turns":3},{"damage":7,"enemies":"3 Darklings","floor":49,"turns":3},{"damage":74,"enemies":"downfall:Defect","floor":50,"turns":3}],"seed_played":"5586477459343340972","potions_obtained":[{"floor":2,"key":"EssenceOfSteel"},{"floor":8,"key":"Fire Potion"},{"floor":12,"key":"EntropicBrew"},{"floor":26,"key":"sneckomod:DiceRollPotion"},{"floor":27,"key":"Energy Potion"},{"floor":28,"key":"EntropicBrew"},{"floor":37,"key":"EssenceOfSteel"},{"floor":43,"key":"GamblersBrew"}],"is_trial":false,"path_per_floor":["R","M","?","?","?","$","T","M","?","?","$","E","R","M","M","B",null,"R","M","?","?","$","M","T","?","M","M","M","M","$","M","M","B",null,"R","M","M","M","?","R","T","$","M","?","M","R","E","R","M","B"],"character_chosen":"THE_SNECKO","items_purchased":["sneckomod:Unknown3Cost","sneckomod:QuickBite","sneckomod:UnknownUncommonPower","sneckomod:MasterEye","sneckomod:SerpentIdol","sneckomod:ImprovisedAttack","sneckomod:DangerNoodle","sneckomod:SoulExchange","sneckomod:MasterEye","sneckomod:DiceBoulder","sneckomod:SerpentMind"],"campfire_rested":1,"item_purchase_floors":[6,6,6,11,22,22,22,22,22,30,42],"current_hp_per_floor":[99,99,99,44,32,25,25,25,16,15,12,5,36,34,34,23,107,107,93,93,94,96,96,96,90,89,80,80,75,75,73,68,9,115,115,115,96,96,96,96,96,96,87,87,87,87,79,79,72,0,0],"gold":196,"neow_bonus":"TEN_PERCENT_HP_BONUS","is_daily":false,"chose_seed":false,"campfire_upgraded":6,"win_rate":0.0,"timestamp":1609402916,"path_taken":["R","M","?","?","?","$","T","?","?","?","$","E","R","M","M","BOSS","R","M","?","?","$","?","T","?","M","M","M","M","$","M","M","BOSS","R","M","M","M","?","R","T","?","M","?","?","R","E","R","M","BOSS"],"items_purchased_type":["Card","Card","Card","Card","Card","Card","Card","Card","Card","Card","Card"],"build_version":"2020-12-22","purchased_purges":2,"victory":false,"max_hp_per_floor":[99,99,99,99,99,102,102,102,102,102,104,105,105,106,106,107,107,107,107,107,108,110,110,110,110,110,111,111,112,112,113,114,115,115,115,115,115,115,115,115,115,115,116,116,116,116,116,116,116,116,116],"card_choices":[{"not_picked":["sneckomod:IronFang","sneckomod:UnknownCommonSkill"],"picked":"sneckomod:WideSting","floor":2},{"not_picked":["sneckomod:DangerNoodle","sneckomod:UnknownEthereal"],"picked":"sneckomod:RainOfDice","floor":4},{"not_picked":["sneckomod:DiceCrush","sneckomod:IronFang"],"picked":"sneckomod:UnknownRareSkill","floor":6},{"not_picked":["sneckomod:WideSting","sneckomod:Unknown1Cost"],"picked":"sneckomod:SoulRoll","floor":8},{"not_picked":["sneckomod:Mudshield","sneckomod:Unknown1Cost"],"picked":"sneckomod:QuickBite","floor":9},{"not_picked":["sneckomod:UnknownClassPURPLE","sneckomod:UnknownCommonAttack"],"picked":"sneckomod:SoulDraw","floor":10},{"not_picked":["sneckomod:UnknownX+1","sneckomod:UnknownEthereal+1"],"picked":"sneckomod:UnknownUncommonAttack+1","floor":11},{"not_picked":["sneckomod:UnknownX","sneckomod:ImprovisedGuard"],"picked":"sneckomod:UnknownExhaust","floor":11},{"not_picked":["hexamod:FirstSeal","hexamod:SecondSeal"],"picked":"hexamod:SixthSeal","floor":12},{"not_picked":["sneckomod:UnknownCommonAttack","sneckomod:QuickBite"],"picked":"sneckomod:UnknownCommonSkill","floor":12},{"not_picked":["sneckomod:UnknownStrike","sneckomod:UnknownCommonSkill"],"picked":"sneckomod:UnknownVulnerable","floor":14},{"not_picked":["sneckomod:UnknownCommonSkill","sneckomod:UnknownClassRED"],"picked":"sneckomod:DiceBlock","floor":15},{"not_picked":["sneckomod:Unknown0Cost+1","sneckomod:UnknownVulnerable+1"],"picked":"sneckomod:UnknownClassGREEN+1","floor":16},{"not_picked":["sneckomod:Restock","sneckomod:MorePower"],"picked":"sneckomod:Mudshield","floor":16},{"not_picked":["sneckomod:UnknownCommonAttack","sneckomod:QuickMove"],"picked":"sneckomod:SlitherStrike+1","floor":19},{"not_picked":["sneckomod:UnknownEthereal+1","sneckomod:UnknownStrike+1"],"picked":"sneckomod:UnknownUncommonPower+1","floor":22},{"not_picked":["sneckomod:UnknownVulnerable","sneckomod:SoulRoll"],"picked":"sneckomod:UnknownUncommonPower","floor":22},{"not_picked":["sneckomod:UnknownX","sneckomod:UnknownClassPURPLE"],"picked":"sneckomod:SoulDraw","floor":23},{"not_picked":["sneckomod:MasterEye","sneckomod:Unknown1Cost"],"picked":"sneckomod:SoulRoll","floor":26},{"not_picked":["sneckomod:UnknownUncommonPower","sneckomod:ImprovisedGuard"],"picked":"sneckomod:Unknown1Cost","floor":27},{"not_picked":["sneckomod:DiceBoulder","sneckomod:DiceBlock"],"picked":"sneckomod:TrashToTreasure","floor":28},{"not_picked":["sneckomod:UnknownCommonSkill+1","sneckomod:SnekBeam+1"],"picked":"sneckomod:Unknown3Cost","floor":29},{"not_picked":["sneckomod:Unknown1Cost+1","sneckomod:UnknownExhaust+1"],"picked":"sneckomod:UnknownRarePower+1","floor":31},{"not_picked":["sneckomod:DefensiveFlair","sneckomod:UnknownClassGUARDIAN","sneckomod:Unknown1Cost+1"],"picked":"SKIP","floor":31},{"not_picked":["sneckomod:UnknownDexterity+1","sneckomod:UnknownStrike+1"],"picked":"sneckomod:UnknownRareSkill+1","floor":32},{"not_picked":["sneckomod:UnknownVulnerable+1","sneckomod:ImprovisedAttack"],"picked":"sneckomod:Mudshield","floor":32},{"not_picked":["sneckomod:UnknownWeak+1","sneckomod:Unknown1Cost+1"],"picked":"sneckomod:Unknown2Cost+1","floor":33},{"not_picked":["sneckomod:UnknownRareSkill","sneckomod:SoulExchange"],"picked":"sneckomod:Restock","floor":33},{"not_picked":["sneckomod:QuickBite+1","sneckomod:UnknownVulnerable","sneckomod:ImprovisedGuard+1"],"picked":"SKIP","floor":36},{"not_picked":["sneckomod:UnknownClassTHE_CHAMP_GRAY+1","sneckomod:IronFang+1"],"picked":"sneckomod:Nope+1","floor":37},{"not_picked":["sneckomod:UnknownColorless+1","sneckomod:UnknownWeak+1","sneckomod:UnknownClassTHE_CHAMP_GRAY+1"],"picked":"SKIP","floor":37},{"not_picked":["sneckomod:SlitherStrike","sneckomod:RainOfDice"],"picked":"sneckomod:CheapStock","floor":38},{"not_picked":["sneckomod:DefensiveFlair","sneckomod:UnknownCommonAttack"],"picked":"sneckomod:UnknownClassRED+1","floor":43},{"not_picked":["hexamod:SecondSeal","hexamod:SixthSeal"],"picked":"hexamod:FirstSeal","floor":45},{"not_picked":["sneckomod:UnknownWeak","sneckomod:QuickBite"],"picked":"sneckomod:DiceCrush+1","floor":45},{"not_picked":["sneckomod:UnknownStrike","sneckomod:UnknownVulnerable"],"picked":"sneckomod:DiceCrush+1","floor":47},{"not_picked":["sneckomod:UnknownClassHEXA_GHOST_PURPLE","sneckomod:UnknownCommonAttack"],"picked":"sneckomod:UnlimitedRolls","floor":49}],"player_experience":293577,"relics_obtained":[{"floor":4,"key":"Bag of Marbles"},{"floor":7,"key":"sneckomod:ConfusingCodex"},{"floor":10,"key":"Odd Mushroom"},{"floor":12,"key":"Lantern"},{"floor":24,"key":"Darkstone Periapt"},{"floor":41,"key":"Bottled Flame"},{"floor":44,"key":"sneckomod:LoadedDie"},{"floor":47,"key":"MealTicket"}],"event_choices":[{"damage_healed":0,"gold_gain":0,"player_choice":"Success","damage_taken":12,"relics_obtained":["Bronze Scales"],"max_hp_gain":0,"max_hp_loss":0,"event_name":"Scrap Ooze","floor":5,"gold_loss":0},{"damage_healed":0,"gold_gain":0,"player_choice":"Fought Mushrooms","damage_taken":0,"max_hp_gain":0,"max_hp_loss":0,"event_name":"Mushrooms","floor":10,"gold_loss":0},{"damage_healed":0,"gold_gain":0,"cards_transformed":["sneckomod:Defend"],"player_choice":"Transformed","damage_taken":0,"max_hp_gain":0,"max_hp_loss":0,"event_name":"Transmorgrifier","floor":21,"gold_loss":0,"cards_obtained":["sneckomod:UnknownClassPURPLE"]},{"damage_healed":0,"gold_gain":0,"player_choice":"Ignored","damage_taken":0,"max_hp_gain":0,"max_hp_loss":0,"event_name":"NoteForYourself","floor":39,"gold_loss":0}],"is_beta":false,"boss_relics":[{"not_picked":["Fusion Hammer","downfall:Hecktoplasm"],"picked":"Snecko Eye"},{"not_picked":["sneckomod:SuperSneckoSoul","Sozu"],"picked":"Coffee Dripper"}],"items_purged_floors":[11,22],"is_endless":false,"potions_floor_spawned":[2,8,12,14,15,26,27,28,29,31,37,43],"killed_by":"downfall:Defect","ascension_level":0}}