{"host":"uonldg9uriwfhjjx","time":1609383515,"event":{"mods":["AchievementEnabler","BaseMod","Minty Spire (QoL Compilation)","Relic Stats"],"gold_per_floor":[111,131,131,141,153,186,186,11,11,25,54,54,54,66,66,141,141,154,167,167,13,30,30,30,30],"floor_reached":24,"playtime":865,"items_purged":["Strike_G"],"score":364,"play_id":"bb9ba031-5af3-407a-acb9-b42cdb1b013a","local_time":"20201230215835","is_ascension_mode":true,"campfire_choices":[{"floor":7,"key":"REST"},{"floor":12,"key":"REST"},{"floor":15,"key":"REST"},{"floor":23,"key":"REST"}],"circlet_count":0,"master_deck":["AscendersBane","Strike_G","Strike_G","Strike_G","Strike_G","Defend_G","Defend_G","Defend_G","Defend_G","Defend_G","Survivor","Neutralize","Catalyst","Noxious Fumes","PiercingWail","Crippling Poison","Cloak And Dagger","Backflip","Sucker Punch","Adrenaline","Footwork","Writhe","Slice","Infinite Blades"],"relics":["Ring of the Snake","The Courier","Strawberry","Shuriken","Toy Ornithopter","Calipers","WristBlade","Dream Catcher","Sling"],"acts_visited":["Exordium","TheCity"],"potions_floor_usage":[10,11,22],"damage_taken":[{"damage":1,"enemies":"2 Louse","floor":1,"turns":3},{"damage":5,"enemies":"Cultist","floor":2,"turns":6},{"damage":6,"enemies":"Small Slimes","floor":4,"turns":5},{"damage":1,"enemies":"2 Fungi Beasts","floor":5,"turns":5},{"damage":38,"enemies":"3 Sentries","floor":6,"turns":9},{"damage":13,"enemies":"3 Louse","floor":10,"turns":4},{"damage":32,"enemies":"Lagavulin","floor":11,"turns":7},{"damage":24,"enemies":"Gremlin Gang","floor":14,"turns":5},{"damage":20,"enemies":"Hexaghost","floor":16,"turns":13},{"damage":20,"enemies":"3 Byrds","floor":18,"turns":4},{"damage":22,"enemies":"Spheric Guardian","floor":19,"turns":7},{"damage":21,"enemies":"Snake Plant","floor":22,"turns":7},{"damage":29,"enemies":"Slavers","floor":24,"turns":3}],"seed_played":"-8151710644298334374","potions_obtained":[{"floor":1,"key":"Regen Potion"},{"floor":3,"key":"EssenceOfSteel"},{"floor":4,"key":"DuplicationPotion"},{"floor":16,"key":"Dexterity Potion"},{"floor":18,"key":"BlessingOfTheForge"},{"floor":19,"key":"SteroidPotion"}],"is_trial":false,"path_per_floor":["M","M","?","M","M","E","R","$","T","M","E","R","T","M","R","B",null,"M","M","?","$","M","R","E"],"character_chosen":"THE_SILENT","items_purchased":["Strawberry","Sling","Slice"],"campfire_rested":4,"item_purchase_floors":[8,21,21],"current_hp_per_floor":[64,59,59,53,52,14,35,42,42,43,11,34,34,10,33,13,63,43,21,21,21,5,28,0,0],"gold":30,"neow_bonus":"TEN_PERCENT_HP_BONUS","is_daily":false,"chose_seed":false,"campfire_upgraded":0,"win_rate":0.0,"timestamp":1609383515,"path_taken":["M","M","?","?","M","E","R","$","T","M","E","R","?","M","R","BOSS","M","M","?","$","M","R","E"],"items_purchased_type":["Relic","Relic","Card"],"build_version":"2020-12-22","purchased_purges":1,"victory":false,"max_hp_per_floor":[72,72,72,72,72,72,72,79,79,79,79,79,79,79,79,79,79,79,79,79,79,79,79,79,79],"relic_stats":{"Dream Catcher":1,"counters":[13,78],"Shuriken":[10],"obtain_stats":[{"Dream Catcher":20,"Calipers":13,"WristBlade":17,"Shuriken":9,"Strawberry":8,"The Courier":6,"Sling":21,"Toy Ornithopter":11,"Ring of the Snake":0},{"Dream Catcher":11,"Calipers":7,"WristBlade":9,"Shuriken":5,"Strawberry":5,"The Courier":5,"Sling":11,"Toy Ornithopter":7,"Ring of the Snake":0},{"Dream Catcher":68,"Calipers":39,"WristBlade":57,"Shuriken":28,"Strawberry":28,"The Courier":28,"Sling":68,"Toy Ornithopter":39,"Ring of the Snake":0}],"Toy Ornithopter":5,"Ring of the Snake":[26]},"card_choices":[{"not_picked":["Predator","All Out Attack"],"picked":"Catalyst","floor":1},{"not_picked":["Outmaneuver","Backflip"],"picked":"Noxious Fumes","floor":2},{"not_picked":["Cloak And Dagger","Deflect","Setup"],"picked":"SKIP","floor":4},{"not_picked":["Concentrate","Riddle With Holes"],"picked":"PiercingWail","floor":5},{"not_picked":["Dagger Spray","Reflex"],"picked":"Crippling Poison","floor":6},{"not_picked":["Outmaneuver","Envenom"],"picked":"Cloak And Dagger","floor":10},{"not_picked":["Deflect","Setup"],"picked":"Backflip","floor":11},{"not_picked":["Caltrops","Cloak And Dagger"],"picked":"Sucker Punch","floor":14},{"not_picked":["Die Die Die","Tools of the Trade"],"picked":"Adrenaline","floor":16},{"not_picked":["Predator","PiercingWail","Distraction"],"picked":"SKIP","floor":18},{"not_picked":["Flying Knee","Prepared"],"picked":"Footwork","floor":19},{"not_picked":["Dash","Bouncing Flask","Quick Slash"],"picked":"SKIP","floor":22},{"not_picked":["Quick Slash","Dagger Spray"],"picked":"Infinite Blades","floor":23}],"player_experience":692955,"relics_obtained":[{"floor":6,"key":"The Courier"},{"floor":9,"key":"Shuriken"},{"floor":11,"key":"Toy Ornithopter"},{"floor":13,"key":"Calipers"}],"event_choices":[{"damage_healed":0,"gold_gain":0,"player_choice":"Got Potions","damage_taken":0,"max_hp_gain":0,"max_hp_loss":0,"event_name":"Lab","floor":3,"gold_loss":0},{"damage_healed":0,"gold_gain":0,"player_choice":"Opened","damage_taken":0,"relics_obtained":["Dream Catcher"],"max_hp_gain":0,"max_hp_loss":0,"event_name":"The Mausoleum","floor":20,"gold_loss":0,"cards_obtained":["Writhe"]}],"is_beta":false,"boss_relics":[{"not_picked":["Cursed Key","SlaversCollar"],"picked":"WristBlade"}],"items_purged_floors":[8],"is_endless":false,"potions_floor_spawned":[1,4,6,16,18,19],"killed_by":"Slavers","ascension_level":15}}