{"host":"6v6lk9rcoiasjngj","time":1609453207,"event":{"mods":["Ascension Reborn","BaseMod","Better Third Choice","Colored Map","Conspire","Downfall","Duelist Mod","GifTheSpireLib","Googly Eyes","Hubris","Infinite Spire","Minty Spire (QoL Compilation)","Quick Restart","RRrroohrrRGHHhhh!!","Replay The Spire","Reworked Bosses","Somnambulant","Spicy Shops","StSLib","Stuff the Spire","The Blue Laboratory","The Cursed","The Disciple","The Factory","The Florist","The Hierophant","The Jungle","The Sage","The Servant 0.9.4","The Valiant","egg"],"gold_per_floor":[99,110,190,210,210,43,98,118,133,162,162,198,208,222,244,351,351,276,299,407,407,92,115,115,115,132,32,58,78,3,24,41,138,138,138,150,163,75,86,113,160,85,104,118,118,118,118,142,168,168],"floor_reached":51,"playtime":7358,"items_purged":["Regret","Parasite","Shame","hubris:Sloth"],"score":717,"play_id":"360b462a-121e-4edd-b85c-2c19b4111e1d","local_time":"20201231172007","is_ascension_mode":false,"campfire_choices":[{"data":"hexamod:Float","floor":1.0,"key":"SMITH"},{"floor":18.0,"key":"RECALL"},{"data":"hexamod:PhantomCloak","floor":30.0,"key":"SMITH"},{"data":"hexamod:TimeOfNeed","floor":35,"key":"SMITH"},{"data":"J.A.X.","floor":42,"key":"SMITH"},{"data":"expansioncontent:QuickStudy","floor":45,"key":"SMITH"}],"circlet_count":0,"master_deck":["hexamod:Strike+1","hexamod:Strike+1","hexamod:Strike+1","hexamod:Defend+1","hexamod:Defend+1","hexamod:Defend+1","hexamod:Sear+1","hexamod:Float+1","hexamod:SecondSeal","hexamod:NecessarySacrifice+1","hexamod:PhantomCloak+1","hexamod:FourthSeal","hexamod:FirstSeal","hexamod:EmpoweredFlame+1","hexamod:Rewind+1","hexamod:EmpoweringStance+1","J.A.X.+1","hexamod:FifthSeal","hexamod:NightmareGuise+1","hexamod:Hexaguard+1","Insight+1","hexamod:PhantomCloak+1","hexamod:PhantomCloak+1","hexamod:ShieldOfDarkness+1","hexamod:ThirdSeal","hexamod:ShieldOfDarkness+1","hexamod:FirstSeal","expansioncontent:QuickStudy+1","hexamod:Hexaguard+1","hexamod:InspiringFlames+1","hexamod:FirstSeal","hexamod:PhantomCloak+1","hexamod:SixthSeal","hexamod:InspiringFlames+1","hexamod:TimeOfNeed+1","hexamod:Defend+1","hexamod:Firestarter+1","hexamod:NightmareStrike+1","hexamod:PhantomCloak+1","hexamod:NightmareStrike+1","hexamod:PowerFromBeyond+1","hexamod:SuperheatedStrike+1","hexamod:GhostLash+1","hexamod:GhostLash+1","hexamod:InspiringFlames+1"],"relics":["hexamod:SpiritBrand","infinitespire:PuzzleCube","infinitespire:Beetle Shell","hubris:TenFootPole","Oddly Smooth Stone","conspire:Flyswatter","StuffTheSpire:Mouthbags","hubris:Backtick","Replay:Kaleidoscope","MutagenicStrength","Membership Card","hubris:EmptyBottle","StuffTheSpire:Nightcore","Runic Pyramid","Whetstone","ReplayTheSpireMod:CursedCoin","StuffTheSpire:GreaterSneckoEye","Replay:Baseball"],"acts_visited":["Exordium","TheCity","TheBeyond"],"potions_floor_usage":[],"damage_taken":[{"damage":0.0,"enemies":"Cultist","floor":2.0,"turns":3.0},{"damage":0.0,"enemies":"Small Slimes","floor":4.0,"turns":3.0},{"damage":6.0,"enemies":"downfall:FleeingMerchant","floor":6.0,"turns":4.0},{"damage":0.0,"enemies":"Jaw Worm","floor":8.0,"turns":3.0},{"damage":0.0,"enemies":"2 Fungi Beasts","floor":9.0,"turns":4.0},{"damage":10.0,"enemies":"Replay:BlueRogue","floor":10.0,"turns":7.0},{"damage":2.0,"enemies":"Lagavulin","floor":12.0,"turns":7.0},{"damage":13.0,"enemies":"Exordium Wildlife","floor":13.0,"turns":4.0},{"damage":0.0,"enemies":"Red Slaver","floor":14.0,"turns":5.0},{"damage":0.0,"enemies":"conspire:2 RoseBushes","floor":15.0,"turns":7.0},{"damage":49.0,"enemies":"downfall:Ironclad","floor":16.0,"turns":14.0},{"damage":10.0,"enemies":"Shell Parasite","floor":19.0,"turns":8.0},{"damage":18.0,"enemies":"downfall:Augmenter","floor":20.0,"turns":10.0},{"damage":3.0,"enemies":"downfall:FleeingMerchant","floor":22.0,"turns":4.0},{"damage":9.0,"enemies":"Spheric Guardian","floor":23.0,"turns":11.0},{"damage":0.0,"enemies":"Shelled Parasite and Fungi","floor":26.0,"turns":10.0},{"damage":0.0,"enemies":"downfall:FleeingMerchant","floor":27.0,"turns":4.0},{"damage":46.0,"enemies":"Cultist and Chosen","floor":28.0,"turns":13.0},{"damage":17.0,"enemies":"Centurion and Healer","floor":29.0,"turns":11.0},{"damage":7.0,"enemies":"conspire:HollyBat","floor":31.0,"turns":9.0},{"damage":19.0,"enemies":"Chosen and Byrds","floor":32.0,"turns":13.0},{"damage":28.0,"enemies":"downfall:Defect","floor":33.0,"turns":17.0},{"damage":0,"enemies":"3 Shapes","floor":36,"turns":8},{"damage":10,"enemies":"Orb Walker","floor":37,"turns":7},{"damage":0,"enemies":"downfall:FleeingMerchant","floor":38,"turns":4},{"damage":3,"enemies":"Spire Growth","floor":39,"turns":10},{"damage":3,"enemies":"Maw","floor":40,"turns":11},{"damage":0,"enemies":"4 Shapes","floor":43,"turns":8},{"damage":9,"enemies":"3 Darklings","floor":44,"turns":8},{"damage":16,"enemies":"Sphere and 2 Shapes","floor":49,"turns":5},{"damage":12,"enemies":"downfall:Watcher","floor":50,"turns":11}],"seed_played":"8688515831848829333","potions_obtained":[{"floor":2.0,"key":"Languid Potion"},{"floor":3.0,"key":"Fruit Juice"},{"floor":3.0,"key":"blueLaboratory:LouseDecoction"},{"floor":8.0,"key":"Block Potion"},{"floor":9.0,"key":"FairyPotion"},{"floor":20.0,"key":"conspire:TimeTravelPotion"},{"floor":23.0,"key":"Fire Potion"},{"floor":29.0,"key":"Energy Potion"},{"floor":32.0,"key":"Fruit Juice"},{"floor":32.0,"key":"Strength Potion"},{"floor":49,"key":"blueLaboratory:Moonshine"}],"is_trial":false,"path_per_floor":["R","M","?","M","?","$","T","M","M","E","?","E","M","M","M","B",null,"R_BF","M","?","?","$","M","T","?","M","$","M","M","R","M","M","B",null,"R","M","M","$","M","M","T","R","M","M","R","?","?","T","M","B",null],"character_chosen":"THE_SPIRIT","items_purchased":["hubris:TenFootPole","Membership Card","hexamod:PhantomCloak","hubris:EmptyBottle","expansioncontent:QuickStudy","Whetstone","ReplayTheSpireMod:CursedCoin","hexamod:NightmareStrike","hexamod:PowerFromBeyond"],"campfire_rested":0,"item_purchase_floors":[6,22,22,22,27,38,38,38,38],"current_hp_per_floor":[70,70,70,70,70,69,69,69,75,65,65,70,64,71,75,33,75,75,65,47,47,51,49,49,49,56,63,58,48,48,55,60,32,82,82,82,79,82,82,82,82,92,92,92,92,82,82,82,73,82],"gold":168,"neow_bonus":"RANDOM_COMMON_RELIC","is_daily":false,"chose_seed":false,"campfire_upgraded":5,"win_rate":0.0,"timestamp":1609453207,"path_taken":["R","M","?","M","?","$","T","M","M","E","?","E","M","M","M","BOSS","R_BF","M","?","?","?","M","T","?","?","$","M","M","R","M","M","BOSS","R","?","M","$","M","M","T","R","M","M","R","?","?","?","M","BOSS"],"items_purchased_type":["Relic","Relic","Card","Relic","Card","Relic","Relic","Card","Card"],"build_version":"2020-12-22","purchased_purges":4,"victory":true,"max_hp_per_floor":[70,70,70,70,70,75,75,75,75,75,75,75,75,75,75,75,75,75,75,75,75,72,72,72,72,72,72,72,72,72,72,82,82,82,82,82,82,82,82,82,82,92,92,92,92,92,92,92,92,92],"card_choices":[{"not_picked":["hexamod:SpectersWail","hexamod:FastForward"],"picked":"hexamod:SecondSeal","floor":2.0},{"not_picked":["hexamod:HeatCrush","hexamod:AdvancingGuard"],"picked":"hexamod:NecessarySacrifice","floor":3.0},{"not_picked":["hexamod:NightmareStrike","hexamod:BacktrackSmack"],"picked":"hexamod:PhantomCloak","floor":4.0},{"not_picked":["hexamod:DynamicBlow","hexamod:ChargedBarrage"],"picked":"hexamod:FourthSeal","floor":6.0},{"not_picked":["hexamod:GhostShield","hexamod:NightmareStrike"],"picked":"hexamod:FirstSeal","floor":8.0},{"not_picked":["hexamod:StepThrough","hexamod:AdvancingGuard"],"picked":"hexamod:HexaLevel","floor":9.0},{"not_picked":["hexamod:Firestarter","hexamod:HauntingEcho"],"picked":"hexamod:EmpoweredFlame","floor":10.0},{"not_picked":["hexamod:RainOfEmbers","hexamod:GhostLash"],"picked":"hexamod:Rewind","floor":12.0},{"not_picked":["hexamod:GhostShield","hexamod:ShieldOfDarkness"],"picked":"hexamod:Hexaguard","floor":13.0},{"not_picked":["hexamod:GhostLash","hexamod:DynamicBlow","hexamod:Firestarter"],"picked":"SKIP","floor":14.0},{"not_picked":["hexamod:AdvancingGuard","hexamod:SwordOfDarkness","hexamod:TurnItUp"],"picked":"SKIP","floor":15.0},{"not_picked":["hexamod:TimeWarp","hexamod:WildfireWeapon"],"picked":"hexamod:EmpoweringStance","floor":16.0},{"not_picked":["hexamod:SoulSteal+1","hexamod:AdvancingGuard","hexamod:RetreatToShadows"],"picked":"SKIP","floor":19.0},{"not_picked":[],"picked":"J.A.X.","floor":20.0},{"not_picked":["hexamod:RecurringNightmare+1","hexamod:CatchUp"],"picked":"hexamod:FifthSeal","floor":20.0},{"not_picked":["hexamod:AdvancingGuard","hexamod:BurningTouch"],"picked":"hexamod:PhantomCloak+1","floor":22.0},{"not_picked":["hexamod:GhostOfSpirePresent+1","hexamod:BurningTouch"],"picked":"hexamod:ShieldOfDarkness+1","floor":23.0},{"not_picked":["hexamod:ThermalTransfer+1","hexamod:HauntingEcho+1"],"picked":"hexamod:ShieldOfDarkness","floor":26.0},{"not_picked":["hexamod:FourthSeal","hexamod:SecondSeal"],"picked":"hexamod:FirstSeal","floor":27.0},{"not_picked":["hexamod:SwordOfDarkness","hexamod:SearingWound","hexamod:Firestarter+1"],"picked":"SKIP","floor":27.0},{"not_picked":["hexamod:SpectersWail","hexamod:Firestarter"],"picked":"hexamod:Hexaguard","floor":28.0},{"not_picked":["hexamod:RainOfEmbers+1","hexamod:GhostLash"],"picked":"hexamod:InspiringFlames","floor":28.0},{"not_picked":["hexamod:ThirdSeal","hexamod:FourthSeal"],"picked":"hexamod:FirstSeal","floor":29.0},{"not_picked":["hexamod:BurningTouch+1","hexamod:Rewind"],"picked":"hexamod:PhantomCloak","floor":29.0},{"not_picked":["hexamod:Firestarter+1","hexamod:RainOfEmbers","hexamod:ExtraCrispy"],"picked":"SKIP","floor":29.0},{"not_picked":["hexamod:FourthSeal","hexamod:ThirdSeal"],"picked":"hexamod:SixthSeal","floor":31.0},{"not_picked":["hexamod:BurningTouch","hexamod:Hexaguard"],"picked":"hexamod:InspiringFlames","floor":31.0},{"not_picked":["hexamod:NightmareGuise","hexamod:AdvancingGuard","hexamod:GhostShield"],"picked":"SKIP","floor":32.0},{"not_picked":["hexamod:WildfireWeapon","hexamod:SearingWound"],"picked":"hexamod:TimeOfNeed","floor":33.0},{"not_picked":["hexamod:NightmareStrike+1","hexamod:InspiringFlames"],"picked":"hexamod:Firestarter+1","floor":36},{"not_picked":["hexamod:PowerFromBeyond+1","hexamod:GhostLash+1"],"picked":"hexamod:NightmareStrike","floor":37},{"not_picked":["hexamod:WildfireWeapon","hexamod:GhostShield"],"picked":"hexamod:PhantomCloak+1","floor":38},{"not_picked":["hexamod:GhostOfSpirePast+1","hexamod:ExtraCrispy","hexamod:PhantomCloak"],"picked":"SKIP","floor":39},{"not_picked":["hexamod:HeatShield+1","hexamod:RadiantFlame","hexamod:RecurringNightmare+1"],"picked":"SKIP","floor":39},{"not_picked":["hexamod:ThermalTransfer","hexamod:GhostShield+1"],"picked":"hexamod:SuperheatedStrike+1","floor":40},{"not_picked":["hexamod:Haunt+1","hexamod:GhostOfSpirePast+1"],"picked":"hexamod:GhostLash","floor":40},{"not_picked":["hexamod:RadiantFlame+1","hexamod:SoulSteal+1"],"picked":"hexamod:GhostLash","floor":43},{"not_picked":["hexamod:FirstSeal","hexamod:ThirdSeal","hexamod:SecondSeal"],"picked":"SKIP","floor":43},{"not_picked":["hexamod:SearingWound","hexamod:Again"],"picked":"hexamod:InspiringFlames+1","floor":44},{"not_picked":["hexamod:RetreatToShadows","hexamod:NightmareGuise+1","hexamod:InspiringFlames"],"picked":"SKIP","floor":44},{"not_picked":["hexamod:NightmareGuise","hexamod:GhostLash","hexamod:SpectersWail+1"],"picked":"SKIP","floor":49}],"player_experience":828057,"relics_obtained":[{"floor":3.0,"key":"infinitespire:Beetle Shell"},{"floor":7.0,"key":"Oddly Smooth Stone"},{"floor":10.0,"key":"conspire:Flyswatter"},{"floor":12.0,"key":"StuffTheSpire:Mouthbags"},{"floor":20.0,"key":"MutagenicStrength"},{"floor":24.0,"key":"StuffTheSpire:Nightcore"},{"floor":46,"key":"StuffTheSpire:GreaterSneckoEye"},{"floor":48,"key":"Replay:Baseball"}],"event_choices":[{"damage_healed":0.0,"max_hp_gain":0.0,"max_hp_loss":0.0,"gold_gain":0.0,"event_name":"betterThird:BetterWriting","player_choice":"Insight","floor":21.0,"gold_loss":0.0,"damage_taken":0.0,"cards_obtained":["Insight"]}],"is_beta":false,"boss_relics":[{"not_picked":["Coffee Dripper","hubris:GrandSneckoEye"],"picked":"hubris:Backtick"},{"not_picked":["hubris:BlackHole","Replay:Wanted Poster"],"picked":"Runic Pyramid"}],"items_purged_floors":[6,22,38,38],"is_endless":false,"potions_floor_spawned":[2,8,9,12,13,23,26,29,32,39,43,49],"ascension_level":0}}