{"host":"joxnbq9hujdt0xua","time":1609452061,"event":{"mods":["Act Like it!","BaseMod","Colored Powertips","Downfall","Hallownest","Hermit","Minty Spire (QoL Compilation)","Quick Restart","Relic Stats","Replay The Spire","StSLib"],"gold_per_floor":[112,112,131,145,155,155,187,29,29,43,60,60,79,44,44,144,144,129,148,198,218,218,218],"floor_reached":22,"playtime":896,"items_purged":[],"score":190,"play_id":"47246a6c-a60b-4117-851a-3d7209303116","local_time":"20210101060101","is_ascension_mode":false,"campfire_choices":[{"data":"White Noise","floor":6,"key":"SMITH"},{"data":"Storm","floor":15,"key":"SMITH"}],"circlet_count":0,"master_deck":["Strike_B","Strike_B","Strike_B","Strike_B","Defend_B","Defend_B","Defend_B","Defend_B","Zap","Dualcast","Conserve Battery","Streamline","Coolheaded","White Noise+1","Buffer","BasicCrystalCard","ReplayTheSpireMod:Calculation Training","Double Energy","Parasite","Gash","Storm+1","Echo Form","Tempest","Hello World","Gash","Aggregate","Ball Lightning+1","Skim"],"relics":["Cracked Core","Du-Vu Doll","Replay:Towering Pillar of Hats","Prayer Wheel","Nuclear Battery"],"acts_visited":["Exordium","TheCity"],"potions_floor_usage":[22,22],"damage_taken":[{"damage":1,"enemies":"2 Louse","floor":1,"turns":2},{"damage":0,"enemies":"Cultist","floor":3,"turns":3},{"damage":1,"enemies":"Jaw Worm","floor":4,"turns":3},{"damage":1,"enemies":"3 Louse","floor":5,"turns":4},{"damage":23,"enemies":"3 Sentries","floor":7,"turns":10},{"damage":6,"enemies":"Red Slaver","floor":10,"turns":4},{"damage":32,"enemies":"Exordium Thugs","floor":11,"turns":5},{"damage":2,"enemies":"Blue Slaver","floor":13,"turns":5},{"damage":45,"enemies":"The Guardian","floor":16,"turns":11},{"damage":30,"enemies":"2 Thieves","floor":18,"turns":4},{"damage":22,"enemies":"Spheric Guardian","floor":19,"turns":4},{"damage":21,"enemies":"Centurion and Healer","floor":21,"turns":5},{"damage":11,"enemies":"Snake Plant","floor":22,"turns":2}],"seed_played":"356136346634992288","potions_obtained":[{"floor":1,"key":"SkillPotion"},{"floor":10,"key":"EntropicBrew"},{"floor":11,"key":"Dexterity Potion"}],"is_trial":false,"path_per_floor":["M","?","M","M","M","R","E","$","T","M","M","?","M","?","R","B",null,"M","M","?","M","M"],"character_chosen":"DEFECT","items_purchased":["ReplayTheSpireMod:Fabricate Wheel"],"campfire_rested":0,"item_purchase_floors":[8],"current_hp_per_floor":[81,81,81,80,79,79,56,56,56,50,18,38,36,56,56,11,82,52,30,30,9,0,0],"gold":218,"neow_bonus":"TEN_PERCENT_HP_BONUS","is_daily":false,"chose_seed":false,"campfire_upgraded":2,"win_rate":0.0,"timestamp":1609452061,"path_taken":["M","?","M","M","?","R","E","$","T","M","M","?","M","?","R","BOSS","M","M","?","M","?"],"items_purchased_type":["Card"],"build_version":"2020-12-22","purchased_purges":0,"victory":false,"max_hp_per_floor":[82,82,82,82,82,82,82,82,82,82,82,82,82,82,82,82,82,82,82,82,82,82,82],"relic_stats":{"counters":[13,62],"Prayer Wheel":6,"obtain_stats":[{"Du-Vu Doll":7,"Replay:Towering Pillar of Hats":9,"Prayer Wheel":10,"Cracked Core":0,"Nuclear Battery":17},{"Du-Vu Doll":5,"Replay:Towering Pillar of Hats":5,"Prayer Wheel":6,"Cracked Core":0,"Nuclear Battery":9},{"Du-Vu Doll":22,"Replay:Towering Pillar of Hats":22,"Prayer Wheel":24,"Cracked Core":0,"Nuclear Battery":47}]},"card_choices":[{"not_picked":["Self Repair","ReplaySolidLightProjector"],"picked":"Conserve Battery","floor":1},{"not_picked":["Cold Snap","Barrage"],"picked":"Streamline","floor":3},{"not_picked":["Barrage","Steam"],"picked":"Coolheaded","floor":4},{"not_picked":["Conserve Battery","Sweeping Beam"],"picked":"White Noise","floor":5},{"not_picked":["Sunder","Hologram"],"picked":"Buffer","floor":7},{"not_picked":["Cold Snap","BootSequence"],"picked":"BasicCrystalCard","floor":10},{"not_picked":["Steam","Sweeping Beam"],"picked":"ReplayTheSpireMod:Calculation Training","floor":10},{"not_picked":["ReplaySolidLightProjector","Beam Cell"],"picked":"Double Energy","floor":11},{"not_picked":["Cold Snap","Stack","Go for the Eyes"],"picked":"SKIP","floor":11},{"not_picked":["Genetic Algorithm","Steam"],"picked":"Gash","floor":13},{"not_picked":["Turbo","ReplaySolidLightProjector"],"picked":"Storm","floor":13},{"not_picked":["ReplayTheSpireMod:Fabricate Wheel","Meteor Strike"],"picked":"Echo Form","floor":16},{"not_picked":["Sweeping Beam","Reinforced Body"],"picked":"Tempest","floor":18},{"not_picked":["Reinforced Body","BootSequence"],"picked":"Hello World","floor":18},{"not_picked":["Compile Driver","Leap"],"picked":"Gash","floor":19},{"not_picked":["Conserve Battery","Rebound"],"picked":"Aggregate","floor":19},{"not_picked":["Go for the Eyes","Barrage"],"picked":"Ball Lightning+1","floor":21},{"not_picked":["Steam Power+1","Panic Button"],"picked":"Skim","floor":21}],"player_experience":85692,"relics_obtained":[{"floor":7,"key":"Du-Vu Doll"},{"floor":9,"key":"Replay:Towering Pillar of Hats"}],"event_choices":[{"damage_healed":0,"gold_gain":0,"player_choice":"Ignored","damage_taken":0,"max_hp_gain":0,"max_hp_loss":0,"event_name":"NoteForYourself","floor":2,"gold_loss":0},{"damage_healed":20,"gold_gain":0,"player_choice":"Healed and dodged fight","damage_taken":0,"max_hp_gain":0,"max_hp_loss":0,"event_name":"Mushrooms","floor":12,"gold_loss":0,"cards_obtained":["Parasite"]},{"damage_healed":20,"gold_gain":0,"player_choice":"Healed","damage_taken":0,"max_hp_gain":0,"max_hp_loss":0,"event_name":"The Cleric","floor":14,"gold_loss":35},{"damage_healed":0,"gold_gain":100,"player_choice":"Bet on Murderer","damage_taken":0,"max_hp_gain":0,"max_hp_loss":0,"event_name":"The Joust","floor":20,"gold_loss":50}],"is_beta":false,"boss_relics":[{"not_picked":["Runic Dome","Replay:Drink Me"],"picked":"Nuclear Battery"}],"items_purged_floors":[],"is_endless":false,"potions_floor_spawned":[1,10,11,19,21],"killed_by":"Snake Plant","ascension_level":0}}