{"host":"ff0k6g9g9j8o52vm","time":1609376874,"event":{"mods":["AchievementEnabler","Aspiration","Astrologer","BaseMod","Beaked The Cultist","Better Altar","Better Note","Better Sensory Stone","Better Skull","Better Third Choice","Colored Map","Colored Powertips","Curses Come First","Downfall","Energized Spire","GifTheSpireLib","Gremlin Mod","Hermit","Highlight Path","Hubris","Infinite Spire","Jorbs\u0027s Wanderer Trilogy","Koishi","Marisa????????","Minty Spire (QoL Compilation)","Quick Restart","Random Character Button","Replay The Spire","Robot Space Explorer","Shade Mod","Somnambulant","StSLib","The Bug Knight","The Clintock","The Construct","The Cursed","The Disciple","The Dragon Tamer","The Forsaken","The Gatherer","The Hayseed","The Hierophant","The Judge","The Jungle","The Marked","The Mystic","The Necromancer","The Poker Player","The Runesmith","The Sage","The Saiyan","The Senshi","The Servant 0.9.4","The Wild Card","TheArtist","Wandering Minibosses","Yuri Mod","vexMod"],"gold_per_floor":[109,125,184,164,177,209,44,44,71,82,82,110,110,120,120,224,224,236,246,246,266,266,282,282,315,315,315,333,333,351,361,361,361,361],"floor_reached":33,"playtime":3081,"items_purged":["TheSimpletonMod:Strike_TheSimpleton"],"score":261,"play_id":"07a1c5a6-e277-4128-a2d9-95ccb3f5bcf6","local_time":"20201230170754","is_ascension_mode":false,"campfire_choices":[{"data":"TheSimpletonMod:Thresh","floor":8.0,"key":"SMITH"},{"data":"TheSimpletonMod:ReapAndSow","floor":11.0,"key":"SMITH"},{"floor":13.0,"key":"REST"},{"data":"TheSimpletonMod:Pruning","floor":15.0,"key":"SMITH"},{"data":"TheSimpletonMod:BuzzBomb","floor":24.0,"key":"SMITH"},{"data":"TheSimpletonMod:SlashAndBurn","floor":29,"key":"SMITH"},{"data":"TheSimpletonMod:ResearchGrant","floor":32,"key":"SMITH"}],"circlet_count":0,"master_deck":["TheSimpletonMod:Strike_TheSimpleton","TheSimpletonMod:Strike_TheSimpleton","TheSimpletonMod:Strike_TheSimpleton","TheSimpletonMod:Defend_TheSimpleton","TheSimpletonMod:Defend_TheSimpleton","TheSimpletonMod:Defend_TheSimpleton","TheSimpletonMod:Defend_TheSimpleton","TheSimpletonMod:Haymaker","TheSimpletonMod:ReapAndSow+1","TheSimpletonMod:VineRipen","TheSimpletonMod:Pruning+1","TheSimpletonMod:Innovate","TheSimpletonMod:Thresh+1","TheSimpletonMod:RootDown","TheSimpletonMod:Corn","TheSimpletonMod:Pruning","TheSimpletonMod:SlashAndBurn+1","TheSimpletonMod:ResearchGrant+1","TheSimpletonMod:SpiceUp","TheSimpletonMod:Germinate+1","TheSimpletonMod:BuzzBomb+1","TheSimpletonMod:Fertilaser+1"],"relics":["TheSimpletonMod:SpudOfTheInnocent","TheSimpletonMod:NightSoil","TheSimpletonMod:TheHarvester","TheSimpletonMod:WoodChipper","Toy Ornithopter","Snack Pack","TheSimpletonMod:OnionBelt","hubris:BottledHeart","Red Mask","Strawberry","aspiration:RitualStick"],"acts_visited":["Exordium","TheCity"],"potions_floor_usage":[33,33,33],"damage_taken":[{"damage":8.0,"enemies":"Small Slimes","floor":1.0,"turns":3.0},{"damage":13.0,"enemies":"Cultist","floor":2.0,"turns":5.0},{"damage":1.0,"enemies":"2 Louse","floor":3.0,"turns":4.0},{"damage":12.0,"enemies":"Looter","floor":5.0,"turns":4.0},{"damage":2.0,"enemies":"Gremlin Nob","floor":6.0,"turns":3.0},{"damage":8.0,"enemies":"3 Louse","floor":10.0,"turns":3.0},{"damage":25.0,"enemies":"3 Sentries","floor":12.0,"turns":4.0},{"damage":7.0,"enemies":"Blue Slaver","floor":14.0,"turns":2.0},{"damage":42.0,"enemies":"Hexaghost","floor":16.0,"turns":7.0},{"damage":16.0,"enemies":"2 Thieves","floor":18.0,"turns":5.0},{"damage":8.0,"enemies":"Spheric Guardian","floor":19.0,"turns":4.0},{"damage":23.0,"enemies":"Snecko","floor":21.0,"turns":4.0},{"damage":0.0,"enemies":"Centurion and Healer","floor":23.0,"turns":7.0},{"damage":0.0,"enemies":"Masked Bandits","floor":25.0,"turns":5.0},{"damage":0,"enemies":"Snake Plant","floor":28,"turns":5},{"damage":0,"enemies":"Cultist and Chosen","floor":30,"turns":7},{"damage":0,"enemies":"Sentry and Sphere","floor":31,"turns":6},{"damage":2,"enemies":"Pondfish","floor":33,"turns":10}],"seed_played":"-7867912381526129142","potions_obtained":[{"floor":1.0,"key":"TheSimpletonMod:MoonshinePotion"},{"floor":3.0,"key":"champ:CounterPotion"},{"floor":4.0,"key":"Swift Potion"},{"floor":10.0,"key":"Fruit Juice"},{"floor":16.0,"key":"Fire Potion"},{"floor":19.0,"key":"Reflective Coating"},{"floor":23.0,"key":"TheSimpletonMod:MoonshinePotion"},{"floor":30,"key":"SteroidPotion"}],"is_trial":false,"path_per_floor":["M","M","M","?","M","E","$","R","T","M","R","E","R","M","R","B",null,"M","M","?","M","?","M","R","?","T","?","M","R","M","M","R","B"],"character_chosen":"THE_SIMPLETON","items_purchased":["TheSimpletonMod:Corn","TheSimpletonMod:Pruning"],"campfire_rested":1,"item_purchase_floors":[7,7],"current_hp_per_floor":[74,65,68,68,56,58,58,58,58,59,59,38,64,63,63,45,87,77,75,75,62,1,1,1,1,1,1,1,1,1,1,1,0,0],"gold":361,"neow_bonus":"TEN_PERCENT_HP_BONUS","is_daily":false,"chose_seed":false,"campfire_upgraded":6,"win_rate":0.0,"timestamp":1609376874,"path_taken":["M","M","M","?","M","E","$","R","T","M","R","E","R","M","R","BOSS","M","?","?","M","?","M","R","?","T","?","M","R","M","M","R","BOSS"],"items_purchased_type":["Card","Card"],"build_version":"2020-12-22","purchased_purges":1,"victory":false,"max_hp_per_floor":[82,82,82,82,82,82,82,82,82,87,87,87,87,87,87,87,87,87,87,87,87,1,1,1,1,1,1,1,1,1,1,1,1,1],"card_choices":[{"not_picked":["TheSimpletonMod:PestManagement","TheSimpletonMod:BumperCrop"],"picked":"TheSimpletonMod:VineRipen","floor":1.0},{"not_picked":["TheSimpletonMod:Ferment","TheSimpletonMod:Sunchoke"],"picked":"TheSimpletonMod:Pruning","floor":2.0},{"not_picked":["TheSimpletonMod:Sunseed","TheSimpletonMod:Rake"],"picked":"TheSimpletonMod:Innovate","floor":3.0},{"not_picked":["TheSimpletonMod:CropRotation","TheSimpletonMod:Sunseed"],"picked":"TheSimpletonMod:Thresh","floor":5.0},{"not_picked":["TheSimpletonMod:Thresh","TheSimpletonMod:Mulch"],"picked":"TheSimpletonMod:RootDown","floor":6.0},{"not_picked":["TheSimpletonMod:SaladShooter","TheSimpletonMod:CloseScrape","TheSimpletonMod:Thresh"],"picked":"SKIP","floor":10.0},{"not_picked":["TheSimpletonMod:ControlledBurn","TheSimpletonMod:SaladShooter","TheSimpletonMod:Pruning"],"picked":"SKIP","floor":12.0},{"not_picked":["TheSimpletonMod:DoubleBarrel","TheSimpletonMod:Pruning"],"picked":"TheSimpletonMod:SlashAndBurn","floor":14.0},{"not_picked":["TheSimpletonMod:DesperatePlunge","TheSimpletonMod:ResistantStrain"],"picked":"TheSimpletonMod:ResearchGrant","floor":16.0},{"not_picked":["TheSimpletonMod:DoubleBarrel","TheSimpletonMod:CloseScrape","TheSimpletonMod:SeedCoat+1"],"picked":"SKIP","floor":18.0},{"not_picked":["TheSimpletonMod:Swelter","TheSimpletonMod:RootDown"],"picked":"TheSimpletonMod:SpiceUp","floor":19.0},{"not_picked":["TheSimpletonMod:Corn","TheSimpletonMod:CloseScrape"],"picked":"TheSimpletonMod:Germinate+1","floor":21.0},{"not_picked":["TheSimpletonMod:SlashAndBurn","TheSimpletonMod:SaladShooter"],"picked":"TheSimpletonMod:BuzzBomb","floor":23.0},{"not_picked":["TheSimpletonMod:VineRipen","TheSimpletonMod:CullingStrike+1","TheSimpletonMod:Potatoes"],"picked":"SKIP","floor":28},{"not_picked":["TheSimpletonMod:Potatoes","TheSimpletonMod:Thresh+1"],"picked":"TheSimpletonMod:Fertilaser+1","floor":30},{"not_picked":["TheSimpletonMod:SlashAndBurn+1","TheSimpletonMod:StockTheCellar","TheSimpletonMod:SpiceUp"],"picked":"SKIP","floor":31}],"player_experience":914752,"relics_obtained":[{"floor":6.0,"key":"TheSimpletonMod:WoodChipper"},{"floor":9.0,"key":"Toy Ornithopter"},{"floor":12.0,"key":"Snack Pack"},{"floor":25.0,"key":"Red Mask"},{"floor":26.0,"key":"Strawberry"}],"event_choices":[{"damage_healed":0.0,"max_hp_gain":0.0,"max_hp_loss":0.0,"gold_gain":0.0,"event_name":"The Woman in Blue","player_choice":"Bought 1 Potion","floor":4.0,"gold_loss":0.0,"damage_taken":0.0},{"cards_removed":["TheSimpletonMod:Strike_TheSimpleton"],"damage_healed":0.0,"max_hp_gain":0.0,"max_hp_loss":0.0,"gold_gain":0.0,"event_name":"betterNote:BetterNote","player_choice":"Give","floor":20.0,"gold_loss":0.0,"damage_taken":0.0,"cards_obtained":["Doubt"]},{"damage_healed":0.0,"max_hp_gain":0.0,"max_hp_loss":0.0,"gold_gain":0.0,"event_name":"Masked Bandits","player_choice":"Fought Bandits","floor":25.0,"gold_loss":0.0,"damage_taken":0.0}],"is_beta":false,"boss_relics":[{"not_picked":["vexMod:DeviousBotling","Replay:Ancient Bell"],"picked":"TheSimpletonMod:OnionBelt"}],"items_purged_floors":[7],"is_endless":false,"potions_floor_spawned":[1,3,10,16,19,23,30,31],"killed_by":"Pondfish","ascension_level":0}}