{"host":"tuvyjqp461ike1dm","time":1609393449,"event":{"mods":["BaseMod","Downfall","Duelist Mod","Minty Spire (QoL Compilation)","Replay The Spire","StSLib","Wandering Minibosses"],"gold_per_floor":[99,99,99,99,374,106,406,209,234,409,429,439,439,472,484,585,685,685,698,712,726,776,788,800,827,851,881,914,945,957,969,998,1108,1120,1132,1160,1192,1204,1232,1244,1256,1278,553,565,610,610,610,610,610,610],"floor_reached":51,"playtime":6842,"items_purged":["Regret","hexamod:Strike","theDuelist:GravekeeperCurse"],"score":858,"play_id":"319fb38c-2d2c-44ae-bfd4-7c6cb6be9dbc","local_time":"20201231004409","is_ascension_mode":false,"campfire_choices":[{"data":"hexamod:Float","floor":1,"key":"SMITH"},{"data":"hexamod:CatchUp","floor":13,"key":"SMITH"},{"data":"Doubt","floor":18,"key":"PURGE"},{"data":"hexamod:SoulSteal","floor":30,"key":"SMITH"},{"floor":35,"key":"RECALL"},{"floor":46,"key":"REST"}],"circlet_count":0,"master_deck":["hexamod:Strike+1","hexamod:Strike+1","hexamod:Strike+1","hexamod:Defend+1","hexamod:Defend+1","hexamod:Defend+1","hexamod:Defend+1","hexamod:Sear","hexamod:Float+1","hexamod:HauntingEcho+1","hexamod:CatchUp+1","hexamod:CatchUp","hexamod:HauntingEcho+1","hexamod:HexaLevel","hexamod:ChargedBarrage","hexamod:ThirdSeal","hexamod:HeatShield","hexamod:GhostflameBarrier+1","hexamod:ShieldOfDarkness+1","hexamod:FastForward+1","hexamod:SoulSteal+1","hexamod:SearingWound","hexamod:CatchUp","hexamod:ExtraCrispy","hexamod:TimeOfNeed","CommonCold","Hallucinations","hexamod:Rewind+1","hexamod:EmpoweredFlame","theDuelist:GravekeeperCurse","hexamod:VolcanoVisage","hexamod:GhostflameBarrier+1","expansioncontent:GuardianWhirl","expansioncontent:DefensiveMode","Replay:SS_hec_2","Shame","Replay:SS_hec_2","hexamod:FastForward","Parasite"],"relics":["hexamod:SpiritBrand","downfall:HeartsMalice","Old Coin","Pen Nib","PreservedInsect","Replay:Wanted Poster","Ring of Greed","MawBank","Replay:Wax Seal","ReplayTheSpireMod:Ring of Challenge","Kunai","hexamod:TheBrokenSeal","Busted Crown","Lee\u0027s Waffle","Mango","Lantern","Replay:Accelerometer"],"acts_visited":["Exordium","TheCity","TheBeyond"],"potions_floor_usage":[16,21,28,36,44,44,50,50],"damage_taken":[{"damage":0,"enemies":"2 Louse","floor":2,"turns":1},{"damage":0,"enemies":"Cultist","floor":3,"turns":1},{"damage":0,"enemies":"Jaw Worm","floor":4,"turns":1},{"damage":6,"enemies":"downfall:FleeingMerchant","floor":6,"turns":4},{"damage":4,"enemies":"downfall:FleeingMerchant","floor":8,"turns":4},{"damage":1,"enemies":"Blue Slaver","floor":11,"turns":3},{"damage":4,"enemies":"Exordium Thugs","floor":12,"turns":6},{"damage":2,"enemies":"Lagavulin","floor":14,"turns":7},{"damage":10,"enemies":"Exordium Wildlife","floor":15,"turns":3},{"damage":10,"enemies":"downfall:Silent","floor":16,"turns":11},{"damage":0,"enemies":"Spheric Guardian","floor":19,"turns":3},{"damage":27,"enemies":"Sentry and Sphere","floor":20,"turns":6},{"damage":15,"enemies":"Centurion and Healer","floor":21,"turns":8},{"damage":24,"enemies":"Cultist and Chosen","floor":25,"turns":6},{"damage":9,"enemies":"Chosen and Byrds","floor":26,"turns":4},{"damage":17,"enemies":"Sentry and Sphere","floor":27,"turns":7},{"damage":19,"enemies":"Shelled Parasite and Fungi","floor":28,"turns":9},{"damage":3,"enemies":"Snake Plant","floor":29,"turns":4},{"damage":9,"enemies":"Cultist and Chosen","floor":32,"turns":6},{"damage":17,"enemies":"downfall:Watcher","floor":33,"turns":6},{"damage":5,"enemies":"3 Darklings","floor":36,"turns":4},{"damage":11,"enemies":"Orb Walker","floor":37,"turns":3},{"damage":0,"enemies":"4 Shapes","floor":39,"turns":3},{"damage":0,"enemies":"Transient","floor":42,"turns":5},{"damage":0,"enemies":"downfall:FleeingMerchant","floor":43,"turns":4},{"damage":3,"enemies":"3 Darklings","floor":44,"turns":3},{"damage":97,"enemies":"Reptomancer","floor":45,"turns":7},{"damage":21,"enemies":"Spire Growth","floor":48,"turns":8},{"damage":0,"enemies":"Writhing Mass","floor":49,"turns":6},{"damage":1,"enemies":"downfall:Ironclad","floor":50,"turns":10}],"seed_played":"-8329145579834963585","potions_obtained":[{"floor":11,"key":"Cursed Concoction"},{"floor":12,"key":"AttackPotion"},{"floor":15,"key":"Dexterity Potion"},{"floor":21,"key":"SkillPotion"},{"floor":27,"key":"Fire Potion"},{"floor":28,"key":"Doom Potion"},{"floor":29,"key":"Block Potion"},{"floor":39,"key":"Fire Potion"},{"floor":44,"key":"FearPotion"},{"floor":48,"key":"PowerPotion"}],"is_trial":false,"path_per_floor":["R","M","M","M","?","$","T","$","T","?","M","M","R","E","M","B",null,"R","M","M","M","?","?","T","M","M","M","M","M","R","?","M","B",null,"R","M","M","?","M","?","T","M","$","M","E","R","?","M","M","B",null],"character_chosen":"THE_SPIRIT","items_purchased":["hexamod:HexaLevel","hexamod:ChargedBarrage","hexamod:ThirdSeal","Lee\u0027s Waffle","Mango","Lantern"],"campfire_rested":1,"item_purchase_floors":[6,6,8,43,43,43],"current_hp_per_floor":[70,70,70,70,70,64,64,60,60,60,59,55,55,53,43,33,70,70,70,43,35,35,80,80,56,47,37,90,87,87,87,78,61,90,90,85,74,74,74,64,64,64,111,108,11,44,44,23,23,22],"gold":610,"neow_bonus":"THREE_ENEMY_KILL","is_daily":false,"chose_seed":false,"campfire_upgraded":3,"win_rate":0.0,"timestamp":1609393449,"path_taken":["R","M","M","M","?","$","T","?","?","?","M","M","R","E","M","BOSS","R","M","M","M","?","?","T","M","M","?","M","M","R","?","M","BOSS","R","M","M","?","M","?","T","?","$","M","E","R","?","M","M","BOSS"],"items_purchased_type":["Card","Card","Card","Relic","Relic","Relic"],"build_version":"2020-12-22","purchased_purges":3,"victory":true,"max_hp_per_floor":[70,70,70,70,70,70,70,70,70,70,70,70,70,70,70,70,70,70,70,70,70,70,80,80,80,80,80,90,90,90,90,90,90,90,90,90,90,90,90,90,90,90,111,111,111,111,111,111,111,111],"card_choices":[{"not_picked":["hexamod:BurningTouch","hexamod:HeatMetal"],"picked":"hexamod:HauntingEcho","floor":2},{"not_picked":["hexamod:SpectersWail","hexamod:Firestarter"],"picked":"hexamod:CatchUp","floor":3},{"not_picked":["hexamod:ThermalTransfer","hexamod:NecessarySacrifice"],"picked":"hexamod:CatchUp","floor":4},{"not_picked":["hexamod:NecessarySacrifice","hexamod:GhostLash"],"picked":"hexamod:HauntingEcho","floor":6},{"not_picked":["hexamod:FastForward","hexamod:RetreatToShadows"],"picked":"hexamod:ThirdSeal","floor":8},{"not_picked":["hexamod:SpectersWail","hexamod:Firestarter"],"picked":"hexamod:HeatShield","floor":11},{"not_picked":["hexamod:DynamicBlow","hexamod:NecessarySacrifice"],"picked":"hexamod:SixthSeal","floor":11},{"not_picked":["hexamod:Firestarter","hexamod:BurningTouch"],"picked":"hexamod:GhostflameBarrier","floor":12},{"not_picked":["hexamod:NightmareGuise","hexamod:BacktrackSmack"],"picked":"hexamod:ShieldOfDarkness","floor":12},{"not_picked":["hexamod:ShieldOfDarkness","hexamod:HauntingEcho"],"picked":"hexamod:FastForward","floor":12},{"not_picked":["hexamod:Rewind","hexamod:Haunt"],"picked":"hexamod:HexaLevel","floor":14},{"not_picked":["hexamod:BacktrackSmack","hexamod:InspiringFlames"],"picked":"hexamod:SoulSteal","floor":14},{"not_picked":["hexamod:GhostShield","hexamod:GhostLash","hexamod:PhantomCloak"],"picked":"SKIP","floor":14},{"not_picked":["hexamod:ShieldOfDarkness","hexamod:RainOfEmbers","hexamod:HeatCrush"],"picked":"SKIP","floor":15},{"not_picked":["hexamod:HeatMetal","hexamod:Again","hexamod:Hexaguard"],"picked":"SKIP","floor":15},{"not_picked":["hexamod:Hexaguard","hexamod:NightmareStrike","hexamod:NightmareGuise"],"picked":"SKIP","floor":15},{"not_picked":["hexamod:SixthSeal","hexamod:EmpoweringStance"],"picked":"hexamod:SearingWound","floor":16},{"not_picked":["hexamod:UnleashSpirits","hexamod:EmpoweringStance"],"picked":"hexamod:FifthSeal","floor":16},{"not_picked":["hexamod:SixthSeal","hexamod:ThirdSeal"],"picked":"hexamod:FirstSeal","floor":19},{"not_picked":["hexamod:GhostOfSpirePresent+1","hexamod:SpectralAdrenaline"],"picked":"hexamod:CatchUp","floor":19},{"not_picked":["hexamod:BacktrackSmack","hexamod:HeatMetal+1","hexamod:EmpoweredFlame"],"picked":"SKIP","floor":20},{"not_picked":["hexamod:NightmareStrike","hexamod:Rewind","hexamod:SpectersWail"],"picked":"SKIP","floor":20},{"not_picked":["hexamod:Firestarter","hexamod:HauntingEcho"],"picked":"hexamod:ExtraCrispy","floor":21},{"not_picked":["hexamod:EtherealExpedition","hexamod:NightmareGuise+1"],"picked":"hexamod:TimeOfNeed","floor":21},{"not_picked":["hexamod:Incineration","hexamod:HauntingEcho+1","hexamod:RainOfEmbers"],"picked":"SKIP","floor":21},{"not_picked":["hexamod:SecondSeal","hexamod:SixthSeal"],"picked":"hexamod:FourthSeal","floor":25},{"not_picked":["hexamod:Incineration","hexamod:HeatShield","hexamod:ThermalTransfer"],"picked":"SKIP","floor":25},{"not_picked":["hexamod:NightmareGuise+1","hexamod:BurningTouch","hexamod:AdvancingGuard"],"picked":"SKIP","floor":25},{"not_picked":["hexamod:SwordOfDarkness","hexamod:NightmareGuise","hexamod:RainOfEmbers"],"picked":"SKIP","floor":25},{"not_picked":["hexamod:InspiringFlames","hexamod:BurningTouch","hexamod:GhostOfSpirePresent"],"picked":"SKIP","floor":26},{"not_picked":["hexamod:SkipABeat","hexamod:GhostOfSpirePast"],"picked":"hexamod:Rewind+1","floor":27},{"not_picked":["hexamod:ThirdSeal","hexamod:FirstSeal"],"picked":"hexamod:SecondSeal","floor":27},{"not_picked":["hexamod:BacktrackSmack","hexamod:NightmareGuise","hexamod:NightmareStrike"],"picked":"SKIP","floor":27},{"not_picked":["hexamod:BacktrackSmack","hexamod:SecondSeal","hexamod:Haunt+1"],"picked":"SKIP","floor":28},{"not_picked":["hexamod:SpectersWail","hexamod:CrushingStance","hexamod:ShieldOfDarkness"],"picked":"SKIP","floor":29},{"not_picked":["hexamod:NightmareStrike","hexamod:Rewind+1","hexamod:Hexaguard+1"],"picked":"SKIP","floor":29},{"not_picked":["hexamod:AdvancingGuard+1","hexamod:RainOfEmbers"],"picked":"hexamod:EmpoweredFlame","floor":32},{"not_picked":["hexamod:SecondSeal","hexamod:GhostflameBarrier","hexamod:ShieldOfDarkness"],"picked":"SKIP","floor":32},{"not_picked":["hexamod:UnleashSpirits","hexamod:WildfireWeapon"],"picked":"hexamod:VolcanoVisage","floor":33},{"not_picked":["hexamod:ThermalTransfer"],"picked":"SKIP","floor":36},{"not_picked":[],"picked":"hexamod:GhostflameBarrier+1","floor":37},{"not_picked":["hexamod:CrushingStance"],"picked":"SKIP","floor":39},{"not_picked":[],"picked":"expansioncontent:GuardianWhirl","floor":40},{"not_picked":[],"picked":"expansioncontent:DefensiveMode","floor":40},{"not_picked":[],"picked":"Replay:SS_hec_2","floor":40},{"not_picked":["hexamod:GhostLash+1"],"picked":"SKIP","floor":42},{"not_picked":["hexamod:HeatMetal+1"],"picked":"SKIP","floor":43},{"not_picked":["hexamod:Hexaguard+1"],"picked":"SKIP","floor":44},{"not_picked":["hexamod:Rewind+1"],"picked":"SKIP","floor":45},{"not_picked":["hexamod:EtherealExpedition"],"picked":"SKIP","floor":45},{"not_picked":[],"picked":"hexamod:FastForward","floor":48},{"not_picked":["hexamod:GhostShield"],"picked":"SKIP","floor":48},{"not_picked":["hexamod:RadiantFlame+1"],"picked":"SKIP","floor":49},{"not_picked":["hexamod:NightmareGuise+1"],"picked":"SKIP","floor":49}],"player_experience":20129,"relics_obtained":[{"floor":7,"key":"Old Coin"},{"floor":9,"key":"Pen Nib"},{"floor":14,"key":"PreservedInsect"},{"floor":22,"key":"Ring of Greed"},{"floor":22,"key":"MawBank"},{"floor":22,"key":"Replay:Wax Seal"},{"floor":22,"key":"ReplayTheSpireMod:Ring of Challenge"},{"floor":24,"key":"Kunai"},{"floor":45,"key":"Replay:Accelerometer"}],"event_choices":[{"cards_removed":["hexamod:HexaLevel"],"damage_healed":35,"gold_gain":0,"player_choice":"Offered Rare","damage_taken":0,"max_hp_gain":10,"max_hp_loss":0,"event_name":"Bonfire Elementals","floor":23,"gold_loss":0},{"damage_healed":0,"gold_gain":0,"player_choice":"Simplicity","damage_taken":0,"max_hp_gain":0,"max_hp_loss":0,"event_name":"Back to Basics","floor":31,"gold_loss":0,"cards_upgraded":["hexamod:Strike","hexamod:Strike","hexamod:Defend","hexamod:Defend"]},{"damage_healed":0,"gold_gain":0,"player_choice":"Copied","damage_taken":0,"max_hp_gain":0,"max_hp_loss":0,"event_name":"Duplicator","floor":47,"gold_loss":0,"cards_obtained":["Replay:SS_hec_2"]}],"is_beta":false,"boss_relics":[{"not_picked":["Tiny House","Replay:Ancient Bell"],"picked":"Replay:Wanted Poster"},{"not_picked":["Replay:Grab Bag","Runic Dome"],"picked":"Busted Crown"}],"items_purged_floors":[6,8,43],"is_endless":false,"potions_floor_spawned":[11,12,15,21,28,29,32,39,44,48],"ascension_level":0}}