{"host":"yvb207ks1sg3cxef","time":1609437030,"event":{"mods":["2.2 Compatiblity","BaseMod","Bestiary","Colored Powertips","Minty Spire (QoL Compilation)","Permanent Neow","Quick Restart","Relic Stats","StSLib"],"gold_per_floor":[117,117,26,37,51,79,79,110,110,136,61,61,72,37,37,37,37],"floor_reached":16,"playtime":542,"items_purged":["Strike_G"],"score":224,"play_id":"aefa7e1a-157b-4390-999d-17e3ddaf9dd2","local_time":"20201231232030","is_ascension_mode":true,"campfire_choices":[{"data":"Neutralize","floor":7.0,"key":"SMITH"},{"floor":12.0,"key":"REST"},{"data":"Calculated Gamble","floor":15.0,"key":"SMITH"}],"circlet_count":0,"master_deck":["AscendersBane","Strike_G","Strike_G","Strike_G","Strike_G","Defend_G","Defend_G","Defend_G","Defend_G","Defend_G","Survivor","Neutralize+1","Backstab","Masterful Stab","Dagger Throw","PiercingWail","Backstab","Backstab","Backflip","Calculated Gamble+1"],"relics":["SlaversCollar","Vajra","Calipers","Pantograph","Boot"],"acts_visited":["Exordium"],"potions_floor_usage":[16],"damage_taken":[{"damage":3.0,"enemies":"2 Louse","floor":1.0,"turns":4.0},{"damage":0.0,"enemies":"Cultist","floor":4.0,"turns":3.0},{"damage":0.0,"enemies":"Small Slimes","floor":5.0,"turns":3.0},{"damage":13.0,"enemies":"Lagavulin","floor":6.0,"turns":7.0},{"damage":22.0,"enemies":"Gremlin Nob","floor":8.0,"turns":4.0},{"damage":19.0,"enemies":"Lagavulin","floor":10.0,"turns":6.0},{"damage":8.0,"enemies":"Blue Slaver","floor":13.0,"turns":2.0},{"damage":56,"enemies":"Slime Boss","floor":16,"turns":8}],"seed_played":"-769959302061996055","potions_obtained":[{"floor":4.0,"key":"DistilledChaos"},{"floor":5.0,"key":"GamblersBrew"},{"floor":13.0,"key":"Swift Potion"}],"is_trial":false,"path_per_floor":["M","?","$","M","M","E","R","E","T","E","$","R","M","?","R","B"],"character_chosen":"THE_SILENT","items_purchased":["Masterful Stab","Dagger Throw"],"campfire_rested":1,"item_purchase_floors":[3,3],"current_hp_per_floor":[56,56,56,56,56,43,43,21,21,2,2,21,13,29,29,0,0],"gold":37,"neow_bonus":"BOSS_RELIC","is_daily":false,"chose_seed":false,"campfire_upgraded":2,"win_rate":0.0,"timestamp":1609437030,"path_taken":["M","?","$","M","?","E","R","E","T","E","?","R","M","?","R","BOSS"],"items_purchased_type":["Card","Card"],"build_version":"2020-12-22","purchased_purges":1,"victory":false,"max_hp_per_floor":[66,66,66,66,66,66,66,66,66,66,66,66,66,66,66,66,66],"relic_stats":{"counters":[8,37],"Pantograph":25,"Boot":[2],"obtain_stats":[{"SlaversCollar":0,"Calipers":8,"Pantograph":9,"Vajra":6,"Boot":10,"Ring of the Snake":0},{"SlaversCollar":0,"Calipers":5,"Pantograph":5,"Vajra":4,"Boot":6,"Ring of the Snake":0},{"SlaversCollar":0,"Calipers":21,"Pantograph":21,"Vajra":17,"Boot":27,"Ring of the Snake":0}]},"card_choices":[{"not_picked":["Flying Knee","Finisher"],"picked":"Backstab","floor":1.0},{"not_picked":["Bane","Dodge and Roll"],"picked":"PiercingWail","floor":4.0},{"not_picked":["Poisoned Stab","Bane","Sucker Punch"],"picked":"SKIP","floor":5.0},{"not_picked":["All Out Attack","Underhanded Strike"],"picked":"Backstab","floor":6.0},{"not_picked":["Endless Agony","Bane"],"picked":"Backstab","floor":8.0},{"not_picked":["Deadly Poison","Grand Finale"],"picked":"Backflip","floor":10.0},{"not_picked":["Dagger Throw","Riddle With Holes"],"picked":"Calculated Gamble","floor":13.0}],"player_experience":254762,"relics_obtained":[{"floor":6.0,"key":"Vajra"},{"floor":8.0,"key":"Calipers"},{"floor":9.0,"key":"Pantograph"},{"floor":10.0,"key":"Boot"}],"event_choices":[{"damage_healed":0.0,"max_hp_gain":0.0,"max_hp_loss":0.0,"gold_gain":0.0,"event_name":"Match and Keep!","player_choice":"0 cards matched","floor":2.0,"gold_loss":0.0,"damage_taken":0.0,"cards_obtained":[]},{"damage_healed":16.0,"max_hp_gain":0.0,"max_hp_loss":0.0,"gold_gain":0.0,"event_name":"The Cleric","player_choice":"Healed","floor":14.0,"gold_loss":35.0,"damage_taken":0.0}],"is_beta":false,"boss_relics":[],"items_purged_floors":[11],"is_endless":false,"potions_floor_spawned":[4,5,13],"killed_by":"Slime Boss","ascension_level":18}}