{"host":"1rf9pknejqhzkc4o","time":1609375016,"event":{"mods":["Aspiration","BaseMod","Better Altar","Better Match","Better Note","Better Sensory Stone","Better Skull","Better Third Choice","Colored Map","Colored Powertips","Communication Mod","Conspire","Energized Spire","Hubris","Infinite Spire","Ironclad Rager","Minty Spire (QoL Compilation)","Quick Restart","RNG Fix","Rare Cards Sparkle","Relic Stats","Replay The Spire","Retaliation","Spicy Shops","StSLib","The Blue Laboratory","Trackpad"],"gold_per_floor":[113,42,142,161,15,15,34,34,34,34,54,75,111,126,126,221,221,300,313,313,327,422,422,422,422,446,446,461,473,491,502,502,602,602,711,711,711,711,811,811,838,838,861,876,932,943,112,112,112,112],"floor_reached":51,"playtime":1509,"items_purged":[],"score":694,"play_id":"7fd55b7f-ff70-4275-9cd9-8ed6ecd6763c","local_time":"20201231033656","is_ascension_mode":false,"campfire_choices":[{"data":"Dualcast","floor":6,"key":"SMITH"},{"data":"Redo","floor":8,"key":"SMITH"},{"floor":15,"key":"REST"},{"data":"infinitespire:Collect","floor":23,"key":"SMITH"},{"data":"All For One","floor":25,"key":"SMITH"},{"floor":32,"key":"REST"},{"data":"Double Energy","floor":40,"key":"SMITH"},{"floor":42,"key":"REST"},{"data":"ReplayTheSpireMod:Omega Cannon","floor":49,"key":"SMITH"}],"circlet_count":0,"master_deck":["Strike_B","Strike_B","Strike_B","Strike_B","Defend_B","Defend_B","Defend_B","Defend_B","Zap","Dualcast+1","Redo+1","Crystallizer+1","Static Discharge+1","Electrodynamics+1","BootSequence","All For One+1","Ball Lightning+1","Conserve Battery","infinitespire:Collect+1","infinitespire:DeathsTouch","Doom and Gloom","Double Energy+1","Static Discharge+1","Aggregate","ReplayTheSpireMod:Omega Cannon+1","Undo+1","Turbo+1","Mirror Shield","Static Discharge+1","Doubt"],"relics":["Cracked Core","aspiration:Nostalgia","Sizzling Blood","Lee\u0027s Waffle","trackpad:Compendium","Frozen Egg 2","Odd Mushroom","trackpad:HandOfMidas","SlaversCollar","infinitespire:Lychee Nut","conspire:SpecialSausage","aspiration:ChemicalBlood","conspire:RoyalGoblet","trackpad:RapidFire","Prayer Wheel","ReplayTheSpireMod:TigerMarble","infinitespire:Lucky Rock","Boot","Orichalcum","HandDrill","ClockworkSouvenir"],"acts_visited":["Exordium","TheCity","TheBeyond"],"potions_floor_usage":[16,30,31,33,41,41,41,41,50,50],"damage_taken":[{"damage":12,"enemies":"2 Louse","floor":1,"turns":2},{"damage":0,"enemies":"Cultist","floor":4,"turns":3},{"damage":7,"enemies":"Small Slimes","floor":7,"turns":2},{"damage":17,"enemies":"Exordium Thugs","floor":11,"turns":4},{"damage":29,"enemies":"The Mushroom Lair","floor":12,"turns":4},{"damage":20,"enemies":"conspire:MimicChest","floor":13,"turns":4},{"damage":14,"enemies":"Exordium Wildlife","floor":14,"turns":2},{"damage":11,"enemies":"Slime Boss","floor":16,"turns":5},{"damage":10,"enemies":"2 Thieves","floor":18,"turns":2},{"damage":6,"enemies":"3 Byrds","floor":19,"turns":3},{"damage":21,"enemies":"Snake Plant","floor":21,"turns":2},{"damage":0,"enemies":"Centurion and Healer","floor":22,"turns":2},{"damage":35,"enemies":"Shelled Parasite and Fungi","floor":28,"turns":4},{"damage":10,"enemies":"Sentry and Sphere","floor":29,"turns":3},{"damage":27,"enemies":"Snake Plant","floor":30,"turns":2},{"damage":5,"enemies":"Cultist and Chosen","floor":31,"turns":4},{"damage":21,"enemies":"Champ","floor":33,"turns":7},{"damage":0,"enemies":"Orb Walker","floor":35,"turns":1},{"damage":52,"enemies":"Nemesis","floor":41,"turns":5},{"damage":5,"enemies":"3 Shapes","floor":44,"turns":2},{"damage":0,"enemies":"3 Darklings","floor":45,"turns":2},{"damage":34,"enemies":"4 Shapes","floor":46,"turns":4},{"damage":21,"enemies":"Donu and Deca","floor":50,"turns":4}],"seed_played":"-369550329180486300","potions_obtained":[{"floor":4,"key":"blueLaboratory:SystemWipe"},{"floor":12,"key":"Regen Potion"},{"floor":16,"key":"SteroidPotion"},{"floor":19,"key":"blueLaboratory:HeartbeatPotion"},{"floor":28,"key":"blueLaboratory:PlasmaFuel"},{"floor":31,"key":"blueLaboratory:FruitPunch"},{"floor":31,"key":"blueLaboratory:BottleOfVodka"},{"floor":35,"key":"PowerPotion"},{"floor":50,"key":"blueLaboratory:SavagePotion"}],"is_trial":false,"path_per_floor":["M","$","?","M","$","R","M","R","T","$","M","?","?","M","R","B",null,"M","M","AVR","M","M","R","?","R","T","?","M","M","M","M","R","B",null,"M","AVR","?","?","?","R","E","R","T","M","M","M","$","?","R","B",null],"character_chosen":"DEFECT","items_purchased":["Lee\u0027s Waffle","trackpad:Compendium","Static Discharge+1","Boot","Orichalcum","HandDrill","ClockworkSouvenir"],"campfire_rested":3,"item_purchase_floors":[2,5,47,47,47,47,47],"current_hp_per_floor":[71,86,86,86,86,86,83,83,83,83,70,45,29,19,44,42,86,80,78,64,47,54,54,64,64,64,64,36,35,17,24,43,32,66,66,66,66,66,66,66,19,38,38,40,51,27,27,66,66,52],"gold":112,"neow_bonus":"NOSTALGIA","is_daily":false,"chose_seed":false,"campfire_upgraded":6,"win_rate":0.0,"timestamp":1609375016,"path_taken":["M","$","?","M","$","R","M","R","T","$","M","?","?","M","R","BOSS","M","M","AVR","M","?","R","?","R","T","?","M","M","M","?","R","BOSS","M","AVR","?","?","?","R","E","R","T","M","M","M","?","?","R","BOSS"],"items_purchased_type":["Relic","Relic","Card","Relic","Relic","Relic","Relic"],"build_version":"2020-12-22","purchased_purges":0,"victory":true,"max_hp_per_floor":[79,86,86,86,86,86,86,86,86,86,86,86,86,86,86,86,86,86,86,64,64,64,64,64,64,64,64,64,64,64,66,66,66,66,66,66,66,66,66,66,66,66,66,66,66,66,66,66,66,66],"relic_stats":{"Lee\u0027s Waffle":15,"counters":[23,73],"Prayer Wheel":4,"HandDrill":[8],"Orichalcum":[6],"Boot":[0],"obtain_stats":[{"Lee\u0027s Waffle":2,"trackpad:HandOfMidas":13,"conspire:RoyalGoblet":34,"aspiration:Nostalgia":0,"conspire:SpecialSausage":20,"Sizzling Blood":0,"infinitespire:Lucky Rock":43,"Frozen Egg 2":9,"Odd Mushroom":12,"Orichalcum":47,"Boot":47,"ClockworkSouvenir":47,"SlaversCollar":17,"trackpad:RapidFire":36,"infinitespire:Lychee Nut":20,"Prayer Wheel":41,"trackpad:Compendium":5,"ReplayTheSpireMod:TigerMarble":41,"HandDrill":47,"Cracked Core":0,"aspiration:ChemicalBlood":26},{"Lee\u0027s Waffle":1,"trackpad:HandOfMidas":6,"conspire:RoyalGoblet":17,"aspiration:Nostalgia":0,"conspire:SpecialSausage":10,"Sizzling Blood":0,"infinitespire:Lucky Rock":19,"Frozen Egg 2":3,"Odd Mushroom":5,"Orichalcum":22,"Boot":22,"ClockworkSouvenir":22,"SlaversCollar":8,"trackpad:RapidFire":18,"infinitespire:Lychee Nut":10,"Prayer Wheel":19,"trackpad:Compendium":2,"ReplayTheSpireMod:TigerMarble":19,"HandDrill":22,"Cracked Core":0,"aspiration:ChemicalBlood":12},{"Lee\u0027s Waffle":2,"trackpad:HandOfMidas":19,"conspire:RoyalGoblet":55,"aspiration:Nostalgia":0,"conspire:SpecialSausage":31,"Sizzling Blood":0,"infinitespire:Lucky Rock":61,"Frozen Egg 2":7,"Odd Mushroom":15,"Orichalcum":69,"Boot":69,"ClockworkSouvenir":69,"SlaversCollar":26,"trackpad:RapidFire":56,"infinitespire:Lychee Nut":31,"Prayer Wheel":60,"trackpad:Compendium":5,"ReplayTheSpireMod:TigerMarble":61,"HandDrill":69,"Cracked Core":0,"aspiration:ChemicalBlood":35}]},"card_choices":[{"not_picked":["Beam Cell","Stack","Compile Driver"],"picked":"SKIP","floor":1},{"not_picked":["ReplaySort","Hologram","Sweeping Beam"],"picked":"SKIP","floor":4},{"not_picked":["Coolheaded","Stack"],"picked":"Redo","floor":7},{"not_picked":["Panic Button","Coolheaded"],"picked":"Crystallizer+1","floor":11},{"not_picked":["Gash","Hologram"],"picked":"Static Discharge+1","floor":12},{"not_picked":["Ball Lightning","Cold Snap"],"picked":"Electrodynamics+1","floor":13},{"not_picked":["Turbo","Glacier"],"picked":"BootSequence","floor":14},{"not_picked":["Core Surge","Fission"],"picked":"All For One","floor":16},{"not_picked":["Streamline+1","Hello World+1"],"picked":"Ball Lightning+1","floor":18},{"not_picked":["Coolheaded+1","Steam+1"],"picked":"Conserve Battery","floor":19},{"not_picked":["ReplayGash","Stack","Steam"],"picked":"SKIP","floor":21},{"not_picked":["Gash","Beam Cell","Rebound+1"],"picked":"SKIP","floor":22},{"not_picked":["Steam Power","Melter"],"picked":"Doom and Gloom","floor":28},{"not_picked":["ReplayTheSpireMod:GoodbyeWorld+1","BasicCrystalCard"],"picked":"Double Energy","floor":29},{"not_picked":["Gash","Streamline"],"picked":"Static Discharge+1","floor":30},{"not_picked":["Gash","Beam Cell+1","ReplayGash+1"],"picked":"SKIP","floor":31},{"not_picked":["ReplayTheSpireMod:Omega Cannon","Machine Learning+1"],"picked":"ReplayTheSpireMod:Fabricate Wheel","floor":33},{"not_picked":["Streamline+1","Panic Button"],"picked":"Aggregate","floor":35},{"not_picked":["Force Field","ReplayTheSpireMod:System Scan"],"picked":"Undo+1","floor":41},{"not_picked":["Rebound+1","Steam","ReplayTheSpireMod:Calculation Training"],"picked":"SKIP","floor":44},{"not_picked":["Steam Power+1","Barrage+1","Streamline"],"picked":"SKIP","floor":44},{"not_picked":["Sweeping Beam","Heatsinks+1"],"picked":"Turbo+1","floor":45},{"not_picked":["conspire:Rain+1","ReplayTheSpireMod:Dual Polarity+1","Barrage"],"picked":"SKIP","floor":45},{"not_picked":["Go for the Eyes+1","Barrage"],"picked":"Mirror Shield","floor":46},{"not_picked":["Hologram","Hello World+1","Compile Driver"],"picked":"SKIP","floor":46}],"player_experience":151767,"relics_obtained":[{"floor":9,"key":"Frozen Egg 2"},{"floor":12,"key":"Odd Mushroom"},{"floor":13,"key":"trackpad:HandOfMidas"},{"floor":26,"key":"aspiration:ChemicalBlood"},{"floor":41,"key":"ReplayTheSpireMod:TigerMarble"},{"floor":43,"key":"infinitespire:Lucky Rock"}],"event_choices":[{"damage_healed":0,"gold_gain":100,"player_choice":"Pray","damage_taken":0,"max_hp_gain":0,"max_hp_loss":0,"event_name":"Golden Shrine","floor":3,"gold_loss":0},{"damage_healed":0,"gold_gain":0,"player_choice":"Fought Mushrooms","damage_taken":0,"max_hp_gain":0,"max_hp_loss":0,"event_name":"Mushrooms","floor":12,"gold_loss":0},{"damage_healed":10,"gold_gain":0,"player_choice":"Full Heal","damage_taken":0,"max_hp_gain":0,"max_hp_loss":0,"event_name":"Wheel of Change","floor":24,"gold_loss":0},{"cards_removed":["infinitespire:Collect"],"damage_healed":0,"gold_gain":0,"player_choice":"Take \u0026 Give","damage_taken":0,"max_hp_gain":0,"max_hp_loss":0,"event_name":"betterNote:BetterNote","floor":27,"gold_loss":0,"cards_obtained":["infinitespire:DeathsTouch"]},{"damage_healed":0,"gold_gain":0,"player_choice":"Leave","damage_taken":0,"max_hp_gain":0,"max_hp_loss":0,"event_name":"conspire:Investor","floor":37,"gold_loss":0},{"damage_healed":0,"gold_gain":100,"player_choice":"Pray","damage_taken":0,"max_hp_gain":0,"max_hp_loss":0,"event_name":"Golden Shrine","floor":39,"gold_loss":0},{"damage_healed":39,"gold_gain":0,"player_choice":"Heal","damage_taken":0,"max_hp_gain":0,"max_hp_loss":0,"event_name":"MindBloom","floor":48,"gold_loss":0,"cards_obtained":["Doubt"]}],"is_beta":false,"boss_relics":[{"not_picked":["energizedSpire:NeverEndingSparkler","Ring of Chaos"],"picked":"SlaversCollar"},{"not_picked":["trackpad:NeutrinoGenerator","Painkiller Herb"],"picked":"conspire:RoyalGoblet"}],"items_purged_floors":[],"is_endless":false,"potions_floor_spawned":[4,12,16,19,22,28,31,33,35],"ascension_level":0}}