{"host":"s0kfl1iodzk7b7nq","time":1609401379,"event":{"mods":["Astrologer","BaseMod","CapriCore","Marisa£¨Ùöéë¡¡Øª×âÞÞ£©","Minty Spire (QoL Compilation)","StSLib","Waifu the Spire"],"gold_per_floor":[111,124,137,87,105,134,146,185,197,219,231,243,255,267,279,389,401,424,451,514,549,578,590,602,624,636,665,705,734,766,804,816,928,940,967,979,991,1013,1042,1088,1100,1122,1211,1249,1261,558,574,592,592,592,592,592,34,63,63,63],"floor_reached":55,"playtime":3057,"items_purged":["astrologer:Strike","astrologer:StarOfRegret+1"],"score":726,"play_id":"9a819631-b4fc-44ba-8d93-979e90ed1a7d","local_time":"20201231165619","is_ascension_mode":false,"campfire_choices":[{"data":"astrologer:StarOfMisfortune","floor":11.0,"key":"SMITH"},{"data":"astrologer:StarOfRegret","floor":13.0,"key":"SMITH"},{"floor":15.0,"key":"REST"},{"data":"astrologer:Stardust","floor":23.0,"key":"SMITH"},{"floor":32.0,"key":"REST"},{"floor":41.0,"key":"REST"},{"floor":45.0,"key":"RECALL"},{"data":"astrologer:CosmicExpanse","floor":49.0,"key":"SMITH"},{"data":"astrologer:Starfield","floor":52.0,"key":"SMITH"}],"circlet_count":0,"master_deck":["astrologer:Strike+1","astrologer:Defend","astrologer:Defend","astrologer:Defend","astrologer:Defend","astrologer:NorthStar","astrologer:TheFool","astrologer:FrozenStar","astrologer:Stardust+1","astrologer:StarOfMisfortune+1","astrologer:SolarFlare","astrologer:ShootingStar","astrologer:TheSun+1","astrologer:Radiance+1","astrologer:Strength","astrologer:Cataclysm","astrologer:TheHierophant","astrologer:Fireball+1","astrologer:TheTower+1","astrologer:Starfield+1","astrologer:Moonlight+1","astrologer:NeutronStar+1","astrologer:CosmicExpanse+1","astrologer:TheHangedMan","astrologer:TheMoon","astrologer:Prismatic","astrologer:Novile+1"],"relics":["astrologer:SkyMirror","Tiny Chest","MawBank","Potion Belt","Gremlin Horn","Philosopher\u0027s Stone","PreservedInsect","Whetstone","Eternal Feather","Centennial Puzzle","Art of War","Red Mask","SlaversCollar","Oddly Smooth Stone","Shuriken","Lantern","Lee\u0027s Waffle","InkBottle","Sundial","Bottled Tornado"],"acts_visited":["Exordium","TheCity","TheBeyond","TheEnding"],"potions_floor_usage":[55,55],"damage_taken":[{"damage":1.0,"enemies":"Cultist","floor":1.0,"turns":4.0},{"damage":0.0,"enemies":"Jaw Worm","floor":2.0,"turns":4.0},{"damage":0.0,"enemies":"2 Louse","floor":3.0,"turns":2.0},{"damage":2.0,"enemies":"Looter","floor":5.0,"turns":4.0},{"damage":34.0,"enemies":"Gremlin Nob","floor":6.0,"turns":5.0},{"damage":0.0,"enemies":"3 Louse","floor":10.0,"turns":1.0},{"damage":14.0,"enemies":"The Guardian","floor":16.0,"turns":10.0},{"damage":7.0,"enemies":"Spheric Guardian","floor":18.0,"turns":4.0},{"damage":12.0,"enemies":"Chosen","floor":19.0,"turns":5.0},{"damage":0.0,"enemies":"Centurion and Healer","floor":22.0,"turns":4.0},{"damage":9.0,"enemies":"Shelled Parasite and Fungi","floor":25.0,"turns":5.0},{"damage":10.0,"enemies":"Chosen and Byrds","floor":27.0,"turns":4.0},{"damage":17.0,"enemies":"Gremlin Leader","floor":28.0,"turns":4.0},{"damage":0.0,"enemies":"Snake Plant","floor":29.0,"turns":3.0},{"damage":4.0,"enemies":"3 Cultists","floor":30.0,"turns":3.0},{"damage":0.0,"enemies":"Masked Bandits","floor":31.0,"turns":2.0},{"damage":19.0,"enemies":"Collector","floor":33.0,"turns":6.0},{"damage":0.0,"enemies":"3 Shapes","floor":35.0,"turns":4.0},{"damage":0.0,"enemies":"Orb Walker","floor":38.0,"turns":2.0},{"damage":31.0,"enemies":"4 Shapes","floor":39.0,"turns":3.0},{"damage":23.0,"enemies":"Nemesis","floor":40.0,"turns":5.0},{"damage":17.0,"enemies":"Maw","floor":42.0,"turns":7.0},{"damage":13.0,"enemies":"Giant Head","floor":44.0,"turns":6.0},{"damage":33.0,"enemies":"Writhing Mass","floor":47.0,"turns":5.0},{"damage":8.0,"enemies":"Jaw Worm Horde","floor":48.0,"turns":4.0},{"damage":42.0,"enemies":"Time Eater","floor":50.0,"turns":7.0},{"damage":41.0,"enemies":"Shield and Spear","floor":54.0,"turns":3.0},{"damage":41,"enemies":"The Heart","floor":55,"turns":5}],"seed_played":"7860568374514495552","potions_obtained":[{"floor":3.0,"key":"Regen Potion"},{"floor":5.0,"key":"Explosive Potion"},{"floor":6.0,"key":"Ancient Potion"},{"floor":16.0,"key":"EntropicBrew"},{"floor":28.0,"key":"Fire Potion"},{"floor":31.0,"key":"Energy Potion"},{"floor":33.0,"key":"Fruit Juice"},{"floor":39.0,"key":"Fire Potion"},{"floor":40.0,"key":"Strength Potion"},{"floor":48.0,"key":"Ancient Potion"}],"is_trial":false,"path_per_floor":["M","M","M","?","M","E","?","T","T","M","R","$","R","?","R","B",null,"M","M","T","T","M","R","T","M","T","M","E","M","M","?","R","B",null,"M","?","T","M","M","E","R","M","T","E","R","$","M","M","R","B",null,"R","$","E","B"],"character_chosen":"ASTROLOGER","items_purchased":["Lee\u0027s Waffle","InkBottle","astrologer:CosmicExpanse","Fire Potion","Dexterity Potion","PowerPotion","astrologer:TheHangedMan","GamblersBrew","Fire Potion","astrologer:Prismatic","Sundial"],"campfire_rested":3,"item_purchase_floors":[46,46,46,46,46,46,46,53,53,53,53],"current_hp_per_floor":[69,69,69,69,67,45,45,45,45,45,45,45,45,38,59,45,70,63,51,51,51,51,51,51,42,42,32,15,15,11,11,44,30,75,75,75,75,75,44,21,55,38,38,25,37,82,49,41,56,14,82,82,82,41,0,0],"gold":63,"neow_bonus":"RANDOM_COMMON_RELIC","is_daily":false,"chose_seed":false,"campfire_upgraded":5,"win_rate":0.0,"timestamp":1609401379,"path_taken":["M","?","M","?","M","E","?","?","T","M","R","$","R","?","R","BOSS","M","M","?","?","M","R","?","M","T","?","E","M","M","?","R","BOSS","M","?","?","?","M","E","R","M","T","E","R","$","M","M","R","BOSS","R","$","E","BOSS"],"items_purchased_type":["Relic","Relic","Card","Potion","Potion","Potion","Card","Potion","Potion","Card","Relic"],"build_version":"2020-12-22","purchased_purges":2,"victory":false,"max_hp_per_floor":[70,70,70,70,70,70,70,70,70,70,70,70,70,70,70,70,70,70,70,70,70,70,70,70,70,70,70,70,70,70,70,70,75,75,75,75,75,75,75,75,75,75,75,75,75,82,82,82,82,82,82,82,82,82,82,82],"card_choices":[{"not_picked":["astrologer:Conjunction","astrologer:SpaceDust"],"picked":"astrologer:FrozenStar","floor":1.0},{"not_picked":["astrologer:Justice","astrologer:TheMagician"],"picked":"astrologer:Stardust","floor":2.0},{"not_picked":["astrologer:TheHermit","astrologer:Opposition"],"picked":"astrologer:StarOfMisfortune","floor":3.0},{"not_picked":["astrologer:Conjunction","astrologer:SpaceDust"],"picked":"astrologer:SolarFlare","floor":5.0},{"not_picked":["astrologer:ReadTheStars","astrologer:SpaceDust"],"picked":"astrologer:ShootingStar","floor":6.0},{"not_picked":["astrologer:Premeditation","astrologer:Opposition"],"picked":"astrologer:StarOfRegret","floor":10.0},{"not_picked":["astrologer:Premonition","astrologer:TheWorld"],"picked":"astrologer:TheSun","floor":16.0},{"not_picked":["astrologer:ReadTheStars","astrologer:Stardust"],"picked":"astrologer:Radiance+1","floor":18.0},{"not_picked":["astrologer:Radiance","astrologer:SpaceDust+1","astrologer:SolarFlare+1"],"picked":"SKIP","floor":19.0},{"not_picked":["astrologer:ReadTheStars+1","astrologer:Eclipse"],"picked":"astrologer:Divination","floor":22.0},{"not_picked":["astrologer:CometStrike","astrologer:Conjunction+1"],"picked":"astrologer:Strength","floor":25.0},{"not_picked":["astrologer:Still","astrologer:RejectReality"],"picked":"astrologer:Cataclysm","floor":27.0},{"not_picked":["astrologer:Opposition","astrologer:DarkMatter","astrologer:Glimpse"],"picked":"SKIP","floor":28.0},{"not_picked":["astrologer:TheHighPriestess+1","astrologer:Radiance"],"picked":"astrologer:TheHierophant","floor":29.0},{"not_picked":["astrologer:TheEmperor","astrologer:MeteorShower"],"picked":"astrologer:Fireball+1","floor":30.0},{"not_picked":["astrologer:ShiningStar","astrologer:Radiance"],"picked":"astrologer:TheTower+1","floor":31.0},{"not_picked":["astrologer:RejectReality","astrologer:DarkMatter"],"picked":"astrologer:Starfield","floor":33.0},{"not_picked":["astrologer:SpaceDust","astrologer:Opposition+1","astrologer:TheEmpress"],"picked":"SKIP","floor":35.0},{"not_picked":["astrologer:SolarFlare","astrologer:Retelling+1","astrologer:MeteorShower"],"picked":"SKIP","floor":38.0},{"not_picked":["astrologer:Opposition","astrologer:Still","astrologer:TheTower+1"],"picked":"SKIP","floor":39.0},{"not_picked":["astrologer:TheHangedMan","astrologer:Still"],"picked":"astrologer:Moonlight+1","floor":40.0},{"not_picked":["astrologer:Stardust+1","astrologer:ReadTheStars+1"],"picked":"astrologer:NeutronStar+1","floor":42.0},{"not_picked":["astrologer:TheEmpress+1","astrologer:MeteorShower+1","astrologer:FrozenStar"],"picked":"SKIP","floor":44.0},{"not_picked":["astrologer:Opposition","astrologer:Conjunction+1","astrologer:Moonlight"],"picked":"SKIP","floor":47.0},{"not_picked":["astrologer:Conjunction+1","astrologer:SpaceDust"],"picked":"astrologer:TheMoon","floor":48.0},{"not_picked":["astrologer:CrystalBall+1","astrologer:ShootingStar"],"picked":"astrologer:Novile+1","floor":54.0}],"player_experience":245700,"relics_obtained":[{"floor":6.0,"key":"MawBank"},{"floor":8.0,"key":"Potion Belt"},{"floor":9.0,"key":"Gremlin Horn"},{"floor":20.0,"key":"PreservedInsect"},{"floor":21.0,"key":"Whetstone"},{"floor":24.0,"key":"Eternal Feather"},{"floor":26.0,"key":"Centennial Puzzle"},{"floor":28.0,"key":"Art of War"},{"floor":31.0,"key":"Red Mask"},{"floor":40.0,"key":"Oddly Smooth Stone"},{"floor":43.0,"key":"Shuriken"},{"floor":44.0,"key":"Lantern"},{"floor":54.0,"key":"Bottled Tornado"}],"event_choices":[{"cards_removed":["astrologer:Strike"],"damage_healed":0.0,"max_hp_gain":0.0,"max_hp_loss":0.0,"gold_gain":0.0,"event_name":"The Cleric","player_choice":"Card Removal","floor":4.0,"gold_loss":50.0,"damage_taken":0.0},{"cards_removed":["astrologer:Strike"],"damage_healed":0.0,"max_hp_gain":0.0,"max_hp_loss":0.0,"gold_gain":0.0,"event_name":"Living Wall","player_choice":"Forget","floor":7.0,"gold_loss":0.0,"damage_taken":0.0},{"damage_healed":0.0,"max_hp_gain":0.0,"max_hp_loss":0.0,"gold_gain":0.0,"event_name":"Wheel of Change","player_choice":"Damaged","floor":14.0,"gold_loss":0.0,"damage_taken":7.0},{"damage_healed":0.0,"max_hp_gain":0.0,"max_hp_loss":0.0,"gold_gain":0.0,"event_name":"Masked Bandits","player_choice":"Fought Bandits","floor":31.0,"gold_loss":0.0,"damage_taken":0.0},{"cards_removed":["astrologer:Divination"],"damage_healed":0.0,"max_hp_gain":0.0,"max_hp_loss":0.0,"gold_gain":0.0,"event_name":"Falling","player_choice":"Removed Skill","floor":36.0,"gold_loss":0.0,"damage_taken":0.0}],"is_beta":false,"boss_relics":[{"not_picked":["Cursed Key","Fusion Hammer"],"picked":"Philosopher\u0027s Stone"},{"not_picked":["Sozu","Pandora\u0027s Box"],"picked":"SlaversCollar"}],"items_purged_floors":[46,53],"is_endless":false,"potions_floor_spawned":[3,5,6,16,18,25,28,31,33,39,40,48],"killed_by":"The Heart","ascension_level":0}}