{"host":"bu0lvejwxlz725fi","time":1609407610,"event":{"mods":["AchievementEnabler","BaseMod","Downfall","Marisa????????","Minty Spire (QoL Compilation)","StSLib","The Disciple","The Hierophant","The Necromancer","The Senshi","The Servant 0.9.4"],"gold_per_floor":[119,13,32,32,207,247,268,268,268,259,280,7,7,7,7,7,7],"floor_reached":16,"playtime":1311,"items_purged":[],"score":150,"play_id":"3e1b1491-9be0-4d19-bf63-60331f51d8f6","local_time":"20201231104010","is_ascension_mode":false,"campfire_choices":[{"data":"hierophant:WrathOfGod","floor":8,"key":"SMITH"},{"data":"hierophant:Martyrdom","floor":13,"key":"SMITH"},{"floor":15,"key":"REST"}],"circlet_count":0,"master_deck":["hierophant:Strike_Hierophant","hierophant:Strike_Hierophant","hierophant:Strike_Hierophant","hierophant:Strike_Hierophant+1","hierophant:Punish","hierophant:Defend_Hierophant","hierophant:Defend_Hierophant","hierophant:Defend_Hierophant","hierophant:Defend_Hierophant","hierophant:ChurchCoffers","hierophant:PristineSoul","hierophant:Martyrdom+1","hierophant:OrnateBuckler","hierophant:OrnateBuckler","Injury","Doubt","hierophant:Endure+1","hierophant:WrathOfGod+1","hierophant:Blessing+1","hierophant:RustyCrate+1","hierophant:Doubloon+1","hierophant:Doubloon+1","hierophant:Charity","hierophant:Doubloon+1","hierophant:RustyCrate+1","hierophant:CoinFling+1","hierophant:Doubloon+1","hierophant:Doubloon+1","hierophant:Doubloon+1","hierophant:HammerAndAnvil+1"],"relics":["hierophant:PropheticMaskRelic","NeowsBlessing","Golden Idol","Toxic Egg 2","HornCleat","Membership Card"],"acts_visited":["Exordium"],"potions_floor_usage":[16],"damage_taken":[{"damage":0.0,"enemies":"2 Louse","floor":1.0,"turns":1.0},{"damage":0.0,"enemies":"Small Slimes","floor":3.0,"turns":1.0},{"damage":0.0,"enemies":"Lagavulin","floor":6.0,"turns":1.0},{"damage":15,"enemies":"Jaw Worm","floor":7,"turns":8},{"damage":15,"enemies":"Large Slime","floor":10,"turns":1},{"damage":4,"enemies":"2 Fungi Beasts","floor":11,"turns":6},{"damage":71,"enemies":"Hexaghost","floor":16,"turns":13}],"seed_played":"5298326879741722177","potions_obtained":[{"floor":3.0,"key":"Strength Potion"},{"floor":10,"key":"SmokeBomb"}],"is_trial":false,"path_per_floor":["M","$","M","?","?","E","M","R","T","M","M","$","R","?","R","B"],"character_chosen":"HIEROPHANT","items_purchased":["hierophant:Martyrdom","hierophant:OrnateBuckler","Membership Card","hierophant:Charity","hierophant:RustyCrate+1","hierophant:CoinFling","hierophant:HammerAndAnvil+1"],"campfire_rested":1,"item_purchase_floors":[2,2,12,12,12,12,12],"current_hp_per_floor":[75,75,75,75,75,75,60,60,60,45,51,51,51,36,58,0,0],"gold":7,"neow_bonus":"THREE_ENEMY_KILL","is_daily":false,"chose_seed":false,"campfire_upgraded":2,"win_rate":0.0,"timestamp":1609407610,"path_taken":["M","$","M","?","?","E","M","R","T","M","M","$","R","?","R","BOSS"],"items_purchased_type":["Card","Card","Relic","Card","Card","Card","Card"],"build_version":"2020-12-22","purchased_purges":0,"victory":false,"max_hp_per_floor":[75,75,75,75,75,75,75,75,75,75,75,75,75,75,75,75,75],"card_choices":[{"not_picked":["hierophant:Remorse","hierophant:HammerAndAnvil"],"picked":"hierophant:PristineSoul","floor":1.0},{"not_picked":["hierophant:PassingBell","hierophant:PristineSoul"],"picked":"hierophant:OrnateBuckler","floor":3.0},{"not_picked":["hierophant:FieryStrike","hierophant:SecretStash+1"],"picked":"hierophant:Endure+1","floor":6.0},{"not_picked":["hierophant:FieryStrike","hierophant:AuricBeam"],"picked":"hierophant:WrathOfGod","floor":7},{"not_picked":["hierophant:Encroach+1","hierophant:HolyVerse+1"],"picked":"hierophant:Blessing+1","floor":10},{"not_picked":["hierophant:PristineSoul+1","hierophant:FieryStrike"],"picked":"hierophant:RustyCrate+1","floor":11}],"player_experience":104732,"relics_obtained":[{"floor":6.0,"key":"Toxic Egg 2"},{"floor":9,"key":"HornCleat"}],"event_choices":[{"damage_healed":0.0,"max_hp_gain":0.0,"max_hp_loss":0.0,"gold_gain":0.0,"event_name":"Golden Idol","player_choice":"Take Wound","floor":4.0,"gold_loss":0.0,"damage_taken":0.0,"relics_obtained":["Golden Idol"],"cards_obtained":["Injury"]},{"damage_healed":0.0,"max_hp_gain":0.0,"max_hp_loss":0.0,"gold_gain":175.0,"event_name":"Liars Game","player_choice":"AGREE","floor":5.0,"gold_loss":0.0,"damage_taken":0.0,"cards_obtained":["Doubt"]},{"damage_healed":0,"gold_gain":0,"player_choice":"Entered Light","damage_taken":15,"max_hp_gain":0,"max_hp_loss":0,"event_name":"Shining Light","floor":14,"gold_loss":0,"cards_upgraded":["hierophant:Strike_Hierophant","hierophant:CoinFling"]}],"is_beta":false,"boss_relics":[],"items_purged_floors":[],"is_endless":false,"potions_floor_spawned":[3,10],"killed_by":"Hexaghost","ascension_level":0}}