{"host":"hfxp6ue4pvwo3fit","time":1609373468,"event":{"mods":["AchievementEnabler","BaseMod","Colored Map","Colored Powertips","Highlight Path","Minty Spire (QoL Compilation)","Relic Stats","StSLib","SuperFastMode"],"gold_per_floor":[109,120,139,104,104,104,145,220,243,243,286,301,100,168,168,261,261,277,277,302,320,333,333,410,424,424,424,314,314,314],"floor_reached":29,"playtime":812,"items_purged":[],"score":466,"play_id":"f5bde3ac-906d-4827-b344-c13a108095b4","local_time":"20201230181108","is_ascension_mode":true,"campfire_choices":[{"data":"Whirlwind","floor":6,"key":"SMITH"},{"floor":10,"key":"REST"},{"data":"True Grit","floor":15,"key":"SMITH"},{"data":"Rampage","floor":23,"key":"SMITH"},{"data":"Armaments","floor":27,"key":"SMITH"}],"circlet_count":0,"master_deck":["AscendersBane","Strike_R","Strike_R","Strike_R","Strike_R","Defend_R+1","Defend_R","Defend_R","Defend_R","Bash+1","Shrug It Off","Whirlwind+1","Armaments+1","Havoc","Twin Strike","True Grit+1","Flame Barrier","Twin Strike","Barricade","Cleave+1","Inflame","Rampage+1","Headbutt","Metallicize"],"relics":["Burning Blood","Golden Idol","Red Skull","Pen Nib","Lantern","Nunchaku","Mark of Pain","Nloth\u0027s Gift","HornCleat","Vajra"],"acts_visited":["Exordium","TheCity"],"potions_floor_usage":[11,16,16,21,21,22],"damage_taken":[{"damage":12,"enemies":"Small Slimes","floor":1,"turns":4},{"damage":7,"enemies":"Jaw Worm","floor":2,"turns":3},{"damage":4,"enemies":"Cultist","floor":3,"turns":4},{"damage":27,"enemies":"3 Sentries","floor":7,"turns":6},{"damage":17,"enemies":"Lagavulin","floor":11,"turns":5},{"damage":5,"enemies":"Gremlin Gang","floor":12,"turns":3},{"damage":10,"enemies":"Lagavulin Event","floor":14,"turns":3},{"damage":16,"enemies":"Slime Boss","floor":16,"turns":7},{"damage":20,"enemies":"Spheric Guardian","floor":18,"turns":7},{"damage":0,"enemies":"3 Byrds","floor":20,"turns":3},{"damage":28,"enemies":"Cultist and Chosen","floor":21,"turns":7},{"damage":17,"enemies":"Chosen and Byrds","floor":22,"turns":5},{"damage":1,"enemies":"Sentry and Sphere","floor":25,"turns":4},{"damage":45,"enemies":"Gremlin Leader","floor":29,"turns":5}],"seed_played":"9048996403509145604","potions_obtained":[{"floor":2,"key":"Strength Potion"},{"floor":7,"key":"Block Potion"},{"floor":11,"key":"BlessingOfTheForge"},{"floor":18,"key":"EntropicBrew"}],"is_trial":false,"path_per_floor":["M","M","M","?","?","R","E","?","T","R","E","M","$","?","R","B",null,"M","?","M","M","M","R","T","M","T","R","?","E"],"character_chosen":"IRONCLAD","items_purchased":["Flame Barrier","Lantern"],"campfire_rested":1,"item_purchase_floors":[13,13],"current_hp_per_floor":[62,61,63,75,49,49,28,17,17,39,28,29,29,25,25,40,66,52,52,58,36,25,25,25,30,30,30,30,0,0],"gold":314,"neow_bonus":"UPGRADE_CARD","is_daily":false,"chose_seed":false,"campfire_upgraded":4,"win_rate":0.0,"timestamp":1609373468,"path_taken":["M","M","M","?","?","R","E","?","T","R","E","M","$","?","R","BOSS","M","?","?","?","M","R","?","?","T","R","?","E"],"items_purchased_type":["Card","Relic"],"build_version":"2020-12-22","purchased_purges":0,"victory":false,"max_hp_per_floor":[75,75,75,75,75,75,75,75,75,75,75,75,75,75,75,75,75,75,75,75,75,75,75,75,75,75,75,75,75,75],"relic_stats":{"Nunchaku":[5],"counters":[14,66],"Golden Idol":65,"Pen Nib":[6],"Nloth\u0027s Gift":0,"obtain_stats":[{"Lantern":13,"Nunchaku":14,"HornCleat":24,"Golden Idol":5,"Pantograph":11,"Vajra":26,"Pen Nib":9,"Mark of Pain":17,"Nloth\u0027s Gift":19,"Burning Blood":0,"Red Skull":7},{"Lantern":6,"Nunchaku":7,"HornCleat":12,"Golden Idol":3,"Pantograph":5,"Vajra":13,"Pen Nib":4,"Mark of Pain":8,"Nloth\u0027s Gift":9,"Burning Blood":0,"Red Skull":4},{"Lantern":25,"Nunchaku":28,"HornCleat":57,"Golden Idol":11,"Pantograph":22,"Vajra":61,"Pen Nib":17,"Mark of Pain":35,"Nloth\u0027s Gift":42,"Burning Blood":0,"Red Skull":17}],"Burning Blood":78},"card_choices":[{"not_picked":["Bloodletting","Body Slam"],"picked":"Shrug It Off","floor":1},{"not_picked":["Infernal Blade","Anger"],"picked":"Whirlwind","floor":2},{"not_picked":["Iron Wave","Ghostly Armor"],"picked":"Armaments","floor":3},{"not_picked":["Clash","Double Tap"],"picked":"Havoc","floor":7},{"not_picked":["Anger","Clash"],"picked":"Twin Strike","floor":11},{"not_picked":["Shrug It Off","Headbutt"],"picked":"True Grit","floor":12},{"not_picked":["Anger","Perfected Strike"],"picked":"Twin Strike","floor":14},{"not_picked":["Brutality","Berserk"],"picked":"Barricade","floor":16},{"not_picked":["Clash","Seeing Red"],"picked":"Cleave+1","floor":18},{"not_picked":["Flex","Havoc"],"picked":"Inflame","floor":20},{"not_picked":["Sword Boomerang","Hemokinesis"],"picked":"Rampage","floor":21},{"not_picked":["Heavy Blade","Havoc"],"picked":"Headbutt","floor":22},{"not_picked":["Thunderclap","Heavy Blade"],"picked":"Metallicize","floor":25}],"player_experience":456063,"relics_obtained":[{"floor":7,"key":"Red Skull"},{"floor":9,"key":"Pen Nib"},{"floor":11,"key":"Pantograph"},{"floor":14,"key":"Nunchaku"},{"floor":24,"key":"HornCleat"},{"floor":26,"key":"Vajra"}],"event_choices":[{"damage_healed":18,"gold_gain":0,"player_choice":"Healed","damage_taken":0,"max_hp_gain":0,"max_hp_loss":0,"event_name":"The Cleric","floor":4,"gold_loss":35},{"damage_healed":0,"gold_gain":0,"player_choice":"Take Damage","damage_taken":26,"relics_obtained":["Golden Idol"],"max_hp_gain":0,"max_hp_loss":0,"event_name":"Golden Idol","floor":5,"gold_loss":0},{"damage_healed":0,"gold_gain":75,"player_choice":"Gather Gold","damage_taken":11,"max_hp_gain":0,"max_hp_loss":0,"event_name":"World of Goop","floor":8,"gold_loss":0},{"damage_healed":0,"gold_gain":30,"player_choice":"Searched \u00272\u0027 times","damage_taken":0,"max_hp_gain":0,"max_hp_loss":0,"event_name":"Dead Adventurer","floor":14,"gold_loss":0},{"damage_healed":0,"gold_gain":0,"player_choice":"Traded Relic","damage_taken":0,"relics_obtained":["Nloth\u0027s Gift"],"max_hp_gain":0,"max_hp_loss":0,"event_name":"N\u0027loth","floor":19,"relics_lost":["Pantograph"],"gold_loss":0},{"cards_removed":["Strike_R"],"damage_healed":0,"gold_gain":0,"player_choice":"Upgrade and Remove","damage_taken":0,"max_hp_gain":0,"max_hp_loss":0,"event_name":"Designer","floor":28,"gold_loss":110,"cards_upgraded":["Defend_R"]}],"is_beta":false,"boss_relics":[{"not_picked":["Busted Crown","Empty Cage"],"picked":"Mark of Pain"}],"items_purged_floors":[],"is_endless":false,"potions_floor_spawned":[2,7,11,12,18],"killed_by":"Gremlin Leader","ascension_level":20}}