{"host":"e4wnmsyty9uvvtwf","time":1609426580,"event":{"mods":["BaseMod","Colored Map","Colored Powertips","Downfall","Minty Spire (QoL Compilation)","Rare Cards Sparkle","StSLib"],"gold_per_floor":[111,143,170,198,223,268,280,292,321,368,394,406,418,448,471,578,590,602,636,668,695,727,739,751,773,394,427,427,43,59,71,90,190,190,190,202,217,231,41,41,92,17,67,67,80,80,31,31,43,43],"floor_reached":51,"playtime":2687,"items_purged":["hexamod:Firestarter","Pain"],"score":908,"play_id":"b2ca8d05-0265-4a85-aa40-035b8764f14a","local_time":"20201231225620","is_ascension_mode":true,"campfire_choices":[{"data":"hexamod:Sear","floor":1,"key":"SMITH"},{"data":"hexamod:Again","floor":8,"key":"SMITH"},{"data":"hexamod:Float","floor":13,"key":"SMITH"},{"data":"hexamod:RainOfEmbers","floor":18,"key":"SMITH"},{"data":"hexamod:Rewind","floor":23,"key":"SMITH"},{"floor":35,"key":"RECALL"},{"floor":40,"key":"REST"},{"floor":42,"key":"REST"}],"circlet_count":0,"master_deck":["hexamod:Sear+1","hexamod:Float+1","hexamod:RainOfEmbers+1","hexamod:EtherealExpedition","hexamod:Again+1","hexamod:CrushingStance+1","hexamod:NightmareGuise","hexamod:Hexaguard","hexamod:Hexaguard","hexamod:ApocalypticArmor","hexamod:FourthSeal","hexamod:RadiantFlame","hexamod:DynamicBlow","hexamod:GhostOfSpirePast+1","hexamod:ParanormalForm","hexamod:Rewind+1","hexamod:AdvancingGuard","hexamod:NecessarySacrifice","hexamod:Hexaguard+1","hexamod:ThermalTransfer+1","hexamod:Toasty","hexamod:ShieldOfDarkness","hexamod:Haunt","hexamod:UnlimitedPower","expansioncontent:DashGenerateEvil","expansioncontent:Collect","hexamod:PhantomFireball","hexamod:ExtraCrispy+1","hexamod:FlamesFromBeyond","hexamod:Incineration","hexamod:GhostflameInferno","hexamod:FastForward+1","hexamod:ExtraCrispy","hexamod:RetreatToShadows+1","hexamod:CatchUp","hexamod:NightmareGuise+1","hexamod:TurnItUp","hexamod:InspiringFlames","expansioncontent:CaCaw","hexamod:GhostLash+1"],"relics":["hexamod:SpiritBrand","MawBank","Pantograph","Mercury Hourglass","Bottled Lightning","Pandora\u0027s Box","hexamod:TheBrokenSeal","Mummified Hand","Gremlin Horn","hexamod:InflammatoryLetter","WarpedTongs","InkBottle","Fusion Hammer","Bag of Preparation","Blood Vial","downfall:HeartBlessingRed","CaptainsWheel","Eternal Feather"],"acts_visited":["Exordium","TheCity","TheBeyond"],"potions_floor_usage":[26,32,33,45],"damage_taken":[{"damage":6,"enemies":"2 Louse","floor":2,"turns":3},{"damage":0,"enemies":"Cultist","floor":3,"turns":3},{"damage":8,"enemies":"Small Slimes","floor":4,"turns":4},{"damage":3,"enemies":"Red Slaver","floor":5,"turns":3},{"damage":12,"enemies":"Gremlin Nob","floor":6,"turns":3},{"damage":6,"enemies":"3 Louse","floor":9,"turns":2},{"damage":17,"enemies":"Lagavulin","floor":10,"turns":7},{"damage":2,"enemies":"Blue Slaver","floor":11,"turns":3},{"damage":11,"enemies":"Large Slime","floor":14,"turns":6},{"damage":16,"enemies":"Exordium Wildlife","floor":15,"turns":5},{"damage":56,"enemies":"downfall:Ironclad","floor":16,"turns":12},{"damage":26,"enemies":"Spheric Guardian","floor":19,"turns":6},{"damage":0,"enemies":"3 Byrds","floor":20,"turns":4},{"damage":0,"enemies":"Sentry and Sphere","floor":21,"turns":3},{"damage":11,"enemies":"Snake Plant","floor":22,"turns":4},{"damage":0,"enemies":"3 Cultists","floor":25,"turns":4},{"damage":0,"enemies":"downfall:FleeingMerchant","floor":26,"turns":4},{"damage":19,"enemies":"Gremlin Leader","floor":27,"turns":3},{"damage":5,"enemies":"downfall:FleeingMerchant","floor":29,"turns":4},{"damage":0,"enemies":"Chosen and Byrds","floor":30,"turns":3},{"damage":6,"enemies":"Snecko","floor":31,"turns":3},{"damage":4,"enemies":"Shelled Parasite and Fungi","floor":32,"turns":3},{"damage":42,"enemies":"downfall:Watcher","floor":33,"turns":5},{"damage":10,"enemies":"Orb Walker","floor":36,"turns":2},{"damage":3,"enemies":"3 Darklings","floor":37,"turns":2},{"damage":0,"enemies":"Sphere and 2 Shapes","floor":38,"turns":2},{"damage":9,"enemies":"Mind Bloom Boss Battle","floor":43,"turns":4},{"damage":0,"enemies":"Jaw Worm Horde","floor":45,"turns":2},{"damage":0,"enemies":"3 Darklings","floor":49,"turns":4},{"damage":0,"enemies":"downfall:Defect","floor":50,"turns":6}],"seed_played":"2951784214933981581","potions_obtained":[{"floor":4,"key":"Fire Potion"},{"floor":6,"key":"DuplicationPotion"},{"floor":9,"key":"Guardian:BlockOnCardUsePotion"},{"floor":9,"key":"FairyPotion"},{"floor":20,"key":"hexamod:EctoCoolerPotion"},{"floor":26,"key":"Fire Potion"},{"floor":30,"key":"Slimebound:ThreeZeroPotion"},{"floor":32,"key":"Fruit Juice"},{"floor":32,"key":"DuplicationPotion"},{"floor":33,"key":"LiquidBronze"},{"floor":38,"key":"champ:CounterPotion"},{"floor":49,"key":"SpeedPotion"}],"is_trial":false,"path_per_floor":["R","M","M","M","M","E","T","R","M","E","M","?","R","M","M","B",null,"R","M","M","M","M","R","T","M","$","E","?","$","M","M","M","B",null,"R","M","M","M","$","R","T","R","?","?","M","?","$","?","M","B",null],"character_chosen":"THE_SPIRIT","items_purchased":["Gremlin Horn","hexamod:ShieldOfDarkness","expansioncontent:DashGenerateEvil","expansioncontent:Collect","hexamod:PhantomFireball","InkBottle","hexamod:CatchUp","Bag of Preparation","hexamod:InspiringFlames"],"campfire_rested":2,"item_purchase_floors":[26,26,29,29,29,29,39,39,47],"current_hp_per_floor":[70,64,64,56,53,41,41,41,35,18,16,70,70,59,43,19,70,70,75,75,75,64,64,64,64,64,45,45,40,40,34,35,18,85,85,75,72,72,72,85,85,85,76,76,78,78,78,78,80,85],"gold":43,"neow_bonus":"RANDOM_COMMON_RELIC","is_daily":false,"chose_seed":false,"campfire_upgraded":5,"win_rate":0.0,"timestamp":1609426580,"path_taken":["R","M","M","M","M","E","T","R","M","E","M","?","R","?","M","BOSS","R","M","M","M","M","R","T","?","$","E","?","$","M","M","M","BOSS","R","M","M","M","$","R","T","R","?","?","M","?","$","?","M","BOSS"],"items_purchased_type":["Relic","Card","Card","Card","Card","Relic","Card","Relic","Card"],"build_version":"2020-12-22","purchased_purges":2,"victory":true,"max_hp_per_floor":[70,70,70,70,70,70,70,70,70,70,70,70,70,70,70,70,70,70,80,80,80,80,80,80,80,80,80,80,80,80,80,85,85,85,85,85,85,85,85,85,85,85,85,85,85,85,85,85,85,85],"card_choices":[{"not_picked":["hexamod:BacktrackSmack","hexamod:SwordOfDarkness","hexamod:NightmareGuise"],"picked":"SKIP","floor":2},{"not_picked":["hexamod:RecurringNightmare","hexamod:Hexaguard"],"picked":"hexamod:RainOfEmbers","floor":3},{"not_picked":["hexamod:SpectersWail","hexamod:PowerFromBeyond"],"picked":"hexamod:EtherealExpedition","floor":4},{"not_picked":["hexamod:GhostOfSpireFuture","hexamod:HauntingEcho"],"picked":"hexamod:FourthSeal","floor":5},{"not_picked":["hexamod:FastForward","hexamod:BacktrackSmack"],"picked":"hexamod:Again","floor":6},{"not_picked":["hexamod:Incineration","hexamod:PhantomFireball"],"picked":"hexamod:FifthSeal","floor":9},{"not_picked":["hexamod:ThirdSeal","hexamod:FirstSeal"],"picked":"hexamod:SixthSeal","floor":10},{"not_picked":["hexamod:InspiringFlames","hexamod:PhantomCloak"],"picked":"hexamod:CrushingStance","floor":10},{"not_picked":["hexamod:Again","hexamod:ThermalTransfer"],"picked":"hexamod:NightmareGuise","floor":11},{"not_picked":["hexamod:FastForward","hexamod:RainOfEmbers"],"picked":"hexamod:Hexaguard","floor":14},{"not_picked":["hexamod:SecondSeal","hexamod:FourthSeal"],"picked":"hexamod:FirstSeal","floor":15},{"not_picked":["hexamod:AdvancingGuard","hexamod:Firestarter"],"picked":"hexamod:Hexaguard","floor":15},{"not_picked":["hexamod:SecondSeal","hexamod:FirstSeal"],"picked":"hexamod:ThirdSeal","floor":16},{"not_picked":["hexamod:ParanormalForm","hexamod:TimeOfNeed"],"picked":"hexamod:ApocalypticArmor","floor":16},{"not_picked":["hexamod:ThermalTransfer","hexamod:RadiantFlame+1"],"picked":"hexamod:AdvancingGuard","floor":19},{"not_picked":["hexamod:Again","hexamod:ThermalTransfer"],"picked":"hexamod:NecessarySacrifice","floor":20},{"not_picked":["hexamod:Firestarter","hexamod:DynamicBlow+1"],"picked":"hexamod:Hexaguard+1","floor":21},{"not_picked":["hexamod:Incineration","hexamod:NecessarySacrifice","hexamod:Hexaguard"],"picked":"SKIP","floor":22},{"not_picked":["hexamod:RainOfEmbers","hexamod:SwordOfDarkness"],"picked":"hexamod:ThermalTransfer+1","floor":25},{"not_picked":["hexamod:ShieldOfDarkness","hexamod:SkipABeat+1"],"picked":"hexamod:Toasty","floor":26},{"not_picked":["hexamod:BacktrackSmack+1","hexamod:GhostLash+1"],"picked":"hexamod:Haunt","floor":27},{"not_picked":["hexamod:GhostflameBarrier","hexamod:PowerFromBeyond"],"picked":"hexamod:UnlimitedPower","floor":29},{"not_picked":["hexamod:Haunt","hexamod:NecessarySacrifice+1"],"picked":"hexamod:ExtraCrispy+1","floor":30},{"not_picked":["hexamod:ShieldOfDarkness","hexamod:ThermalTransfer"],"picked":"hexamod:FlamesFromBeyond","floor":31},{"not_picked":["hexamod:Firestarter","hexamod:SpectersWail"],"picked":"hexamod:Incineration","floor":32},{"not_picked":["hexamod:UnleashSpirits","hexamod:Toasty"],"picked":"hexamod:GhostflameInferno","floor":33},{"not_picked":["hexamod:GhostLash","hexamod:ShieldOfDarkness"],"picked":"hexamod:FastForward+1","floor":36},{"not_picked":["hexamod:Incineration","hexamod:ShieldOfDarkness"],"picked":"hexamod:ExtraCrispy","floor":37},{"not_picked":["hexamod:ThirdSeal","hexamod:ShieldOfDarkness"],"picked":"hexamod:RetreatToShadows+1","floor":38},{"not_picked":["hexamod:PhantomFireball","hexamod:FastForward"],"picked":"hexamod:NightmareGuise+1","floor":43},{"not_picked":["hexamod:ThermalTransfer","hexamod:ExtraCrispy+1"],"picked":"hexamod:TurnItUp","floor":45},{"not_picked":["expansioncontent:ManipulateTime","expansioncontent:GoopSpray"],"picked":"expansioncontent:CaCaw","floor":48},{"not_picked":["hexamod:AdvancingGuard+1","hexamod:Hexaguard"],"picked":"hexamod:GhostLash+1","floor":49}],"player_experience":613232,"relics_obtained":[{"floor":6,"key":"Pantograph"},{"floor":7,"key":"Mercury Hourglass"},{"floor":10,"key":"Bottled Lightning"},{"floor":24,"key":"Mummified Hand"},{"floor":27,"key":"hexamod:InflammatoryLetter"},{"floor":41,"key":"Blood Vial"},{"floor":43,"key":"CaptainsWheel"},{"floor":46,"key":"Eternal Feather"}],"event_choices":[{"damage_healed":54,"gold_gain":0,"player_choice":"Full Heal","damage_taken":0,"max_hp_gain":0,"max_hp_loss":0,"event_name":"Wheel of Change","floor":12,"gold_loss":0},{"damage_healed":0,"gold_gain":0,"player_choice":"Rummage","damage_taken":0,"relics_obtained":["WarpedTongs"],"max_hp_gain":0,"max_hp_loss":0,"event_name":"Accursed Blacksmith","floor":28,"gold_loss":0,"cards_obtained":["Pain"]}],"is_beta":false,"boss_relics":[{"not_picked":["Velvet Choker","Runic Dome"],"picked":"Pandora\u0027s Box"},{"not_picked":["Runic Pyramid","Astrolabe"],"picked":"Fusion Hammer"}],"items_purged_floors":[26,29],"is_endless":false,"potions_floor_spawned":[4,9,14,16,20,25,27,30,32,33,36,38],"ascension_level":2}}