{"host":"xu0zbcebhy6w9mdv","time":1609453365,"event":{"mods":["AchievementEnabler","Act Like it!","Aspiration","BaseMod","Better Match","Better Third Choice","BetterRewards","Colored Powertips","Downfall","Duelist Mod","Friendly Minions","Gensokyo","Hallownest","Hubris","Infinite Spire","Marisa????????","Minty Spire (QoL Compilation)","Potionbrewer","Quick Restart","READ ME - Guardian Mod","READ ME - Snecko Mod","Rare Cards Sparkle","Replay The Spire","Shop Mod","StSLib","The Animator","The Blackbeard","The Bug Knight","The Cursed","The Hierophant","The Necromancer","The Runesmith","The Servant 0.9.4"],"gold_per_floor":[144,144,144,69,44,44,63,63,63,99,112,147,0,20,20,143,143,163,163,163,186,436,436,477,477,503,383,401,417,442,355,355,479,479,504,191,211,211,211,211,211,211,211,211,229,229,298,298,298,317,317,317],"floor_reached":53,"playtime":3238,"items_purged":["theDuelist:CurseAnubis"],"score":1039,"play_id":"d59888bb-69d5-4b58-99a4-ccca1e2215c7","local_time":"20201231172245","is_ascension_mode":true,"campfire_choices":[{"data":"theDuelist:SpiralSpearStrike","floor":6,"key":"SMITH"},{"data":"theDuelist:SpiralSpearStrike+1","floor":8,"key":"SMITH"},{"floor":15,"key":"REST"},{"data":"theDuelist:CastleDragonSouls","floor":23,"key":"SMITH"},{"data":"ReplayTheSpireMod:Chaos Vortex","floor":25,"key":"SMITH"},{"floor":32,"key":"REST"},{"floor":40,"key":"REST"},{"floor":42,"key":"REST"},{"data":"theDuelist:SliferSky","floor":44,"key":"SMITH"},{"data":"theDuelist:SpiralSpearStrike+2","floor":51,"key":"SMITH"}],"circlet_count":0,"master_deck":["theDuelist:BabyDragon","theDuelist:CaveDragon","theDuelist:ShardGreed+1","theDuelist:CyberDragonCore","theDuelist:LightningDarts+1","theDuelist:MirageDragon","theDuelist:Sparks","theDuelist:CastleWalls","theDuelist:Sparks","theDuelist:LesserDragon","theDuelist:TyrantWing+1","theDuelist:CastleWalls","theDuelist:CastleDragonSouls+1","theDuelist:SliferSky+1","theDuelist:TwinHeadedFire+1","theDuelist:SpiralSpearStrike+3","theDuelist:YamataDragon","theDuelist:HaneHane","ReplayTheSpireMod:Chaos Vortex+1","theDuelist:GravityLash","theDuelist:MaskedDragon","theDuelist:LesserDragon","theDuelist:CaveDragon","infinitespire:Gouge","Parasite"],"relics":["theDuelist:MillenniumPuzzle","theDuelist:CardPoolRelic","theDuelist:CardPoolBasicRelic","theDuelist:BoosterPackPoolRelic","theDuelist:CardPoolAddRelic","theDuelist:CardPoolMinusRelic","theDuelist:CardPoolSaveRelic","theDuelist:CardPoolOptionsRelic","Golden Idol","theDuelist:MillenniumPeriapt","Centennial Puzzle","Replay:Byrd Feeder","ReplayTheSpireMod:Spearhead","aspiration:ServantSkillbook","Snake Skull","hubris:AncientText","Gensokyo:SpiderMask","Lantern","potionbrewer:BhaskarasWheel","Regal Pillow","ReplayTheSpireMod:TigerMarble","theDuelist:DuelistUrn","Calipers","potionbrewer:DrinkingBird","TungstenRod"],"acts_visited":["Exordium","Exordium","TheBeyond"],"potions_floor_usage":[12,14,16,29,37,52,52,52,52],"damage_taken":[{"damage":5,"enemies":"2 Louse","floor":1,"turns":2},{"damage":0,"enemies":"Small Slimes","floor":7,"turns":2},{"damage":5,"enemies":"Gremlin Nob","floor":10,"turns":4},{"damage":5,"enemies":"Jaw Worm","floor":11,"turns":2},{"damage":22,"enemies":"3 Sentries","floor":12,"turns":4},{"damage":10,"enemies":"Exordium Wildlife","floor":14,"turns":3},{"damage":4,"enemies":"Slime Boss","floor":16,"turns":10},{"damage":0,"enemies":"Gensokyo:Chomper","floor":18,"turns":3},{"damage":0,"enemies":"Gensokyo:3_Dogs","floor":21,"turns":6},{"damage":8,"enemies":"Gensokyo:Reisen","floor":24,"turns":6},{"damage":14,"enemies":"Gensokyo:Wraith","floor":28,"turns":4},{"damage":8,"enemies":"Gensokyo:Chomper_and_Gloop","floor":29,"turns":6},{"damage":24,"enemies":"Gensokyo:Eternal_Rivals","floor":33,"turns":7},{"damage":8,"enemies":"3 Darklings","floor":35,"turns":5},{"damage":24,"enemies":"3 Shapes","floor":37,"turns":6},{"damage":0,"enemies":"3 Darklings","floor":45,"turns":5},{"damage":16,"enemies":"2 Orb Walkers","floor":47,"turns":4},{"damage":0,"enemies":"Writhing Mass","floor":50,"turns":2},{"damage":56,"enemies":"infinitespire:MassOfShapes","floor":52,"turns":10}],"seed_played":"-1084649723604125157","potions_obtained":[{"floor":1,"key":"potionbrewer:HastePotion"},{"floor":10,"key":"FearPotion"},{"floor":12,"key":"theDuelist:SealedPackD"},{"floor":24,"key":"potionbrewer:CleansingPotion"},{"floor":33,"key":"Swift Potion"},{"floor":35,"key":"potionbrewer:NoxiousPotion"},{"floor":45,"key":"theDuelist:DragonfirePotion"}],"is_trial":false,"path_per_floor":["M","?","?","$","?","R","M","R","T","E","M","E","$","M","R","B",null,"M","?","AVR","M","?","R","E","R","T","?","M","M","T","COS","R","B",null,"M","$","M","?","?","R","?","R","T","R","M","?","?","PTL","PTL","M","R","B",null],"character_chosen":"THE_DUELIST","items_purchased":["ReplayTheSpireMod:Spearhead","Regal Pillow","ReplayTheSpireMod:TigerMarble"],"campfire_rested":4,"item_purchase_floors":[13,36,36],"current_hp_per_floor":[67,67,67,67,67,67,67,67,67,62,57,35,35,25,47,43,66,66,66,66,66,66,66,58,58,58,58,44,36,36,36,57,33,61,53,53,29,12,6,42,42,70,70,70,70,70,60,60,60,60,60,22],"gold":317,"neow_bonus":"","is_daily":false,"chose_seed":false,"campfire_upgraded":6,"win_rate":0.0,"timestamp":1609453365,"path_taken":["M","?","?","?","?","R","M","R","T","E","M","E","$","M","R","BOSS","M","?","AVR","M","?","R","E","R","T","?","M","M","?","COS","R","BOSS","M","$","M","?","?","R","?","R","T","R","?","?","?","PTL","PTL","M","R","BOSS"],"items_purchased_type":["Relic","Relic","Relic"],"build_version":"2020-12-22","purchased_purges":1,"victory":true,"max_hp_per_floor":[80,74,74,74,74,74,74,74,74,74,74,74,74,74,74,74,74,74,74,74,74,70,70,70,70,70,70,70,70,70,70,70,70,70,70,70,70,70,70,70,70,70,70,70,70,70,70,70,70,70,70,70],"card_choices":[{"not_picked":["theDuelist:WhiteNightDragon","theDuelist:CyberRevsystem","theDuelist:GalaxySoldier","theDuelist:WhiteHornDragon"],"picked":"theDuelist:SpiralSpearStrike","floor":1},{"not_picked":["theDuelist:JurassicImpact","theDuelist:CastleDragonSouls","theDuelist:AutorokketDragon","theDuelist:ArtifactSanctum"],"picked":"theDuelist:SliferSky","floor":7},{"not_picked":["theDuelist:CyberDinosaur","theDuelist:CurseDragon","theDuelist:BusterBlader","theDuelist:DarkDriceratops"],"picked":"theDuelist:MirageDragon","floor":10},{"not_picked":["theDuelist:Duoterion","theDuelist:SilverDragon","theDuelist:CyberValley","theDuelist:AtomicScrapDragon"],"picked":"theDuelist:MaskedDragon","floor":11},{"not_picked":["theDuelist:Hinotama","theDuelist:PurplePainOni","theDuelist:RedMedicine","theDuelist:ReinforcementsArmy"],"picked":"theDuelist:HaneHane","floor":12},{"not_picked":["theDuelist:ViceDragon","theDuelist:MadSwordBeast","theDuelist:DarkHorus","theDuelist:BlackPtera","theDuelist:MadFlameKaiju"],"picked":"SKIP","floor":14},{"not_picked":["theDuelist:VoidOgreDragon","theDuelist:Scapegoat","theDuelist:DragonMastery","theDuelist:CyberDragonInfinity"],"picked":"theDuelist:GravityLash","floor":16},{"not_picked":["theDuelist:Mountain","theDuelist:DragonTreasure","theDuelist:DragonRavine"],"picked":"theDuelist:CastleDragonSouls","floor":18},{"not_picked":["theDuelist:Hydrogeddon","theDuelist:ScrapIronScarecrow+1","theDuelist:HazyFlameHydra","theDuelist:Earthquake"],"picked":"theDuelist:TwinHeadedFire+1","floor":21},{"not_picked":["theDuelist:StampingDestruction","theDuelist:Earthquake","theDuelist:SoulCharge","theDuelist:AncientRules","theDuelist:SpiralSpearStrike+1"],"picked":"SKIP","floor":24},{"not_picked":["theDuelist:BattleguardKing","theDuelist:Wiseman","theDuelist:Jinzo","theDuelist:RainbowBridge"],"picked":"theDuelist:ShardGreed","floor":28},{"not_picked":["theDuelist:Earthquake+1","theDuelist:CaveDragon","theDuelist:DefenseZone+1","theDuelist:SpiralSpearStrike+1"],"picked":"theDuelist:CyberDragonCore","floor":29},{"not_picked":["theDuelist:Hinotama","theDuelist:BlockGolem+1","theDuelist:BigEye","theDuelist:JamBreeding","theDuelist:FeatherPho+1"],"picked":"SKIP","floor":35},{"not_picked":["theDuelist:DragonRavine+1","theDuelist:DragonMirror+1","theDuelist:CyberLaserDragon+1","theDuelist:BerserkScales+1"],"picked":"theDuelist:TyrantWing+1","floor":37},{"not_picked":["infinitespire:NeuralNetwork","infinitespire:SealOfDarkness+"],"picked":"infinitespire:Gouge","floor":38},{"not_picked":["theDuelist:BattleguardKing","theDuelist:Hinotama","theDuelist:RainbowOverdragon","theDuelist:BigFire+1"],"picked":"theDuelist:LightningDarts+1","floor":45},{"not_picked":["theDuelist:MadFlameKaiju","theDuelist:CyberValley+1","theDuelist:BarrelDragon","theDuelist:ArmedDragon5+1","theDuelist:ArmedDragon3"],"picked":"SKIP","floor":50}],"player_experience":496365,"relics_obtained":[{"floor":10,"key":"Centennial Puzzle"},{"floor":12,"key":"Replay:Byrd Feeder"},{"floor":24,"key":"Snake Skull"},{"floor":26,"key":"hubris:AncientText"},{"floor":30,"key":"Lantern"},{"floor":43,"key":"Calipers"},{"floor":47,"key":"TungstenRod"}],"event_choices":[{"damage_healed":0,"gold_gain":0,"player_choice":"Lose Max HP","damage_taken":0,"relics_obtained":["Golden Idol"],"max_hp_gain":0,"max_hp_loss":6,"event_name":"Golden Idol","floor":2,"gold_loss":0},{"damage_healed":0,"gold_gain":0,"player_choice":"Took item - Received: Millennium Periapt","duelist":true,"damage_taken":0,"max_hp_gain":0,"max_hp_loss":0,"event_name":"Millennium Items","floor":3,"gold_loss":0},{"damage_healed":0,"gold_gain":0,"player_choice":"Left","damage_taken":0,"max_hp_gain":0,"max_hp_loss":0,"event_name":"betterThird:BetterGoop","floor":5,"gold_loss":25},{"damage_healed":0,"gold_gain":0,"player_choice":"Dig - random Duelist relic","duelist":true,"damage_taken":0,"max_hp_gain":0,"max_hp_loss":0,"event_name":"Aknamkanon\u0027s Tomb","floor":39,"gold_loss":0},{"damage_healed":0,"gold_gain":0,"player_choice":"Upgraded","damage_taken":0,"max_hp_gain":0,"max_hp_loss":0,"event_name":"Upgrade Shrine","floor":41,"gold_loss":0,"cards_upgraded":["theDuelist:ShardGreed"]},{"damage_healed":0,"gold_gain":0,"player_choice":"Fight","damage_taken":0,"max_hp_gain":0,"max_hp_loss":0,"event_name":"Mysterious Sphere","floor":47,"gold_loss":0}],"is_beta":false,"boss_relics":[{"not_picked":["Cursed Key","Painkiller Herb"],"picked":"aspiration:ServantSkillbook"},{"not_picked":["hubris:CrackedHourglass","infinitespire:Burning Sword"],"picked":"potionbrewer:BhaskarasWheel"}],"items_purged_floors":[4],"is_endless":false,"potions_floor_spawned":[1,10,12,24,29,33,35,45],"ascension_level":9}}