{"host":"jn2qdns2nxijvlnt","time":1609455906,"event":{"mods":["BaseMod","Minty Spire (QoL Compilation)","Quick Restart"],"gold_per_floor":[114,12,12,23,23,23,54,54,54,0,0,26,43,43,43,117,117,134,134,1,20,37,37,87,87,87],"floor_reached":25,"playtime":1075,"items_purged":[],"score":414,"play_id":"bd0b500c-bdc8-43c2-bb04-7b37328ff5de","local_time":"20201231180506","is_ascension_mode":true,"campfire_choices":[{"floor":6.0,"key":"REST"},{"floor":8.0,"key":"REST"},{"floor":15.0,"key":"REST"},{"floor":23.0,"key":"REST"}],"circlet_count":0,"master_deck":["AscendersBane","Strike_R","Strike_R","Strike_R","Strike_R","Strike_R","Defend_R","Defend_R","Defend_R","Defend_R","Bash","Inflame","Swift Strike","Headbutt","Seeing Red","Shrug It Off+1","Blood for Blood","Shockwave+1","Demon Form","Heavy Blade"],"relics":["Burning Blood","Vajra","Orichalcum","Pen Nib","Toxic Egg 2","Bottled Lightning","Question Card","SlaversCollar"],"acts_visited":["Exordium","TheCity"],"potions_floor_usage":[],"damage_taken":[{"damage":12.0,"enemies":"Cultist","floor":1.0,"turns":4.0},{"damage":14.0,"enemies":"Small Slimes","floor":4.0,"turns":3.0},{"damage":28.0,"enemies":"Lagavulin","floor":7.0,"turns":4.0},{"damage":24.0,"enemies":"Gremlin Nob","floor":12.0,"turns":4.0},{"damage":2.0,"enemies":"2 Louse","floor":13.0,"turns":2.0},{"damage":21.0,"enemies":"Hexaghost","floor":16.0,"turns":6.0},{"damage":39.0,"enemies":"3 Byrds","floor":18.0,"turns":6.0},{"damage":10.0,"enemies":"2 Thieves","floor":21.0,"turns":3.0},{"damage":16.0,"enemies":"3 Cultists","floor":22.0,"turns":5.0},{"damage":44,"enemies":"Slavers","floor":25,"turns":3}],"seed_played":"7583331933721640340","potions_obtained":[{"floor":1.0,"key":"SpeedPotion"},{"floor":12.0,"key":"LiquidBronze"},{"floor":13.0,"key":"Dexterity Potion"},{"floor":21.0,"key":"Strength Potion"}],"is_trial":false,"path_per_floor":["M","$","?","M","?","R","E","R","T","$","$","E","M","T","R","B",null,"M","?","$","M","M","R","?","E"],"character_chosen":"IRONCLAD","items_purchased":["Swift Strike","Shrug It Off+1","DuplicationPotion","Strength Potion"],"campfire_rested":4,"item_purchase_floors":[2,10,20,20],"current_hp_per_floor":[62,62,44,36,36,58,36,58,58,58,58,40,44,44,66,51,69,36,36,36,32,22,44,44,0,0],"gold":87,"neow_bonus":"RANDOM_COMMON_RELIC","is_daily":false,"chose_seed":false,"campfire_upgraded":0,"win_rate":0.0,"timestamp":1609455906,"path_taken":["M","?","?","M","?","R","E","R","T","?","$","E","M","?","R","BOSS","M","?","$","M","?","R","?","E"],"items_purchased_type":["Card","Card","Potion","Potion"],"build_version":"2020-12-22","purchased_purges":0,"victory":false,"max_hp_per_floor":[75,75,75,75,75,75,75,75,75,75,75,75,75,75,75,75,75,75,75,75,75,75,75,75,75,75],"card_choices":[{"not_picked":["Pommel Strike","True Grit"],"picked":"Inflame","floor":1.0},{"not_picked":["Warcry","Sentinel"],"picked":"Headbutt","floor":4.0},{"not_picked":["Dropkick","Feel No Pain"],"picked":"Seeing Red","floor":7.0},{"not_picked":["Clash","Warcry+1"],"picked":"Blood for Blood","floor":12.0},{"not_picked":["Iron Wave","Pommel Strike"],"picked":"Shockwave+1","floor":13.0},{"not_picked":["Corruption","Bludgeon","Offering+1"],"picked":"Demon Form","floor":16.0},{"not_picked":["True Grit+1","Armaments+1","Havoc+1"],"picked":"Heavy Blade","floor":18.0},{"not_picked":["Havoc+1","Warcry+1","Rupture","True Grit+1"],"picked":"SKIP","floor":21.0},{"not_picked":["Headbutt","Reckless Charge","Pummel","Second Wind+1"],"picked":"SKIP","floor":22.0}],"player_experience":449636,"relics_obtained":[{"floor":7.0,"key":"Pen Nib"},{"floor":9.0,"key":"Toxic Egg 2"},{"floor":12.0,"key":"Bottled Lightning"},{"floor":14.0,"key":"Question Card"}],"event_choices":[{"damage_healed":0.0,"max_hp_gain":0.0,"max_hp_loss":0.0,"gold_gain":0.0,"event_name":"Scrap Ooze","player_choice":"Success","floor":3.0,"gold_loss":0.0,"damage_taken":18.0,"relics_obtained":["Orichalcum"]},{"damage_healed":0.0,"max_hp_gain":0.0,"max_hp_loss":0.0,"gold_gain":0.0,"event_name":"Shining Light","player_choice":"Ignored","floor":5.0,"gold_loss":0.0,"damage_taken":0.0},{"damage_healed":0.0,"max_hp_gain":0.0,"max_hp_loss":0.0,"gold_gain":0.0,"event_name":"Match and Keep!","player_choice":"0 cards matched","floor":19.0,"gold_loss":0.0,"damage_taken":0.0,"cards_obtained":[]},{"damage_healed":0.0,"max_hp_gain":0.0,"max_hp_loss":0.0,"gold_gain":50.0,"event_name":"Nest","player_choice":"Stole From Cult","floor":24.0,"gold_loss":0.0,"damage_taken":0.0}],"is_beta":false,"boss_relics":[{"not_picked":["Empty Cage","Black Star"],"picked":"SlaversCollar"}],"items_purged_floors":[],"is_endless":false,"potions_floor_spawned":[1,12,13,21],"killed_by":"Slavers","ascension_level":20}}