{"host":"gj3450u0c4def4mj","time":1609422046,"event":{"mods":["2.2 Compatiblity","Act Like it!","BaseMod","Minty Spire (QoL Compilation)","Permanent Neow","StSLib","Td1madao Mod"],"gold_per_floor":[113,129,57,57,57,57,74,106,106,106,5,80,160,179,179,282,282,296,153,68,167,185,185,219,7,7,7,7,7,7,20,20,123,123,133,54,54,54,73,73,104,114,114,114,114,129,140,16,16,16],"floor_reached":51,"playtime":2346,"items_purged":["Strike_C"],"score":714,"play_id":"296feec1-ab7f-4c5e-b75f-bdaf1cf8f14a","local_time":"20201231084046","is_ascension_mode":false,"campfire_choices":[{"data":"E MP","floor":6.0,"key":"SMITH"},{"data":"Black Execution","floor":10,"key":"SMITH"},{"data":"Black Shadow","floor":15,"key":"SMITH"},{"data":"Furious","floor":23,"key":"SMITH"},{"data":"Apotheosis","floor":29,"key":"SMITH"},{"floor":32,"key":"REST"},{"floor":40,"key":"REST"},{"floor":44,"key":"REST"},{"floor":49,"key":"REST"}],"circlet_count":0,"master_deck":["Strike_C","Defend_C","Defend_C","Defend_C","Defend_C","Knight Kick","Chip","Preloading","E MP+1","Floating Even","Black Shadow+1","Black Execution+1","Fire Blade","Afterwards","Preloading","Furious+1","Fire Blade","Preparedness","Black Spear+1","Apotheosis+1","Preloading","Chip Synthesis","E MP+1","E MP","Fire Blade+1","Preloading","Black Spear"],"relics":["Apod","InkBottle","StrikeDummy","Bottled Flame","Foreshadowing","Turnip","Akabeko","Gambling Chip","Philosopher\u0027s Stone","Blue Candle","HornCleat"],"acts_visited":["Exordium","TheCity","TheBeyond"],"potions_floor_usage":[50,50],"damage_taken":[{"damage":0.0,"enemies":"2 Louse","floor":1.0,"turns":3.0},{"damage":0.0,"enemies":"Small Slimes","floor":2.0,"turns":4.0},{"damage":5,"enemies":"Jaw Worm","floor":7,"turns":5},{"damage":14,"enemies":"3 Sentries","floor":8,"turns":5},{"damage":4,"enemies":"Looter","floor":14,"turns":4},{"damage":18,"enemies":"Hexaghost","floor":16,"turns":10},{"damage":6,"enemies":"Chosen","floor":18,"turns":4},{"damage":8,"enemies":"Spheric Guardian","floor":22,"turns":6},{"damage":29,"enemies":"Slavers","floor":24,"turns":5},{"damage":0,"enemies":"Snake Plant","floor":31,"turns":5},{"damage":15,"enemies":"Collector","floor":33,"turns":7},{"damage":28,"enemies":"3 Darklings","floor":35,"turns":4},{"damage":0,"enemies":"3 Shapes","floor":39,"turns":5},{"damage":23,"enemies":"Nemesis","floor":41,"turns":7},{"damage":23,"enemies":"Maw","floor":42,"turns":7},{"damage":12,"enemies":"Spire Growth","floor":46,"turns":5},{"damage":10,"enemies":"4 Shapes","floor":47,"turns":4},{"damage":3,"enemies":"Awakened One","floor":50,"turns":11}],"seed_played":"4565555325795057147","potions_obtained":[{"floor":7,"key":"Block Potion"},{"floor":16,"key":"CultistPotion"},{"floor":22,"key":"BlessingOfTheForge"}],"is_trial":false,"path_per_floor":["M","M","$","?","?","R","M","E","T","R","$","?","T","M","R","B",null,"M","$","?","?","M","R","E","$","T","?","?","R","$","M","R","B",null,"M","$","?","$","M","R","E","M","T","R","?","M","M","$","R","B",null],"character_chosen":"TD1MADAO_CLASS","items_purchased":["E MP","Fire Blade","Afterwards","Preparedness","Apotheosis","Preloading","E MP","Preloading","Black Spear"],"campfire_rested":4,"item_purchase_floors":[3,11,11,19,25,25,36,48,48],"current_hp_per_floor":[77,77,77,82,82,82,77,63,63,63,63,52,52,48,48,30,82,76,76,76,76,68,68,39,39,39,39,39,39,39,39,63,48,82,54,54,54,54,54,78,55,32,32,56,56,44,34,34,58,55],"gold":16,"neow_bonus":"TEN_PERCENT_HP_BONUS","is_daily":false,"chose_seed":false,"campfire_upgraded":5,"win_rate":0.0,"timestamp":1609422046,"path_taken":["M","M","$","?","?","R","M","E","T","R","?","?","?","M","R","BOSS","M","$","?","?","M","R","E","$","T","?","?","R","?","M","R","BOSS","M","$","?","?","M","R","E","M","T","R","?","M","M","$","R","BOSS"],"items_purchased_type":["Card","Card","Card","Card","Card","Card","Card","Card","Card"],"build_version":"2020-12-22","purchased_purges":1,"victory":true,"max_hp_per_floor":[77,77,77,82,82,82,82,82,82,82,82,82,82,82,82,82,82,82,82,82,82,82,82,82,82,82,82,82,82,82,82,82,82,82,82,82,82,82,82,82,82,82,82,82,82,82,82,82,82,82],"card_choices":[{"not_picked":["Black Shadow","Revenge","Resistance"],"picked":"SKIP","floor":1.0},{"not_picked":["Lunge","Three Hit"],"picked":"Preloading","floor":2.0},{"not_picked":["Afterwards","Backup"],"picked":"Black Shadow","floor":7},{"not_picked":["Bugfix","Format All Data"],"picked":"Black Execution","floor":8},{"not_picked":["Light Attack","Afterwards"],"picked":"Preloading","floor":14},{"not_picked":["Backup","Chip Synthesis"],"picked":"Furious","floor":16},{"not_picked":["Ruin Defend","Preloading+1"],"picked":"Fire Blade","floor":18},{"not_picked":["Gravity Defend","Resistance"],"picked":"Black Spear+1","floor":22},{"not_picked":["Judgment+1","Black Spear","Revenge"],"picked":"SKIP","floor":24},{"not_picked":["Machining+1","Light Attack","Floating Swing Kick+1"],"picked":"SKIP","floor":31},{"not_picked":["Retrieval Recycling","Format All Data"],"picked":"Chip Synthesis","floor":33},{"not_picked":["Oblique Hack","Afterwards","Here Defend Chip"],"picked":"SKIP","floor":35},{"not_picked":["Judgment","Provocative","Defend System+1"],"picked":"SKIP","floor":39},{"not_picked":["Black Contract","Judgment+1"],"picked":"E MP","floor":41},{"not_picked":["Afterwards","Gravity Defend","Three Hit+1"],"picked":"SKIP","floor":42},{"not_picked":["Twin Teeth","Judgment+1","Sudden Beat"],"picked":"SKIP","floor":46},{"not_picked":["Bugfix","Fire Up"],"picked":"Fire Blade+1","floor":47}],"player_experience":21654,"relics_obtained":[{"floor":8,"key":"InkBottle"},{"floor":9,"key":"StrikeDummy"},{"floor":13,"key":"Bottled Flame"},{"floor":24,"key":"Akabeko"},{"floor":26,"key":"Gambling Chip"},{"floor":41,"key":"Blue Candle"},{"floor":43,"key":"HornCleat"}],"event_choices":[{"damage_healed":0.0,"max_hp_gain":5.0,"max_hp_loss":0.0,"gold_gain":0.0,"event_name":"Big Fish","player_choice":"Donut","floor":4.0,"gold_loss":0.0,"damage_taken":0.0},{"damage_healed":0.0,"max_hp_gain":0.0,"max_hp_loss":0.0,"gold_gain":0.0,"cards_transformed":["Strike_C"],"event_name":"Living Wall","player_choice":"Change","floor":5.0,"gold_loss":0.0,"damage_taken":0.0,"cards_obtained":["Floating Even"]},{"damage_healed":0,"gold_gain":75,"player_choice":"Gather Gold","damage_taken":11,"max_hp_gain":0,"max_hp_loss":0,"event_name":"World of Goop","floor":12,"gold_loss":0},{"damage_healed":0,"gold_gain":0,"player_choice":"Obtained Relic","damage_taken":0,"relics_obtained":["Turnip"],"max_hp_gain":0,"max_hp_loss":0,"event_name":"Addict","floor":20,"gold_loss":85},{"damage_healed":0,"gold_gain":99,"player_choice":"Stole From Cult","damage_taken":0,"max_hp_gain":0,"max_hp_loss":0,"event_name":"Nest","floor":21,"gold_loss":0},{"damage_healed":0,"gold_gain":0,"player_choice":"Smashed Altar","damage_taken":0,"max_hp_gain":0,"max_hp_loss":0,"event_name":"Forgotten Altar","floor":27,"gold_loss":0,"cards_obtained":["Decay"]},{"cards_removed":["Decay"],"damage_healed":0,"gold_gain":0,"player_choice":"Elegance","damage_taken":0,"max_hp_gain":0,"max_hp_loss":0,"event_name":"Back to Basics","floor":28,"gold_loss":0},{"damage_healed":0,"gold_gain":0,"player_choice":"Forge","damage_taken":0,"max_hp_gain":0,"max_hp_loss":0,"event_name":"Accursed Blacksmith","floor":37,"gold_loss":0,"cards_upgraded":["E MP"]},{"cards_removed":["Strike_C"],"damage_healed":0,"gold_gain":0,"player_choice":"Purged","damage_taken":0,"max_hp_gain":0,"max_hp_loss":0,"event_name":"Purifier","floor":45,"gold_loss":0}],"is_beta":false,"boss_relics":[{"not_picked":["Velvet Choker","Astrolabe"],"picked":"Foreshadowing"},{"not_picked":["Runic Dome","Empty Cage"],"picked":"Philosopher\u0027s Stone"}],"items_purged_floors":[19],"is_endless":false,"potions_floor_spawned":[7,16,22,24,42,46],"ascension_level":0}}