{"host":"q79spna8ofw6hj3r","time":1609435212,"event":{"mods":["Aspiration","Bard","BaseMod","Beaked The Cultist","Bestiary","Better Altar","Better Match","Better Note","Better Sensory Stone","Better Skull","Better Third Choice","Better Vampires","BetterRewards","Block Reminder","Challenge The Spire","Colored Map","Colored Powertips","Conspire","Custom Start","Energized Spire","Friendly Minions","Halation","Hubris","Infinite Spire","Jedi Mod","Mimic Mod","Minty Spire (QoL Compilation)","Permanent Neow","Quick Restart","Relic Filter","Relic Sorter","Replay The Spire","Shop Mod","StSLib","SuperFastMode","Synergy Search","The Cursed","The Hierophant","The Runesmith","slay the spire mod where everything is the same but ironclad has a cowboy hat","vexMod"],"gold_per_floor":[111,57,57,57,67,94,113,113,113,113,79,79,97,110,110,212,212,222,222,222,222,338,338,348,348,348],"floor_reached":25,"playtime":1084,"items_purged":[],"score":226,"play_id":"016337aa-88f2-4000-b4c8-265e1f1ab284","local_time":"20201231192012","is_ascension_mode":false,"campfire_choices":[{"data":"beaked:Ceremony","floor":8,"key":"SMITH"},{"data":"beaked:Ceremony","floor":10,"key":"SMITH"},{"data":"beaked:MaddeningMurmurs","floor":15,"key":"SMITH"}],"circlet_count":0,"master_deck":["beaked:Strike_Y","beaked:Strike_Y","beaked:Strike_Y","beaked:Strike_Y","beaked:Strike_Y","beaked:Strike_Y","beaked:Defend_Y","beaked:Defend_Y","beaked:Defend_Y","beaked:Defend_Y","beaked:Ceremony+1","beaked:Ceremony+1","beaked:Ceremony+1","beaked:Poke","beaked:Insight","beaked:Strike_Y","beaked:Sacrifice","beaked:MaddeningMurmurs+1","beaked:MaddeningMurmurs+1","beaked:BraceForImpact","beaked:Sacrifice","Writhe","beaked:Poke"],"relics":["beaked:MendingPlumage","hubris:Icosahedron","Toy Ornithopter","Frozen Egg 2","hubris:Towel","beaked:MawFillet","infinitespire:Satchel"],"acts_visited":["Exordium","TheCity"],"potions_floor_usage":[16],"damage_taken":[{"damage":11,"enemies":"Jaw Worm","floor":1,"turns":5},{"damage":4,"enemies":"2 Louse","floor":5,"turns":4},{"damage":43,"enemies":"3 Sentries","floor":6,"turns":8},{"damage":12,"enemies":"Small Slimes","floor":7,"turns":11},{"damage":10,"enemies":"Blue Slaver","floor":13,"turns":8},{"damage":30,"enemies":"3 Louse","floor":14,"turns":7},{"damage":61,"enemies":"Fading Forest","floor":16,"turns":11},{"damage":35,"enemies":"3 Byrds","floor":18,"turns":8},{"damage":47,"enemies":"Shell Parasite","floor":22,"turns":8},{"damage":58,"enemies":"Snake Plant","floor":24,"turns":6},{"damage":32,"enemies":"Slavers","floor":25,"turns":1}],"seed_played":"928309231261643101","potions_obtained":[{"floor":5,"key":"Elixir"},{"floor":6,"key":"Block Potion"},{"floor":7,"key":"ColorlessPotion"},{"floor":14,"key":"LifebloodPotion"},{"floor":18,"key":"beaked:MendingBrew"}],"is_trial":false,"path_per_floor":["M","$","?","?","M","E","M","R","T","R","$","?","M","M","R","B",null,"M","?","PTL","PTL","M","?","M","E"],"character_chosen":"BEAKED_THE_CULTIST","items_purchased":["beaked:Insight","beaked:MaddeningMurmurs+1"],"campfire_rested":0,"item_purchase_floors":[2,11],"current_hp_per_floor":[50,50,50,50,50,28,44,44,44,44,44,44,56,48,48,45,59,56,56,56,56,48,48,20,0,0],"gold":348,"neow_bonus":"RANDOM_EVENT","is_daily":false,"chose_seed":false,"campfire_upgraded":3,"win_rate":0.0,"timestamp":1609435212,"path_taken":["M","$","?","?","M","E","M","R","T","R","?","?","?","?","R","BOSS","M","?","PTL","PTL","M","?","M","E"],"items_purchased_type":["Card","Card"],"build_version":"2020-12-22","purchased_purges":0,"victory":false,"max_hp_per_floor":[50,50,50,50,50,50,53,53,53,53,53,53,56,59,59,59,59,65,65,65,65,68,68,71,71,71],"card_choices":[{"not_picked":["beaked:Poke","beaked:Cower","beaked:MimicHuntress"],"picked":"SKIP","floor":1},{"not_picked":["beaked:Cower","beaked:MimicHuntress"],"picked":"beaked:Poke","floor":1},{"not_picked":["beaked:SurvivalInstinct","beaked:CursingBlood","beaked:MimicHuntress"],"picked":"SKIP","floor":5},{"not_picked":["beaked:SacrificialDive","beaked:SurvivalInstinct"],"picked":"beaked:Sacrifice","floor":6},{"not_picked":["beaked:BarbedWire","beaked:Tweet"],"picked":"beaked:MaddeningMurmurs","floor":7},{"not_picked":["beaked:Pecker","beaked:Resilience","beaked:WarriorEssence"],"picked":"SKIP","floor":13},{"not_picked":["beaked:WarriorEssence","beaked:ShadowFade"],"picked":"beaked:BraceForImpact","floor":14},{"not_picked":["beaked:VolatileMisfortune+1","beaked:WildInstinct"],"picked":"beaked:Sacrifice","floor":16},{"not_picked":["beaked:Daydream","beaked:Mantra+1","beaked:Brace"],"picked":"SKIP","floor":18},{"not_picked":["beaked:DigDeep+1","beaked:BloodForTheGods","beaked:Cower"],"picked":"SKIP","floor":22},{"not_picked":["beaked:Caw","beaked:Poke","beaked:MimicWarrior"],"picked":"SKIP","floor":24},{"not_picked":["beaked:Caw","beaked:MimicWarrior"],"picked":"beaked:Poke","floor":24}],"player_experience":243314,"relics_obtained":[{"floor":6,"key":"Toy Ornithopter"},{"floor":9,"key":"Frozen Egg 2"}],"event_choices":[{"damage_healed":0,"gold_gain":0,"player_choice":"Grow","damage_taken":0,"max_hp_gain":0,"max_hp_loss":0,"event_name":"Living Wall","floor":0,"gold_loss":0,"cards_upgraded":["beaked:Ceremony"]},{"damage_healed":0,"gold_gain":1,"player_choice":"4","damage_taken":0,"max_hp_gain":0,"max_hp_loss":0,"event_name":"betterStone:BetterStone","floor":4,"gold_loss":0,"cards_obtained":["beaked:Strike_Y"]},{"cards_removed":["beaked:Poke"],"damage_healed":0,"gold_gain":0,"player_choice":"Give","damage_taken":0,"max_hp_gain":0,"max_hp_loss":0,"event_name":"betterNote:BetterNote","floor":19,"gold_loss":0,"cards_obtained":["None"]}],"is_beta":false,"boss_relics":[{"not_picked":["vexMod:ImprovementManual","hubris:GrandSneckoEye"],"picked":"beaked:MawFillet"}],"items_purged_floors":[],"is_endless":false,"potions_floor_spawned":[5,6,7,14,18,22,24],"killed_by":"Slavers","ascension_level":0}}