{"host":"yo9wwslrag05lh37","time":1609383204,"event":{"mods":["AchievementEnabler","BaseMod","Block Reminder","Colored Map","Colored Powertips","GifTheSpireLib","HexUI Lib","Highlight Path","Minty Spire (QoL Compilation)","Rare Cards Sparkle","Relic Stats","StSLib","everything is the same but u backflip on backflip"],"gold_per_floor":[13,29,49,14,34,34,61,77,77,102,27,27,57,73,73,148,148,167,167,92,102,122,122,153,153,153,68,12,12,12,12],"floor_reached":30,"playtime":1184,"items_purged":["Strike_B"],"score":516,"play_id":"f505f801-df2c-4c77-b5fa-ff6e5c7fba9c","local_time":"20201231035324","is_ascension_mode":true,"campfire_choices":[{"data":"Zap","floor":6,"key":"SMITH"},{"data":"Dualcast","floor":15,"key":"SMITH"},{"floor":23,"key":"REST"},{"data":"Coolheaded","floor":29,"key":"SMITH"}],"circlet_count":0,"master_deck":["AscendersBane","Defend_B","Defend_B","Defend_B","Zap+1","Dualcast+1","Skim","Cold Snap","Compile Driver","Cold Snap","Cold Snap","Doom and Gloom","Ball Lightning","Machine Learning","Gash","Coolheaded+1","Genetic Algorithm","Conserve Battery"],"relics":["Cracked Core","Pear","Orichalcum","Inserter","Molten Egg 2","Vajra"],"acts_visited":["Exordium","TheCity"],"potions_floor_usage":[7,21,22,30],"damage_taken":[{"damage":2,"enemies":"Jaw Worm","floor":1,"turns":4},{"damage":0,"enemies":"Small Slimes","floor":2,"turns":4},{"damage":6,"enemies":"2 Louse","floor":3,"turns":2},{"damage":17,"enemies":"Large Slime","floor":5,"turns":9},{"damage":15,"enemies":"Gremlin Nob","floor":7,"turns":4},{"damage":2,"enemies":"2 Fungi Beasts","floor":8,"turns":3},{"damage":20,"enemies":"3 Sentries","floor":10,"turns":8},{"damage":5,"enemies":"Looter","floor":14,"turns":2},{"damage":30,"enemies":"The Guardian","floor":16,"turns":12},{"damage":9,"enemies":"Chosen","floor":18,"turns":5},{"damage":10,"enemies":"3 Byrds","floor":21,"turns":4},{"damage":19,"enemies":"Snecko","floor":22,"turns":5},{"damage":41,"enemies":"Gremlin Leader","floor":24,"turns":8},{"damage":11,"enemies":"Snake Plant","floor":30,"turns":1}],"seed_played":"4171712885594491791","potions_obtained":[{"floor":2,"key":"Weak Potion"},{"floor":7,"key":"Ancient Potion"},{"floor":14,"key":"SkillPotion"},{"floor":24,"key":"Energy Potion"}],"is_trial":false,"path_per_floor":["M","M","M","?","M","R","E","M","T","E","$","?","?","M","R","B",null,"M","?","?","M","M","R","E","?","T","?","$","R","M"],"character_chosen":"DEFECT","items_purchased":["Conserve Battery"],"campfire_rested":1,"item_purchase_floors":[28],"current_hp_per_floor":[62,62,56,71,54,54,39,37,47,27,27,54,54,49,49,19,66,57,57,57,47,28,52,11,11,11,11,11,11,0,0],"gold":12,"neow_bonus":"TRANSFORM_TWO_CARDS","is_daily":false,"chose_seed":false,"campfire_upgraded":3,"win_rate":0.0,"timestamp":1609383204,"path_taken":["M","M","M","?","M","R","E","M","T","E","$","?","?","M","R","BOSS","M","?","?","M","M","R","E","?","T","?","$","R","M"],"items_purchased_type":["Card"],"build_version":"2020-12-22","purchased_purges":1,"victory":false,"max_hp_per_floor":[71,71,71,71,71,71,71,71,81,81,81,81,81,81,81,81,81,81,81,81,81,81,81,81,81,81,81,81,81,81,81],"relic_stats":{"Inserter":[11],"counters":[14,71],"Orichalcum":[96],"obtain_stats":[{"Pear":9,"Inserter":17,"Vajra":27,"Molten Egg 2":24,"Orichalcum":10,"Cracked Core":0},{"Pear":6,"Inserter":9,"Vajra":13,"Molten Egg 2":13,"Orichalcum":7,"Cracked Core":0},{"Pear":26,"Inserter":48,"Vajra":70,"Molten Egg 2":70,"Orichalcum":34,"Cracked Core":0}]},"card_choices":[{"not_picked":["Leap","Chaos","Steam"],"picked":"SKIP","floor":1},{"not_picked":["Barrage","Conserve Battery"],"picked":"Compile Driver","floor":2},{"not_picked":["Recycle","Fusion","Turbo"],"picked":"SKIP","floor":3},{"not_picked":["Self Repair","Double Energy"],"picked":"Cold Snap","floor":5},{"not_picked":["White Noise","Scrape"],"picked":"Cold Snap","floor":7},{"not_picked":["Cold Snap","Redo","Coolheaded"],"picked":"SKIP","floor":8},{"not_picked":["Gash","Stack"],"picked":"Doom and Gloom","floor":10},{"not_picked":["Double Energy","Amplify"],"picked":"Ball Lightning","floor":14},{"not_picked":["Amplify","Creative AI"],"picked":"Machine Learning","floor":16},{"not_picked":["Force Field","Heatsinks"],"picked":"Gash","floor":18},{"not_picked":["Barrage","Aggregate"],"picked":"Coolheaded","floor":21},{"not_picked":["Barrage","Aggregate"],"picked":"Genetic Algorithm","floor":22},{"not_picked":["Double Energy","BootSequence","Tempest"],"picked":"SKIP","floor":24}],"player_experience":1427537,"relics_obtained":[{"floor":9,"key":"Pear"},{"floor":10,"key":"Orichalcum"},{"floor":24,"key":"Molten Egg 2"}],"event_choices":[{"damage_healed":17,"gold_gain":0,"player_choice":"Healed","damage_taken":0,"max_hp_gain":0,"max_hp_loss":0,"event_name":"The Cleric","floor":4,"gold_loss":35},{"damage_healed":27,"gold_gain":0,"player_choice":"Banana","damage_taken":0,"max_hp_gain":0,"max_hp_loss":0,"event_name":"Big Fish","floor":12,"gold_loss":0},{"damage_healed":0,"gold_gain":30,"player_choice":"Searched \u00271\u0027 times","damage_taken":0,"max_hp_gain":0,"max_hp_loss":0,"event_name":"Dead Adventurer","floor":13,"gold_loss":0},{"damage_healed":0,"gold_gain":0,"player_choice":"Ignored","damage_taken":0,"max_hp_gain":0,"max_hp_loss":0,"event_name":"Vampires","floor":19,"gold_loss":0},{"cards_removed":["Strike_B"],"damage_healed":0,"gold_gain":0,"player_choice":"Gave Gold","damage_taken":0,"max_hp_gain":0,"max_hp_loss":0,"event_name":"Beggar","floor":20,"gold_loss":75},{"cards_removed":["Strike_B"],"damage_healed":0,"gold_gain":0,"player_choice":"Elegance","damage_taken":0,"max_hp_gain":0,"max_hp_loss":0,"event_name":"Back to Basics","floor":25,"gold_loss":0},{"damage_healed":0,"gold_gain":0,"player_choice":"Obtained Relic","damage_taken":0,"relics_obtained":["Vajra"],"max_hp_gain":0,"max_hp_loss":0,"event_name":"Addict","floor":27,"gold_loss":85}],"is_beta":false,"boss_relics":[{"not_picked":["SacredBark","Empty Cage"],"picked":"Inserter"}],"items_purged_floors":[11],"is_endless":false,"potions_floor_spawned":[2,7,14,18,24],"killed_by":"Snake Plant","ascension_level":20}}