{"host":"0luxfixkkfk9wck3","time":1609383786,"event":{"mods":["BaseMod","Downfall","Highlight Path","Minty Spire (QoL Compilation)","StSLib"],"gold_per_floor":[99,99,99,99,99,99,99,1,1,1,33,53,53,85,104,204,204,129,145,163,25,25,25,25,25,35,51,51,82,100,114,132,229,229,79,94,107,43,43,43,43,69,83,83,83,68,83,93,109,109],"floor_reached":51,"playtime":13531,"items_purged":["Guardian:Strike_Guardian"],"score":826,"play_id":"a2f01f37-1070-47d1-a2d7-0c166de2f151","local_time":"20201230210306","is_ascension_mode":true,"campfire_choices":[{"data":"Guardian:TwinSlam","floor":1,"key":"SMITH"},{"floor":9,"key":"RECALL"},{"data":"Guardian:Incinerate","floor":13,"key":"SMITH"},{"data":"Guardian:GatlingBeam","floor":18,"key":"SMITH"},{"data":"Guardian:BronzeArmor","floor":25,"key":"SMITH"},{"data":"Guardian:SentryBeam","floor":35,"key":"SMITH"},{"data":"Guardian:TemporalStrike","floor":40,"key":"SMITH"},{"floor":44,"key":"REST"}],"circlet_count":0,"master_deck":["Guardian:Strike_Guardian","Guardian:Defend_Guardian","Guardian:Defend_Guardian","Guardian:Defend_Guardian","Guardian:Defend_Guardian+1","Guardian:CurlUp","Guardian:TwinSlam+1","Guardian:PiercingHide+1","Guardian:Reroute+1","Guardian:Incinerate+1","Guardian:TimeCapacitor+1","Guardian:BronzeArmor+1","Guardian:GatlingBeam+1","Guardian:SentryBeam+1","Guardian:TimeSifter+1","Guardian:Planning","Guardian:TemporalStrike+1","Guardian:SentryBeam+1","Guardian:Planning","Guardian:AncientConstruct+1","Guardian:GatlingBeam","CurseOfTheBell","Guardian:PiercingHide+1","Guardian:BronzeOrb+1","Guardian:ShieldCharger","Guardian:TemporalShield+1","Guardian:Gem_White","Guardian:TimeCapacitor+1","Guardian:FuturePlans+1"],"relics":["Guardian:ModeShifter","downfall:HeartsMalice","War Paint","Frozen Egg 2","FaceOfCleric","MealTicket","Bronze Scales","SacredBark","downfall:HeartBlessingRed","Dream Catcher","Letter Opener","Calling Bell","Art of War","InkBottle","Calipers","downfall:HeartBlessingBlue","downfall:HeartBlessingGreen","HornCleat","Boot"],"acts_visited":["Exordium","TheCity","TheBeyond"],"potions_floor_usage":[11,31,33,50],"damage_taken":[{"damage":0,"enemies":"Jaw Worm","floor":2,"turns":1},{"damage":0,"enemies":"Cultist","floor":4,"turns":1},{"damage":0,"enemies":"Small Slimes","floor":5,"turns":1},{"damage":0,"enemies":"downfall:FleeingMerchant","floor":8,"turns":4},{"damage":14,"enemies":"Gremlin Nob","floor":11,"turns":4},{"damage":7,"enemies":"Exordium Wildlife","floor":12,"turns":6},{"damage":14,"enemies":"3 Sentries","floor":14,"turns":8},{"damage":0,"enemies":"Large Slime","floor":15,"turns":6},{"damage":41,"enemies":"downfall:Defect","floor":16,"turns":9},{"damage":0,"enemies":"3 Byrds","floor":19,"turns":3},{"damage":17,"enemies":"Snake Plant","floor":20,"turns":3},{"damage":6,"enemies":"downfall:FleeingMerchant","floor":21,"turns":4},{"damage":4,"enemies":"Cultist and Chosen","floor":26,"turns":4},{"damage":7,"enemies":"3 Cultists","floor":27,"turns":4},{"damage":36,"enemies":"Gremlin Leader","floor":29,"turns":7},{"damage":4,"enemies":"Sentry and Sphere","floor":30,"turns":4},{"damage":0,"enemies":"Chosen and Byrds","floor":31,"turns":4},{"damage":10,"enemies":"Centurion and Healer","floor":32,"turns":6},{"damage":12,"enemies":"downfall:Watcher","floor":33,"turns":6},{"damage":20,"enemies":"3 Darklings","floor":36,"turns":5},{"damage":10,"enemies":"Orb Walker","floor":37,"turns":4},{"damage":0,"enemies":"downfall:FleeingMerchant","floor":38,"turns":4},{"damage":3,"enemies":"Nemesis","floor":42,"turns":7},{"damage":5,"enemies":"Writhing Mass","floor":43,"turns":5},{"damage":0,"enemies":"downfall:FleeingMerchant","floor":46,"turns":4},{"damage":8,"enemies":"Sphere and 2 Shapes","floor":47,"turns":4},{"damage":0,"enemies":"Maw","floor":48,"turns":6},{"damage":3,"enemies":"Jaw Worm Horde","floor":49,"turns":3},{"damage":34,"enemies":"downfall:Silent","floor":50,"turns":8}],"seed_played":"3250958669171029644","potions_obtained":[{"floor":11,"key":"SteroidPotion"},{"floor":14,"key":"Guardian:StasisDiscoveryPotion"},{"floor":15,"key":"BlessingOfTheForge"},{"floor":27,"key":"SkillPotion"},{"floor":31,"key":"FearPotion"},{"floor":37,"key":"DistilledChaos"}],"is_trial":false,"path_per_floor":["R","M","?","M","M","T","T","$","R","?","E","M","R","E","M","B",null,"R","M","M","$","T","?","T","R","M","M","?","E","M","M","M","B",null,"R","M","M","$","?","R","T","E","M","R","?","$","M","M","M","B",null],"character_chosen":"GUARDIAN","items_purchased":["Guardian:Gem_Yellow","AttackPotion","Guardian:Planning","Strength Potion"],"campfire_rested":1,"item_purchase_floors":[8,8,21,38],"current_hp_per_floor":[80,80,80,80,80,80,80,80,80,80,67,61,61,48,49,9,85,85,86,70,80,80,80,80,80,77,71,71,36,33,34,25,14,95,105,86,77,93,85,85,85,83,79,110,110,111,104,105,103,70],"gold":109,"neow_bonus":"THREE_ENEMY_KILL","is_daily":false,"chose_seed":false,"campfire_upgraded":6,"win_rate":0.0,"timestamp":1609383786,"path_taken":["R","M","?","?","M","?","T","?","R","?","E","M","R","E","M","BOSS","R","M","M","$","?","?","T","R","M","?","?","E","M","M","M","BOSS","R","M","M","?","?","R","T","E","?","R","?","$","M","?","M","BOSS"],"items_purchased_type":["Card","Potion","Card","Potion"],"build_version":"2020-12-22","purchased_purges":1,"victory":true,"max_hp_per_floor":[80,80,80,80,80,80,80,80,80,80,81,82,82,83,84,85,85,85,86,87,88,88,88,88,88,89,90,90,91,92,93,94,95,95,105,106,107,108,108,108,108,109,110,110,110,111,112,113,114,115],"card_choices":[{"not_picked":["Guardian:Preprogram","Guardian:Incinerate"],"picked":"Guardian:PiercingHide","floor":2},{"not_picked":["Guardian:ChargeCore","Guardian:Planning"],"picked":"Guardian:Reroute","floor":4},{"not_picked":["Guardian:TemporalShield","Guardian:RollAttack"],"picked":"Guardian:Gem_Green","floor":5},{"not_picked":["Guardian:Gem_Red","Guardian:Gem_Lightblue"],"picked":"Guardian:Incinerate","floor":8},{"not_picked":["Guardian:HyperBeam_Guardian","Guardian:Gem_Green"],"picked":"Guardian:TimeCapacitor+1","floor":11},{"not_picked":["Guardian:Gem_Green","Guardian:RollAttack"],"picked":"Guardian:Gem_Fragmented","floor":12},{"not_picked":["Guardian:VentSteam","Guardian:SpikerProtocol+1"],"picked":"Guardian:BronzeArmor","floor":14},{"not_picked":["Guardian:TemporalShield","Guardian:Suspension"],"picked":"Guardian:Gem_Blue","floor":15},{"not_picked":["Guardian:FastForward","Guardian:SphericShield"],"picked":"Guardian:GatlingBeam","floor":16},{"not_picked":["Guardian:PrimingBeam","Guardian:EvasiveProtocol+1"],"picked":"Guardian:SentryBeam+1","floor":19},{"not_picked":["Guardian:VentSteam","Guardian:Gem_Green"],"picked":"Guardian:TimeSifter+1","floor":20},{"not_picked":["Guardian:PrimingBeam","Guardian:Incinerate","Guardian:MultiBeam"],"picked":"SKIP","floor":21},{"not_picked":["Guardian:PolyBeam","Guardian:Gem_Lightblue"],"picked":"Guardian:TemporalStrike","floor":26},{"not_picked":["Guardian:DonusPower+1","Guardian:Harden+1"],"picked":"Guardian:SentryBeam","floor":27},{"not_picked":["Guardian:PiercingHide","Guardian:Gem_Lightblue"],"picked":"Guardian:Planning","floor":29},{"not_picked":["Guardian:TimeBomb","Guardian:SentryBeam","Guardian:PiercingHide+1"],"picked":"SKIP","floor":30},{"not_picked":["Guardian:PolyBeam","Guardian:PrismaticBarrier+1"],"picked":"Guardian:AncientConstruct+1","floor":31},{"not_picked":["Guardian:WalkerClaw","Guardian:MultiBeam","Guardian:Repulse+1"],"picked":"SKIP","floor":32},{"not_picked":["Guardian:TimeSifter+1","Guardian:BaubleBeam"],"picked":"Guardian:GatlingBeam","floor":33},{"not_picked":["Guardian:PrismaticBeam+1","Guardian:DecasProtection"],"picked":"Guardian:PiercingHide+1","floor":36},{"not_picked":["Guardian:MultiBeam","Guardian:Recover+1"],"picked":"Guardian:BronzeOrb+1","floor":37},{"not_picked":["Guardian:HyperBeam_Guardian","Guardian:CrystalBeam+1"],"picked":"Guardian:Gem_White","floor":38},{"not_picked":["Guardian:ChargeCore+1","Guardian:CrystalBeam+1"],"picked":"Guardian:ShieldCharger","floor":42},{"not_picked":["Guardian:Incinerate+1","Guardian:FloatingOrbs+1"],"picked":"Guardian:TemporalShield+1","floor":43},{"not_picked":["Guardian:BaubleBeam","Guardian:Recover","Guardian:Planning"],"picked":"SKIP","floor":46},{"not_picked":["Guardian:FloatingOrbs+1","Guardian:Gem_Cyan"],"picked":"Guardian:Gem_White","floor":47},{"not_picked":["Guardian:Suspension+1","Guardian:Recover+1"],"picked":"Guardian:TimeCapacitor+1","floor":48},{"not_picked":["Guardian:VentSteam+1","Guardian:Reroute"],"picked":"Guardian:FuturePlans+1","floor":49}],"player_experience":10784589,"relics_obtained":[{"floor":6,"key":"War Paint"},{"floor":7,"key":"Frozen Egg 2"},{"floor":11,"key":"MealTicket"},{"floor":14,"key":"Bronze Scales"},{"floor":24,"key":"Dream Catcher"},{"floor":29,"key":"Letter Opener"},{"floor":34,"key":"Art of War"},{"floor":34,"key":"InkBottle"},{"floor":34,"key":"Calipers"},{"floor":41,"key":"HornCleat"},{"floor":42,"key":"Boot"}],"event_choices":[{"cards_removed":["Guardian:Strike_Guardian"],"damage_healed":0,"gold_gain":0,"player_choice":"Offered Basic","damage_taken":0,"max_hp_gain":0,"max_hp_loss":0,"event_name":"Bonfire Elementals","floor":3,"gold_loss":0},{"damage_healed":0,"gold_gain":0,"player_choice":"Trade","damage_taken":0,"relics_obtained":["FaceOfCleric"],"max_hp_gain":0,"max_hp_loss":0,"event_name":"FaceTrader","floor":10,"gold_loss":0},{"damage_healed":0,"gold_gain":0,"player_choice":"Ignored","damage_taken":0,"max_hp_gain":0,"max_hp_loss":0,"event_name":"Vampires","floor":23,"gold_loss":0}],"is_beta":false,"boss_relics":[{"not_picked":["downfall:Hecktoplasm","Pandora\u0027s Box"],"picked":"SacredBark"},{"not_picked":["Guardian:StasisSlotReductionRelic","Black Star"],"picked":"Calling Bell"}],"items_purged_floors":[21],"is_endless":false,"potions_floor_spawned":[11,14,15,26,27,30,31,37,43,47],"ascension_level":2}}