{"host":"6r3ioyv75hs1gp74","time":1609438897,"event":{"mods":["AchievementEnabler","BaseMod","Better Third Choice","Colored Map","Colored Powertips","Minty Spire (QoL Compilation)","StSLib"],"gold_per_floor":[113,124,15,15,38,38,57,80,106,106,140,165,165,178,178,297,297,312,312,325,6,6,37,37,50,99,99,4,44,62,80,80,208,208,232,247,267,283,303,303,343,343,369,385,385,416,416,416,416,416,416],"floor_reached":50,"playtime":4622,"items_purged":["Strike_G","Writhe"],"score":598,"play_id":"6dfd1cb4-e388-4902-82f8-4e7dd7c94eba","local_time":"20201231182137","is_ascension_mode":false,"campfire_choices":[{"data":"Dagger Throw","floor":6,"key":"SMITH"},{"data":"Poisoned Stab","floor":10,"key":"SMITH"},{"floor":15,"key":"REST"},{"data":"Backflip","floor":24,"key":"SMITH"},{"floor":27,"key":"REST"},{"floor":32,"key":"REST"},{"floor":40,"key":"REST"},{"floor":42,"key":"REST"},{"floor":45,"key":"REST"},{"data":"Defend_G","floor":47,"key":"SMITH"},{"floor":49,"key":"REST"}],"circlet_count":0,"master_deck":["Strike_G","Strike_G","Strike_G","Defend_G","Defend_G","Defend_G","Defend_G","Defend_G+1","Survivor","Neutralize","Poisoned Stab","Poisoned Stab+1","Caltrops","Dagger Throw+1","Heel Hook","Acrobatics","Noxious Fumes","Backstab","Slice","Venomology+1","Dodge and Roll+1","Backstab","Backflip+1","Dagger Throw","Dodge and Roll+1","Underhanded Strike","Storm of Steel","Dagger Throw+1","Bouncing Flask+1","Venomology","Flying Knee+1","Infinite Blades+1","Catalyst+1","Noxious Fumes+1","Deflect+1"],"relics":["SacredBark","Golden Idol","Lantern","Bronze Scales","SlaversCollar","Strawberry","Potion Belt","Ginger","Vajra","Tingsha","Black Star","White Beast Statue","Regal Pillow","Boot","PreservedInsect","Thread and Needle"],"acts_visited":["Exordium","TheCity","TheBeyond"],"potions_floor_usage":[8,8,14,16,20,23,23,29,30,31,33,33,33,33,33,35,36,37,37,38,38,39,39,41,41,41,44,46,46,46,48,50,50,50,50,50],"damage_taken":[{"damage":1,"enemies":"Jaw Worm","floor":1,"turns":6},{"damage":14,"enemies":"Small Slimes","floor":2,"turns":4},{"damage":5,"enemies":"Cultist","floor":5,"turns":4},{"damage":4,"enemies":"Looter","floor":7,"turns":3},{"damage":22,"enemies":"Gremlin Gang","floor":8,"turns":5},{"damage":27,"enemies":"3 Sentries","floor":11,"turns":8},{"damage":13,"enemies":"Lots of Slimes","floor":12,"turns":3},{"damage":4,"enemies":"3 Louse","floor":14,"turns":2},{"damage":45,"enemies":"Slime Boss","floor":16,"turns":10},{"damage":0,"enemies":"3 Byrds","floor":18,"turns":4},{"damage":11,"enemies":"Shell Parasite","floor":20,"turns":3},{"damage":10,"enemies":"Book of Stabbing","floor":23,"turns":5},{"damage":20,"enemies":"Snake Plant","floor":25,"turns":4},{"damage":3,"enemies":"Gremlin Leader","floor":29,"turns":4},{"damage":9,"enemies":"Chosen and Byrds","floor":30,"turns":4},{"damage":7,"enemies":"Centurion and Healer","floor":31,"turns":3},{"damage":26,"enemies":"Automaton","floor":33,"turns":7},{"damage":21,"enemies":"3 Darklings","floor":35,"turns":5},{"damage":25,"enemies":"Orb Walker","floor":36,"turns":4},{"damage":15,"enemies":"Sphere and 2 Shapes","floor":37,"turns":6},{"damage":43,"enemies":"Writhing Mass","floor":38,"turns":6},{"damage":19,"enemies":"4 Shapes","floor":39,"turns":3},{"damage":33,"enemies":"Nemesis","floor":41,"turns":5},{"damage":10,"enemies":"3 Darklings","floor":44,"turns":6},{"damage":24,"enemies":"Giant Head","floor":46,"turns":7},{"damage":0,"enemies":"Maw","floor":48,"turns":1},{"damage":87,"enemies":"Awakened One","floor":50,"turns":10}],"seed_played":"5670293644730098612","potions_obtained":[{"floor":1,"key":"Regen Potion"},{"floor":2,"key":"Poison Potion"},{"floor":11,"key":"GhostInAJar"},{"floor":14,"key":"Fruit Juice"},{"floor":16,"key":"CunningPotion"},{"floor":20,"key":"LiquidBronze"},{"floor":30,"key":"AttackPotion"},{"floor":31,"key":"Regen Potion"},{"floor":38,"key":"Strength Potion"},{"floor":39,"key":"SmokeBomb"},{"floor":44,"key":"ColorlessPotion"},{"floor":46,"key":"DuplicationPotion"}],"is_trial":false,"path_per_floor":["M","M","$","?","M","R","M","M","T","R","E","M","?","M","R","B",null,"M","?","M","$","?","E","R","M","T","R","$","E","M","M","R","B",null,"M","M","M","M","M","R","E","R","T","M","R","E","R","M","R","B"],"character_chosen":"THE_SILENT","items_purchased":["Caltrops","Potion Belt","Backflip","SkillPotion","Explosive Potion","Underhanded Strike"],"campfire_rested":7,"item_purchase_floors":[3,21,21,21,28,28],"current_hp_per_floor":[69,55,55,55,50,50,46,64,64,64,37,24,24,30,52,7,75,75,82,71,71,71,61,61,41,41,65,65,62,53,46,70,77,82,61,36,21,43,24,48,15,54,54,44,82,58,58,58,82,0,0],"gold":416,"neow_bonus":"BOSS_RELIC","is_daily":false,"chose_seed":false,"campfire_upgraded":4,"win_rate":0.0,"timestamp":1609438897,"path_taken":["M","M","$","?","M","R","M","M","T","R","E","M","?","M","R","BOSS","M","?","M","$","?","E","R","?","T","R","$","E","M","M","R","BOSS","M","M","?","M","?","R","E","R","T","M","R","E","R","M","R","BOSS"],"items_purchased_type":["Card","Relic","Card","Potion","Potion","Card"],"build_version":"2020-12-22","purchased_purges":2,"victory":false,"max_hp_per_floor":[70,70,70,65,65,65,65,65,65,65,65,65,65,75,75,75,75,75,82,82,82,82,82,82,82,82,82,82,82,82,82,82,82,82,82,82,82,82,82,82,82,82,82,82,82,82,82,82,82,82,82],"card_choices":[{"not_picked":["Escape Plan","Cloak And Dagger"],"picked":"Poisoned Stab","floor":1},{"not_picked":["Deflect","Footwork"],"picked":"Poisoned Stab","floor":2},{"not_picked":["Reflex","Footwork"],"picked":"Dagger Throw","floor":5},{"not_picked":["Glass Knife","Dagger Throw"],"picked":"Heel Hook","floor":7},{"not_picked":["Escape Plan","Deflect"],"picked":"Acrobatics","floor":8},{"not_picked":["Deadly Poison","All Out Attack"],"picked":"Noxious Fumes","floor":11},{"not_picked":["Underhanded Strike","Calculated Gamble"],"picked":"Backstab","floor":12},{"not_picked":["Prepared","Dagger Throw"],"picked":"Slice","floor":14},{"not_picked":["After Image","A Thousand Cuts"],"picked":"Venomology","floor":16},{"not_picked":["Poisoned Stab","Dagger Spray"],"picked":"Dodge and Roll+1","floor":18},{"not_picked":["Catalyst","PiercingWail+1"],"picked":"Backstab","floor":20},{"not_picked":["Accuracy","Reflex"],"picked":"Dagger Throw","floor":23},{"not_picked":["Crippling Poison","Dagger Throw"],"picked":"Dodge and Roll+1","floor":25},{"not_picked":["Poisoned Stab","Acrobatics"],"picked":"Storm of Steel","floor":29},{"not_picked":["Acrobatics","Backflip"],"picked":"Dagger Throw+1","floor":30},{"not_picked":["Heel Hook","Dagger Throw"],"picked":"Bouncing Flask+1","floor":31},{"not_picked":["Burst","Bullet Time"],"picked":"Venomology","floor":33},{"not_picked":["Well Laid Plans","Acrobatics"],"picked":"Flying Knee+1","floor":35},{"not_picked":["Endless Agony","Noxious Fumes+1"],"picked":"Infinite Blades+1","floor":36},{"not_picked":["Slice","Footwork"],"picked":"Catalyst+1","floor":37},{"not_picked":["Deflect","Predator"],"picked":"Noxious Fumes+1","floor":38},{"not_picked":["PiercingWail","Predator+1"],"picked":"Deflect+1","floor":39},{"not_picked":["Sucker Punch","Outmaneuver","Acrobatics"],"picked":"SKIP","floor":41},{"not_picked":["Eviscerate","Crippling Poison+1","Sucker Punch"],"picked":"SKIP","floor":44},{"not_picked":["Reflex","Flechettes+1","Accuracy"],"picked":"SKIP","floor":46}],"player_experience":38111,"relics_obtained":[{"floor":9,"key":"Lantern"},{"floor":11,"key":"Bronze Scales"},{"floor":23,"key":"Ginger"},{"floor":26,"key":"Vajra"},{"floor":29,"key":"Tingsha"},{"floor":41,"key":"White Beast Statue"},{"floor":41,"key":"Regal Pillow"},{"floor":43,"key":"Boot"},{"floor":46,"key":"PreservedInsect"},{"floor":46,"key":"Thread and Needle"}],"event_choices":[{"damage_healed":0,"gold_gain":0,"player_choice":"Lose Max HP","damage_taken":0,"relics_obtained":["Golden Idol"],"max_hp_gain":0,"max_hp_loss":5,"event_name":"Golden Idol","floor":4,"gold_loss":0},{"cards_removed":["Strike_G"],"damage_healed":0,"gold_gain":0,"player_choice":"Purged","damage_taken":0,"max_hp_gain":0,"max_hp_loss":0,"event_name":"Purifier","floor":13,"gold_loss":0},{"damage_healed":0,"gold_gain":0,"player_choice":"Opened","damage_taken":0,"relics_obtained":["Strawberry"],"max_hp_gain":0,"max_hp_loss":0,"event_name":"The Mausoleum","floor":19,"gold_loss":0,"cards_obtained":["Writhe"]},{"damage_healed":0,"gold_gain":0,"player_choice":"Upgraded","damage_taken":0,"max_hp_gain":0,"max_hp_loss":0,"event_name":"Upgrade Shrine","floor":22,"gold_loss":0,"cards_upgraded":["Venomology"]}],"is_beta":false,"boss_relics":[{"not_picked":["Fusion Hammer","Runic Pyramid"],"picked":"SlaversCollar"},{"not_picked":["Busted Crown","Cursed Key"],"picked":"Black Star"}],"items_purged_floors":[3,21],"is_endless":false,"potions_floor_spawned":[1,2,11,14,16,20,30,31,38,39,44,46,48],"killed_by":"Awakened One","ascension_level":0}}