{"host":"fzeujxg452k0gqlc","time":1609388017,"event":{"mods":["AchievementEnabler","BaseMod","Better Third Choice","BetterRewards","Colored Powertips","Curses Come First","Luminous","Minty Spire (QoL Compilation)","Permanent Neow","Quick Restart","StSLib"],"gold_per_floor":[112,112,128,88,101,101,118,128,128,145,145,165,221,18,18,113,113,129,129,329,346,366,366,34,69,69,24,24,24,53,65,65,163,163,180,36,83,83,99,99,114,127,127,144,171,171,199,0,0,0],"floor_reached":51,"playtime":2852,"items_purged":["Luminous:Date_of_Light_Luminous"],"score":1039,"play_id":"c98232ba-c33f-4048-b5be-1ead22f76edb","local_time":"20201230231337","is_ascension_mode":false,"campfire_choices":[{"data":"Luminous:Light_Glare","floor":6,"key":"SMITH"},{"floor":11,"key":"REST"},{"floor":15,"key":"REST"},{"data":"Luminous:Light_Track","floor":23,"key":"SMITH"},{"data":"Luminous:Light_Glare","floor":29,"key":"SMITH"},{"data":"Luminous:Light_Gather","floor":32,"key":"SMITH"},{"floor":40,"key":"REST"},{"floor":49,"key":"REST"}],"circlet_count":0,"master_deck":["Luminous:Light_Flash_Shower","Luminous:Light_Flash_Shower","Luminous:Light_Flash_Shower","Luminous:Dark_Abyssal_Drop","Luminous:Dark_Abyssal_Drop","Luminous:Dark_Abyssal_Drop","Luminous:Defend_Luminous","Luminous:Defend_Luminous","Luminous:Defend_Luminous","Luminous:Defend_Luminous","Luminous:Switch_Luminous","Dramatic Entrance","Luminous:Light_Track+1","Luminous:Light_Glare+1","Luminous:Light_Gather+1","Luminous:Light_Gather","Luminous:Light_Gather","Luminous:Light_Sylvan_Lance","Luminous:Phantom_Treasure_Luminous","Luminous:Mana_Well_Luminous","Luminous:Light_Sylvan_Lance","Luminous:Light_Track+1","Luminous:Dark_Pressure_Void","Writhe","Luminous:Magic_Accelerate_Luminous+1","Luminous:Light_Sylvan_Lance","Luminous:Light_Glare+1","Luminous:Light_Disperse","Luminous:Dark_Dim_Erosion","Luminous:Light_Glare+1","Luminous:Mana_Well_Luminous","Luminous:Light_Sylvan_Lance","Luminous:Light_Disperse+1","Luminous:Lania_Blessing_Luminous","Luminous:Light_Sylvan_Lance+1","Luminous:Balance_Death_Scythe","Luminous:Light_Gather"],"relics":["Luminous:MirrorRelic","Dream Catcher","Blood Vial","Vajra","SlaversCollar","Sundial","Pantograph","Bag of Preparation","Calipers","Potion Belt","Black Star","DollysMirror","StoneCalendar","White Beast Statue","Omamori","Ornamental Fan","PreservedInsect","Luminous:BlackBlessingRelic","Boot","Red Mask"],"acts_visited":["Exordium","TheCity","TheBeyond"],"potions_floor_usage":[5,7,13,16,22,22,33,33,37,39,42,44,45,46,50],"damage_taken":[{"damage":7,"enemies":"Jaw Worm","floor":1,"turns":3},{"damage":0,"enemies":"Small Slimes","floor":3,"turns":3},{"damage":0,"enemies":"Cultist","floor":5,"turns":3},{"damage":5,"enemies":"Looter","floor":7,"turns":3},{"damage":0,"enemies":"Exordium Thugs","floor":8,"turns":3},{"damage":0,"enemies":"3 Louse","floor":10,"turns":2},{"damage":0,"enemies":"Red Slaver","floor":12,"turns":2},{"damage":0,"enemies":"Lagavulin Event","floor":13,"turns":6},{"damage":0,"enemies":"Slime Boss","floor":16,"turns":7},{"damage":4,"enemies":"Spheric Guardian","floor":18,"turns":3},{"damage":4,"enemies":"Shell Parasite","floor":21,"turns":5},{"damage":10,"enemies":"Cultist and Chosen","floor":22,"turns":5},{"damage":11,"enemies":"Gremlin Leader","floor":25,"turns":6},{"damage":3,"enemies":"Book of Stabbing","floor":30,"turns":4},{"damage":0,"enemies":"Snake Plant","floor":31,"turns":5},{"damage":0,"enemies":"Collector","floor":33,"turns":8},{"damage":0,"enemies":"Orb Walker","floor":35,"turns":3},{"damage":9,"enemies":"2 Orb Walkers","floor":37,"turns":5},{"damage":35,"enemies":"3 Darklings","floor":39,"turns":5},{"damage":0,"enemies":"Transient","floor":41,"turns":5},{"damage":10,"enemies":"Jaw Worm Horde","floor":42,"turns":4},{"damage":43,"enemies":"Sphere and 2 Shapes","floor":44,"turns":4},{"damage":0,"enemies":"Giant Head","floor":45,"turns":11},{"damage":3,"enemies":"4 Shapes","floor":46,"turns":1},{"damage":0,"enemies":"Nemesis","floor":47,"turns":5},{"damage":0,"enemies":"Awakened One","floor":50,"turns":11}],"seed_played":"-3877192191661509454","potions_obtained":[{"floor":4,"key":"BlessingOfTheForge"},{"floor":4,"key":"Ancient Potion"},{"floor":4,"key":"Energy Potion"},{"floor":5,"key":"SteroidPotion"},{"floor":7,"key":"FearPotion"},{"floor":13,"key":"LiquidMemories"},{"floor":16,"key":"BlessingOfTheForge"},{"floor":30,"key":"Block Potion"},{"floor":31,"key":"PowerPotion"},{"floor":37,"key":"Fire Potion"},{"floor":39,"key":"Fruit Juice"},{"floor":41,"key":"PowerPotion"},{"floor":42,"key":"BlessingOfTheForge"},{"floor":44,"key":"LiquidMemories"},{"floor":45,"key":"SmokeBomb"},{"floor":47,"key":"Fruit Juice"}],"is_trial":false,"path_per_floor":["M","?","M","?","M","R","M","M","T","M","R","M","?","$","R","B",null,"M","?","?","M","M","R","$","E","T","$","?","R","E","M","R","B",null,"M","$","?","T","M","R","M","M","T","M","E","M","E","?","R","B",null],"character_chosen":"LuminousClass","items_purchased":["Vajra","Luminous:Light_Sylvan_Lance","Pantograph","Luminous:Light_Sylvan_Lance","DollysMirror"],"campfire_rested":4,"item_purchase_floors":[14,14,24,27,36],"current_hp_per_floor":[68,68,68,68,68,68,63,63,63,63,75,75,75,75,75,75,75,71,71,71,69,61,61,61,52,52,52,52,52,51,53,53,75,75,75,75,66,66,33,55,57,49,49,8,15,14,16,16,38,80],"gold":0,"neow_bonus":"RANDOM_COLORLESS","is_daily":false,"chose_seed":false,"campfire_upgraded":4,"win_rate":0.0,"timestamp":1609388017,"path_taken":["M","?","M","?","M","R","M","M","T","?","R","M","?","?","R","BOSS","M","?","?","?","M","R","$","E","T","?","?","R","E","M","R","BOSS","M","$","?","?","M","R","M","M","T","M","E","?","E","?","R","BOSS"],"items_purchased_type":["Relic","Card","Relic","Card","Relic"],"build_version":"2020-12-22","purchased_purges":1,"victory":true,"max_hp_per_floor":[75,75,75,75,75,75,75,75,75,75,75,75,75,75,75,75,75,75,75,75,75,75,75,75,75,75,75,75,75,75,75,75,75,75,75,75,75,75,75,75,75,75,75,75,75,75,75,75,75,80],"card_choices":[{"not_picked":["Forethought","Good Instincts"],"picked":"Dramatic Entrance","floor":0},{"not_picked":["Luminous:Light_Sylvan_Lance","Luminous:Magic_Boost_Luminous"],"picked":"Luminous:Light_Track","floor":1},{"not_picked":["Luminous:Dark_Pressure_Void","Luminous:Hero_Will_Luminous"],"picked":"Luminous:Light_Glare","floor":3},{"not_picked":["Luminous:Darkness_Mastery_Luminous","Luminous:Concentrate_Luminous"],"picked":"Luminous:Light_Gather","floor":5},{"not_picked":["Luminous:Fast_Spell_Luminous","Luminous:Light_Disperse"],"picked":"Luminous:Light_Gather","floor":7},{"not_picked":["Luminous:Flash_Blink_Luminous","Luminous:Blinding_Pillar_Luminous","Luminous:Fast_Spell_Luminous"],"picked":"SKIP","floor":8},{"not_picked":["Luminous:Light_Wash_Luminous","Luminous:Reverse_Spell_Luminous"],"picked":"Luminous:Light_Gather","floor":10},{"not_picked":["Luminous:Light_Gather","Luminous:Dark_Raid"],"picked":"Luminous:Light_Sylvan_Lance","floor":11},{"not_picked":["Luminous:Shadow_Shell_Luminous","Luminous:Dark_Extract"],"picked":"Luminous:Phantom_Treasure_Luminous","floor":12},{"not_picked":["Luminous:Dark_Raid","Luminous:Magic_Guard_Luminous"],"picked":"Luminous:Mana_Well_Luminous","floor":13},{"not_picked":["Luminous:Blinding_Pillar_Luminous","Luminous:Light_Disperse"],"picked":"Luminous:Light_Track","floor":15},{"not_picked":["Luminous:Dark_Crescendo_Luminous","Luminous:Balance_Aether_Conduit"],"picked":"Luminous:Date_of_Light_Luminous","floor":16},{"not_picked":["Luminous:Mana_Overload_Luminous","Luminous:Photic_Meditation_Luminous"],"picked":"Luminous:Dark_Pressure_Void","floor":18},{"not_picked":["Luminous:Light_Spectral_Light+1","Luminous:Lunar_Tide_Luminous","Luminous:Light_Wash_Luminous"],"picked":"SKIP","floor":21},{"not_picked":["Luminous:Balance_Ender","Luminous:Fast_Spell_Luminous"],"picked":"Luminous:Magic_Accelerate_Luminous+1","floor":22},{"not_picked":["Luminous:Photic_Meditation_Luminous","Luminous:Dark_Dim_Erosion+1","Luminous:Concentrate_Luminous"],"picked":"SKIP","floor":25},{"not_picked":["Luminous:Accumulation_Luminous","Luminous:Dark_Pressure_Void"],"picked":"Luminous:Light_Disperse","floor":30},{"not_picked":["Luminous:Photic_Meditation_Luminous","Luminous:Chase_Spell_Luminous"],"picked":"Luminous:Dark_Dim_Erosion","floor":31},{"not_picked":["Luminous:Darks_Surge_Luminous","Luminous:Concentrate_Luminous+1","Luminous:Blinding_Pillar_Luminous"],"picked":"SKIP","floor":35},{"not_picked":["Luminous:Shadow_Shell_Luminous+1","Luminous:Dark_Raid","Luminous:Magic_Boost_Luminous+1"],"picked":"SKIP","floor":39},{"not_picked":["Luminous:Darkness_Mastery_Luminous","Luminous:Blinding_Pillar_Luminous"],"picked":"Luminous:Mana_Well_Luminous","floor":40},{"not_picked":["Luminous:Dark_Pressure_Void","Luminous:Blinding_Pillar_Luminous+1"],"picked":"Luminous:Light_Sylvan_Lance","floor":41},{"not_picked":["Luminous:Blinding_Pillar_Luminous","Luminous:Dark_Pressure_Void"],"picked":"Luminous:Light_Disperse+1","floor":42},{"not_picked":["Luminous:Light_Sylvan_Lance","Luminous:Dark_Pressure_Void"],"picked":"Luminous:Lania_Blessing_Luminous","floor":44},{"not_picked":["Luminous:Light_Wash_Luminous+1","Luminous:Dark_Pressure_Void"],"picked":"Luminous:Light_Sylvan_Lance+1","floor":45},{"not_picked":["Luminous:Lights_Protection_Luminous","Luminous:Blinding_Pillar_Luminous+1"],"picked":"Luminous:Balance_Death_Scythe","floor":47},{"not_picked":["Luminous:Light_Wash_Luminous","Luminous:Shadow_Shell_Luminous+1"],"picked":"Luminous:Light_Gather","floor":49}],"player_experience":54856,"relics_obtained":[{"floor":9,"key":"Dream Catcher"},{"floor":13,"key":"Blood Vial"},{"floor":25,"key":"Bag of Preparation"},{"floor":26,"key":"Calipers"},{"floor":30,"key":"Potion Belt"},{"floor":37,"key":"StoneCalendar"},{"floor":38,"key":"White Beast Statue"},{"floor":43,"key":"Omamori"},{"floor":45,"key":"Ornamental Fan"},{"floor":45,"key":"PreservedInsect"},{"floor":47,"key":"Luminous:BlackBlessingRelic"},{"floor":47,"key":"Boot"}],"event_choices":[{"damage_healed":0,"gold_gain":0,"player_choice":"Grow","damage_taken":0,"max_hp_gain":0,"max_hp_loss":0,"event_name":"Living Wall","floor":2,"gold_loss":0,"cards_upgraded":["Luminous:Light_Track"]},{"damage_healed":0,"gold_gain":0,"player_choice":"Bought 3 Potions","damage_taken":0,"max_hp_gain":0,"max_hp_loss":0,"event_name":"The Woman in Blue","floor":4,"gold_loss":0},{"damage_healed":0,"gold_gain":0,"player_choice":"Searched \u00272\u0027 times","damage_taken":0,"max_hp_gain":0,"max_hp_loss":0,"event_name":"Dead Adventurer","floor":13,"gold_loss":0},{"damage_healed":0,"gold_gain":0,"player_choice":"Opened","damage_taken":0,"relics_obtained":["Sundial"],"max_hp_gain":0,"max_hp_loss":0,"event_name":"The Mausoleum","floor":19,"gold_loss":0,"cards_obtained":["Writhe"]},{"damage_healed":0,"gold_gain":200,"player_choice":"Gold","damage_taken":0,"max_hp_gain":0,"max_hp_loss":0,"event_name":"Wheel of Change","floor":20,"gold_loss":0},{"damage_healed":0,"gold_gain":0,"player_choice":"Read","damage_taken":0,"max_hp_gain":0,"max_hp_loss":0,"event_name":"The Library","floor":28,"gold_loss":0,"cards_obtained":["Luminous:Light_Glare"]},{"damage_healed":0,"gold_gain":0,"player_choice":"Fight","damage_taken":0,"max_hp_gain":0,"max_hp_loss":0,"event_name":"Mysterious Sphere","floor":37,"gold_loss":0},{"damage_healed":0,"gold_gain":0,"player_choice":"Paid","damage_taken":0,"relics_obtained":["Red Mask"],"max_hp_gain":0,"max_hp_loss":0,"event_name":"Tomb of Lord Red Mask","floor":48,"gold_loss":199}],"is_beta":false,"boss_relics":[{"not_picked":["Fusion Hammer","Empty Cage"],"picked":"SlaversCollar"},{"not_picked":["Sozu","Runic Dome"],"picked":"Black Star"}],"items_purged_floors":[24],"is_endless":false,"potions_floor_spawned":[5,7,10,12,13,16,18,30,31,37,39,41,42,44,45,46,47],"ascension_level":0}}