{"host":"fpxpluq8jbpwe8of","time":1609401394,"event":{"mods":["Act Like it!","BaseMod","Colored Powertips","Gensokyo","Hermit","Highlight Path","Infinite Spire","Jorbs\u0027s Wanderer Trilogy","Lobotomy","LobotomyExtend","Marisa????????","Minty Spire (QoL Compilation)","Replay The Spire","Shop Mod","StSLib","Td1madao Mod","The Animator","The Cursed","The Exalted","The Hierophant","The Necromancer","The Poker Player","The Servant 0.9.4","WarShipGirlsR/????R mod","everything is the same but u backflip on backflip","slay the spire mod where everything is the same but ironclad has a cowboy hat","vexMod"],"gold_per_floor":[109,109,31,41,55,90,90,122,122,122,138,170,182,182,182,284,334,350,350,362,362,234,234,251,251,251,265,281,281,201,213,213,213,213],"floor_reached":33,"playtime":1685,"items_purged":["Defend_MRS"],"score":444,"play_id":"8f48c8bb-87d1-4d75-9671-082c4b5f1e9e","local_time":"20201231025634","is_ascension_mode":true,"campfire_choices":[{"data":"MagicChant","floor":7,"key":"SMITH"},{"floor":15,"key":"REST"},{"data":"EnergyFlow","floor":23,"key":"SMITH"},{"data":"GalacticHalo","floor":29,"key":"SMITH"},{"floor":32,"key":"REST"}],"circlet_count":0,"master_deck":["Strike_MRS","Strike_MRS","Strike_MRS","Strike_MRS","Defend_MRS","Defend_MRS","Defend_MRS+1","MasterSpark","UpSweep+1","EnergyFlow+1","AsteroidBelt","MagicChant+1","TreasureHunter","AsteroidBelt+1","PulseMagic","infinitespire:SevenWalls","CollectingQuirk","EarthLightRay","GalacticHalo+1","OrrerysSun+1","GalacticHalo","NonDirectionalLaser","ChargeUpSpray"],"relics":["MiniHakkero","Replay:Ringing Soul","ReplayTheSpireMod:Ninjato","Pear","Mummified Hand","infinitespire:Eraser","Tiny House","Centennial Puzzle","ReplayTheSpireMod:Lightbulb"],"acts_visited":["Exordium","TheCity"],"potions_floor_usage":[6,11,27,33,33],"damage_taken":[{"damage":2,"enemies":"Jaw Worm","floor":1,"turns":4},{"damage":0,"enemies":"Small Slimes","floor":4,"turns":2},{"damage":0,"enemies":"2 Louse","floor":5,"turns":3},{"damage":14,"enemies":"Lagavulin","floor":6,"turns":8},{"damage":19,"enemies":"Gremlin Nob","floor":8,"turns":4},{"damage":0,"enemies":"Looter","floor":11,"turns":4},{"damage":17,"enemies":"Replay:BlueRogue","floor":12,"turns":10},{"damage":5,"enemies":"Blue Slaver","floor":13,"turns":2},{"damage":2,"enemies":"Fading Forest","floor":16,"turns":11},{"damage":9,"enemies":"Spheric Guardian","floor":18,"turns":5},{"damage":20,"enemies":"3 Byrds","floor":20,"turns":9},{"damage":33,"enemies":"3 Cultists","floor":24,"turns":9},{"damage":24,"enemies":"Centurion and Healer","floor":27,"turns":8},{"damage":21,"enemies":"Sentry and Sphere","floor":28,"turns":6},{"damage":5,"enemies":"Snake Plant","floor":31,"turns":5},{"damage":84,"enemies":"Automaton","floor":33,"turns":10}],"seed_played":"4406115831573901991","potions_obtained":[{"floor":1,"key":"Flashbang"},{"floor":5,"key":"DuplicationPotion"},{"floor":6,"key":"Weak Potion"},{"floor":17,"key":"StarNLove"},{"floor":18,"key":"SpeedPotion"},{"floor":28,"key":"Doom Potion"}],"is_trial":false,"path_per_floor":["M","?","$","M","M","E","R","E","T","?","M","E","M","?","R","B",null,"M","?","M","?","$","R","M","T","T","M","M","R","$","M","R","B"],"character_chosen":"MARISA","items_purchased":["EnergyFlow","GalacticHalo","ChargeUpSpray"],"campfire_rested":2,"item_purchase_floors":[3,22,30],"current_hp_per_floor":[62,62,62,62,62,51,51,35,45,48,48,34,29,4,38,47,105,99,102,89,89,92,92,63,63,63,43,29,29,32,31,73,0,0],"gold":213,"neow_bonus":"TWENTY_PERCENT_HP_BONUS","is_daily":false,"chose_seed":false,"campfire_upgraded":3,"win_rate":0.0,"timestamp":1609401394,"path_taken":["M","?","$","M","M","E","R","E","T","?","M","E","M","?","R","BOSS","M","?","M","?","?","R","M","?","T","?","M","R","$","M","R","BOSS"],"items_purchased_type":["Card","Card","Card"],"build_version":"2020-12-22","purchased_purges":1,"victory":false,"max_hp_per_floor":[89,89,89,89,89,92,92,95,105,108,108,111,111,114,114,117,122,125,128,131,131,134,134,134,134,134,134,137,137,140,140,140,140,140],"card_choices":[{"not_picked":["Acceleration","NonDirectionalLaser"],"picked":"MilkyWay","floor":1},{"not_picked":["UnstableBomb","6A","EventHorizon"],"picked":"SKIP","floor":4},{"not_picked":["DoubleSpark","BlazeAway"],"picked":"AsteroidBelt","floor":5},{"not_picked":["Occultation","ShootingEcho"],"picked":"MagicChant","floor":6},{"not_picked":["DoubleSpark","GrandCross"],"picked":"TreasureHunter","floor":8},{"not_picked":["WitchLeyline","DC","MysteriousBeam"],"picked":"SKIP","floor":11},{"not_picked":["DoubleSpark","BlazeAway"],"picked":"PulseMagic","floor":12},{"not_picked":["6A","StarlightTyphoon","IllusionStar"],"picked":"SKIP","floor":13},{"not_picked":["infinitespire:Oblivion","ReplayTheSpireMod:Chaos Vortex"],"picked":"infinitespire:SevenWalls","floor":14},{"not_picked":["ManaRampage","TreasureHunter"],"picked":"CollectingQuirk","floor":16},{"not_picked":["UnstableBomb","Robbery+1"],"picked":"EarthLightRay","floor":18},{"not_picked":["6A+1","WitchLeyline"],"picked":"OrrerysSun+1","floor":20},{"not_picked":["GravityBeat","PowerUp","DoubleSpark"],"picked":"SKIP","floor":24},{"not_picked":["WitchOfGreed","ShootingEcho","DC"],"picked":"SKIP","floor":27},{"not_picked":["MagicAbsorber","ShootTheMoon+1"],"picked":"NonDirectionalLaser","floor":28},{"not_picked":["LuminesStrike","OpenUniverse","JA"],"picked":"SKIP","floor":31}],"player_experience":284619,"relics_obtained":[{"floor":6,"key":"Replay:Ringing Soul"},{"floor":8,"key":"ReplayTheSpireMod:Ninjato"},{"floor":9,"key":"Pear"},{"floor":12,"key":"Mummified Hand"},{"floor":12,"key":"infinitespire:Eraser"},{"floor":25,"key":"Centennial Puzzle"},{"floor":26,"key":"ReplayTheSpireMod:Lightbulb"}],"event_choices":[{"damage_healed":0,"gold_gain":0,"player_choice":"Read","damage_taken":0,"max_hp_gain":0,"max_hp_loss":0,"event_name":"The Library","floor":19,"gold_loss":0,"cards_obtained":["GalacticHalo"]},{"damage_healed":0,"gold_gain":0,"player_choice":"Ignored","damage_taken":0,"max_hp_gain":0,"max_hp_loss":0,"event_name":"Vampires","floor":21,"gold_loss":0}],"is_beta":false,"boss_relics":[{"not_picked":["Painkiller Herb","Runic Dome"],"picked":"Tiny House"}],"items_purged_floors":[22],"is_endless":false,"potions_floor_spawned":[1,5,6,18,28],"killed_by":"Automaton","ascension_level":7}}