{"host":"pr6x8hyknev46vut","time":1609442030,"event":{"mods":["Aspiration","BaseMod","CCEM","Colored Map","Colored Powertips","Downfall","Googly Eyes","Hermit","Highlight Path","Hubris","Minty Spire (QoL Compilation)","Permanent Neow","Replay The Spire","Shop Mod","Spicy Shops","StSLib","The Bug Knight","The Construct","The Cursed","The Disciple","The Necromancer","The Runesmith","The Servant 0.9.4"],"gold_per_floor":[114,127,12,25,25,25,25,42,69,69,81,100,110,143,143,239,239,249,249,249,163,163,198,215,232,232,246,246,246,262,293,293,393,393,403,418,14,25,25,25,35,55,55,84,84,6,6,16,16,16,16,16,16,46,46,46],"floor_reached":55,"playtime":2981,"items_purged":[],"score":1166,"play_id":"c711393f-43ae-4d02-8c57-337ad151c124","local_time":"20201231201350","is_ascension_mode":false,"campfire_choices":[{"floor":6,"key":"RECALL"},{"data":"Blade Dance","floor":10,"key":"SMITH"},{"floor":15,"key":"REST"},{"floor":28,"key":"REST"},{"data":"Blade Dance","floor":32,"key":"SMITH"},{"floor":40,"key":"REST"},{"floor":49,"key":"REST"},{"data":"Footwork","floor":52,"key":"SMITH"}],"circlet_count":0,"master_deck":["Strike_G","Strike_G","Strike_G","Strike_G","Defend_G","Defend_G","Defend_G","Defend_G","Defend_G","Survivor","Neutralize","Blade Dance+1","Tactician","Infinite Blades+1","Dagger Spray+1","Adrenaline","Poisoned Stab","Noxious Fumes","PiercingWail","Atom Bomb","Backstab","After Image","Sucker Punch","Flying Knee","Footwork+1","TheWorld","Terror+1","Expertise","Finisher","Blade Dance+1","Poison Darts","Sucker Punch+1","Dagger Spray+1","Blade Dance+1","Dagger Throw"],"relics":["Ring of the Snake","PureWater","Tingsha","aspiration:ServantSkillbook","Question Card","CCEMRelics:WarHorn","Nloth\u0027s Gift","Boot","Replay:Grab Bag","Sozu","Busted Crown","hubris:Backtick","Calipers","aspiration:SecretTechniqueScroll","Ornamental Fan","Oddly Smooth Stone","CCEMRelics:Sandal","Mercury Hourglass","Happy Flower"],"acts_visited":["Exordium","TheCity","TheBeyond","TheEnding"],"potions_floor_usage":[16,31,33,50,50],"damage_taken":[{"damage":0,"enemies":"Jaw Worm","floor":1,"turns":5},{"damage":0,"enemies":"Small Slimes","floor":2,"turns":2},{"damage":0,"enemies":"Cultist","floor":4,"turns":3},{"damage":12,"enemies":"Exordium Thugs","floor":8,"turns":5},{"damage":7,"enemies":"Large Slime","floor":11,"turns":4},{"damage":0,"enemies":"3 Louse","floor":12,"turns":2},{"damage":0,"enemies":"2 Fungi Beasts","floor":13,"turns":3},{"damage":17,"enemies":"Lagavulin","floor":14,"turns":4},{"damage":9,"enemies":"Slime Boss","floor":16,"turns":6},{"damage":15,"enemies":"3 Byrds","floor":18,"turns":5},{"damage":0,"enemies":"HollowMod:Nosk","floor":23,"turns":8},{"damage":0,"enemies":"Spheric Guardian","floor":24,"turns":3},{"damage":0,"enemies":"3 Cultists","floor":25,"turns":4},{"damage":3,"enemies":"Shelled Parasite and Fungi","floor":27,"turns":5},{"damage":2,"enemies":"Cultist and Chosen","floor":30,"turns":5},{"damage":1,"enemies":"Gremlin Leader","floor":31,"turns":4},{"damage":0,"enemies":"Pondfish","floor":33,"turns":9},{"damage":30,"enemies":"3 Shapes","floor":35,"turns":4},{"damage":8,"enemies":"Orb Walker","floor":36,"turns":3},{"damage":7,"enemies":"3 Darklings","floor":38,"turns":3},{"damage":0,"enemies":"Spire Growth","floor":41,"turns":3},{"damage":0,"enemies":"3 Darklings","floor":42,"turns":3},{"damage":0,"enemies":"Giant Head","floor":44,"turns":5},{"damage":39,"enemies":"Sphere and 2 Shapes","floor":48,"turns":4},{"damage":0,"enemies":"Awakened One","floor":50,"turns":12},{"damage":24,"enemies":"Shield and Spear","floor":54,"turns":6},{"damage":69,"enemies":"The Heart","floor":55,"turns":4}],"seed_played":"3124039286328556734","potions_obtained":[{"floor":1,"key":"Cursed Concoction"},{"floor":8,"key":"Weak Potion"},{"floor":12,"key":"Energy Potion"},{"floor":24,"key":"construct:ShiftPotion"},{"floor":31,"key":"LiquidMemories"},{"floor":33,"key":"CunningPotion"}],"is_trial":false,"path_per_floor":["M","M","$","M","?","R","?","M","T","R","M","M","M","E","R","B",null,"M","?","?","$","?","E","M","M","T","M","R","?","M","E","R","B",null,"M","M","$","M","$","R","M","M","T","E","?","$","?","M","R","B",null,"R","$","E","B"],"character_chosen":"THE_SILENT","items_purchased":["Infinite Blades","Flying Knee","Footwork","Ornamental Fan","Oddly Smooth Stone","Dagger Throw"],"campfire_rested":4,"item_purchase_floors":[3,21,21,37,37,46],"current_hp_per_floor":[70,70,70,70,70,70,70,58,58,58,51,51,51,34,55,46,70,55,55,55,55,55,55,55,55,55,52,70,70,68,67,67,67,70,40,32,32,25,25,46,46,46,46,46,46,46,46,7,28,28,70,70,70,46,0,0],"gold":46,"neow_bonus":"NOSTALGIA","is_daily":false,"chose_seed":false,"campfire_upgraded":3,"win_rate":0.0,"timestamp":1609442030,"path_taken":["M","M","$","M","?","R","?","M","T","R","M","M","?","E","R","BOSS","M","?","?","$","?","E","M","M","T","M","R","?","M","E","R","BOSS","M","M","?","M","$","R","M","M","T","E","?","$","?","M","R","BOSS","R","$","E","BOSS"],"items_purchased_type":["Card","Card","Card","Relic","Relic","Card"],"build_version":"2020-12-22","purchased_purges":0,"victory":false,"max_hp_per_floor":[70,70,70,70,70,70,70,70,70,70,70,70,70,70,70,70,70,70,70,70,70,70,70,70,70,70,70,70,70,70,70,70,70,70,70,70,70,70,70,70,70,70,70,70,70,70,70,70,70,70,70,70,70,70,70,70],"card_choices":[{"not_picked":["Heel Hook","Crippling Poison"],"picked":"Blade Dance","floor":1},{"not_picked":["Quick Slash","Predator"],"picked":"Tactician","floor":2},{"not_picked":["Distraction","Dagger Throw"],"picked":"Dagger Spray","floor":4},{"not_picked":["Backflip","hubris:SlightOfHand"],"picked":"Poisoned Stab","floor":8},{"not_picked":["PiercingWail","Flying Knee"],"picked":"Noxious Fumes","floor":11},{"not_picked":["Tactician","Deadly Poison"],"picked":"PiercingWail","floor":12},{"not_picked":["Toxin Wave","Leg Sweep"],"picked":"Atom Bomb","floor":13},{"not_picked":["Masterful Stab","Acrobatics"],"picked":"Backstab","floor":14},{"not_picked":["Poison Darts","Atom Bomb"],"picked":"After Image","floor":16},{"not_picked":["Replace","Bouncing Flask","Rewind"],"picked":"Sucker Punch","floor":18},{"not_picked":["Predator+1","Riddle With Holes+1","Escape Plan"],"picked":"TheWorld","floor":23},{"not_picked":["GearUp+1","Barrier","Deflect+1","Backflip+1"],"picked":"Terror+1","floor":24},{"not_picked":["Rearm+1","ShatteredReality","Shuttle","Spin+1","Slice"],"picked":"SKIP","floor":25},{"not_picked":["ShiftingGears","Deflect","Comet","Slice"],"picked":"Expertise","floor":27},{"not_picked":["A Thousand Cuts","Sabotage+1","Unruled+1","Caltrops+1"],"picked":"Finisher","floor":30},{"not_picked":["Atom Bomb","Spin+1","PendulumOfEternity","Read"],"picked":"Blade Dance","floor":31},{"not_picked":["TrueSight","Initiator","Embodiment","Atom Bomb"],"picked":"Poison Darts","floor":33},{"not_picked":["Predator+1","Quick Slash+1","hubris:Sniper"],"picked":"SKIP","floor":35},{"not_picked":["BottledTime+1","Spin"],"picked":"Sucker Punch+1","floor":36},{"not_picked":["ShatteredReality","FanOfKnives"],"picked":"Dagger Spray+1","floor":38},{"not_picked":["TimeWarp+1","Ricochet+1"],"picked":"Blade Dance+1","floor":41},{"not_picked":["Orbit","SilverMatrix","Infinite Blades"],"picked":"SKIP","floor":42},{"not_picked":["KillingDoll","Spin+1"],"picked":"Rearm+1","floor":44},{"not_picked":["Flying Knee+1","Unruled","Tactician"],"picked":"SKIP","floor":48},{"not_picked":["Comet","Alleviate","Moondial+1"],"picked":"SKIP","floor":54}],"player_experience":68908,"relics_obtained":[{"floor":14,"key":"Tingsha"},{"floor":23,"key":"Question Card"},{"floor":26,"key":"CCEMRelics:WarHorn"},{"floor":31,"key":"Boot"},{"floor":43,"key":"CCEMRelics:Sandal"},{"floor":44,"key":"Mercury Hourglass"},{"floor":54,"key":"Happy Flower"}],"event_choices":[{"damage_healed":0,"gold_gain":0,"player_choice":"Grow","damage_taken":0,"max_hp_gain":0,"max_hp_loss":0,"event_name":"Living Wall","floor":5,"gold_loss":0,"cards_upgraded":["Infinite Blades"]},{"damage_healed":0,"gold_gain":0,"cards_transformed":["Strike_G"],"player_choice":"Transformed","damage_taken":0,"max_hp_gain":0,"max_hp_loss":0,"event_name":"Transmorgrifier","floor":7,"gold_loss":0,"cards_obtained":["Adrenaline"]},{"damage_healed":0,"gold_gain":0,"player_choice":"Ignored","damage_taken":0,"max_hp_gain":0,"max_hp_loss":0,"event_name":"Vampires","floor":20,"gold_loss":0},{"damage_healed":0,"gold_gain":0,"player_choice":"Ignored","damage_taken":0,"max_hp_gain":0,"max_hp_loss":0,"event_name":"Ghosts","floor":22,"gold_loss":0},{"damage_healed":0,"gold_gain":0,"player_choice":"Traded Relic","damage_taken":0,"relics_obtained":["Nloth\u0027s Gift"],"max_hp_gain":0,"max_hp_loss":0,"event_name":"N\u0027loth","floor":29,"relics_lost":["aspiration:Nostalgia"],"gold_loss":0},{"damage_healed":0,"gold_gain":0,"player_choice":"Memory 1","damage_taken":0,"max_hp_gain":0,"max_hp_loss":0,"event_name":"SensoryStone","floor":45,"gold_loss":0},{"cards_removed":["Rearm"],"damage_healed":0,"gold_gain":0,"player_choice":"Purged","damage_taken":0,"max_hp_gain":0,"max_hp_loss":0,"event_name":"Purifier","floor":47,"gold_loss":0}],"is_beta":false,"boss_relics":[{"not_picked":["Replay:Wanted Poster","construct:WeddingRing"],"picked":"aspiration:ServantSkillbook"},{"not_picked":["Runic Pyramid","construct:ClawGrip"],"picked":"Replay:Grab Bag"},{"not_picked":["Runesmith:UraniumAnvil","Velvet Choker"],"picked":"Sozu"},{"not_picked":["Runic Dome","hubris:VirtuousBlindfold"],"picked":"Busted Crown"},{"not_picked":["Snecko Scales","CCEMRelics:TransientCore"],"picked":"hubris:Backtick"},{"not_picked":["hubris:HollowSoul","Replay:Drink Me"],"picked":"aspiration:SecretTechniqueScroll"}],"items_purged_floors":[],"is_endless":false,"potions_floor_spawned":[1,8,12,14,24,27,31,33,38,44,48,54],"killed_by":"The Heart","ascension_level":0}}