{"host":"ys2o1gy99xzv7s0u","time":1609430132,"event":{"mods":["Act Like it!","Bard","BaseMod","Decade(王小明)","Hermit","Koishi","Luminous","Minty Spire (QoL Compilation)","Quick Restart","Remilia（蕾米莉亚）","Replay The Spire","Spicy Shops","StSLib","The Bladedancer","The Bug Knight","The Cursed","The Gatherer","The Hierophant","The Runesmith"],"gold_per_floor":[117,134,184,184,259,259,277,327,327,348,348,298,121,209,209,320,320,351,351,379,403,433,480,502,526,526,31,31,31,50,50,50,154,254,287,311,9,9,9,9,61,87,87,87,87,112,139,161,161,167],"floor_reached":51,"playtime":9201,"items_purged":["hermit:Strike_Hermit","Sloth_TH"],"score":784,"play_id":"af55f73c-444c-47c2-b634-eaccf9e795fa","local_time":"20201231235532","is_ascension_mode":false,"campfire_choices":[{"floor":6.0,"key":"RECALL"},{"data":"hermit:Covet","floor":11.0,"key":"SMITH"},{"data":"hermit:Vantage","floor":15.0,"key":"SMITH"},{"floor":29.0,"key":"REST"},{"floor":32.0,"key":"REST"},{"floor":40.0,"key":"REST"},{"floor":44.0,"key":"REST"},{"floor":49,"key":"REST"}],"circlet_count":0,"master_deck":["hermit:Strike_Hermit","hermit:Strike_Hermit","hermit:Defend_Hermit+1","hermit:Defend_Hermit","hermit:Defend_Hermit","hermit:Defend_Hermit+1","hermit:Snapshot+1","hermit:Covet+1","hermit:WideOpen","hermit:Enervate","hermit:Desperado","hermit:ShadowCloak+1","hermit:ShadowCloak+1","hermit:Ricochet+1","hermit:LowProfile","Gluttony_TH","hermit:Vantage+1","hermit:FromBeyond+1","Greed_TH","hermit:Combo+1","hermit:Maintenance","hermit:Vantage+1","hermit:Enervate","hermit:LowProfile","ReplayTheSpireMod:Restless Dread","hermit:Desperado+1","hermit:CursedWeapon+1","hermit:Determination+1","hermit:Determination+1","hermit:EyeOfTheStorm+1","Spreading Infection","hermit:Adapt+1","hermit:DeadMansHand+1","hermit:Headshot+1","Pride","Replay:Sssssssssstrike","hermit:Enervate","hermit:Malice","Hallucinations","hermit:Spite","hermit:CalledShot+1","Normality","hermit:FlashPowder"],"relics":["hermit:Momento","ReplayTheSpireMod:Ring of Collecting","Ring of Fury","Ring of Greed","Golden Egg","Replay:Bandana","Durian","Toy Ornithopter","hermit:BartenderGlass","Replay:Bottled Flurry","ReplayTheSpireMod:Ring of Challenge","HollowMod:StagPassRelic","Replay:WaspNest","MealTicket","Gremlin Food","Nilry\u0027s Codex","Replay:Wanted Poster","Frozen Eye","Oddly Smooth Stone","Lizard Tail","Ring of Hypnosis","Chameleon Ring","Peace Pipe"],"acts_visited":["Exordium","TheCity","TheBeyond"],"potions_floor_usage":[48,50,50,50,50,50],"damage_taken":[{"damage":1.0,"enemies":"2 Louse","floor":1.0,"turns":3.0},{"damage":6.0,"enemies":"Jaw Worm","floor":2.0,"turns":3.0},{"damage":0.0,"enemies":"Small Slimes","floor":7.0,"turns":2.0},{"damage":8.0,"enemies":"Red Slaver","floor":10.0,"turns":4.0},{"damage":18.0,"enemies":"Slime Boss","floor":16.0,"turns":10.0},{"damage":30.0,"enemies":"3 Byrds","floor":18.0,"turns":8.0},{"damage":10.0,"enemies":"Shell Parasite","floor":20.0,"turns":3.0},{"damage":23.0,"enemies":"Cultist and Chosen","floor":21.0,"turns":7.0},{"damage":27.0,"enemies":"Snake Plant","floor":22.0,"turns":3.0},{"damage":16.0,"enemies":"Gremlin Leader","floor":23.0,"turns":9.0},{"damage":12.0,"enemies":"Shelled Parasite and Fungi","floor":24.0,"turns":7.0},{"damage":10.0,"enemies":"Chosen and Byrds","floor":25.0,"turns":7.0},{"damage":22.0,"enemies":"Centurion and Healer","floor":30.0,"turns":8.0},{"damage":49.0,"enemies":"Collector","floor":33.0,"turns":8.0},{"damage":29.0,"enemies":"3 Darklings","floor":35.0,"turns":4.0},{"damage":18.0,"enemies":"Orb Walker","floor":36.0,"turns":5.0},{"damage":70.0,"enemies":"2 Orb Walkers","floor":41.0,"turns":5.0},{"damage":20.0,"enemies":"Sphere and 2 Shapes","floor":42.0,"turns":6.0},{"damage":23.0,"enemies":"4 Shapes","floor":46.0,"turns":6.0},{"damage":0.0,"enemies":"Transient","floor":47.0,"turns":5.0},{"damage":5,"enemies":"Sphere and 2 Shapes","floor":48,"turns":4},{"damage":42,"enemies":"Donu and Deca","floor":50,"turns":7}],"seed_played":"-2739636946603219877","potions_obtained":[{"floor":10.0,"key":"Dexterity Potion"},{"floor":18.0,"key":"EssenceOfSteel"},{"floor":21.0,"key":"Elixir"},{"floor":23.0,"key":"SpeedPotion"},{"floor":33.0,"key":"Elixir"},{"floor":41.0,"key":"LifebloodPotion"},{"floor":42.0,"key":"ColorlessPotion"},{"floor":46.0,"key":"SpeedPotion"}],"is_trial":false,"path_per_floor":["M","M","?","?","?","R","M","T","T","M","R","?","$","?","R","B",null,"M","?","M","M","M","E","M","M","T","$","?","R","M","?","R","B",null,"M","M","$","?","?","R","?","M","T","R","?","M","M","M","R","B",null],"character_chosen":"HERMIT","items_purchased":["hermit:ShadowCloak","hermit:Ricochet","hermit:Determination","Replay:WaspNest","MealTicket","Gremlin Food","Frozen Eye","Oddly Smooth Stone"],"campfire_rested":5,"item_purchase_floors":[13,13,27,27,27,27,37,37],"current_hp_per_floor":[81,75,75,75,67,67,67,67,72,64,64,64,64,64,64,46,87,67,67,62,54,37,36,34,39,39,19,3,29,7,36,62,28,87,58,40,40,40,40,66,1,29,29,55,55,37,47,47,73,56],"gold":167,"neow_bonus":"TEN_PERCENT_HP_BONUS","is_daily":false,"chose_seed":false,"campfire_upgraded":2,"win_rate":0.0,"timestamp":1609430132,"path_taken":["M","M","?","?","?","R","?","?","T","M","R","?","$","?","R","BOSS","M","?","M","?","M","E","?","M","T","$","?","R","M","?","R","BOSS","M","M","$","?","?","R","?","M","T","R","?","M","?","M","R","BOSS"],"items_purchased_type":["Card","Card","Card","Relic","Relic","Relic","Relic","Relic"],"build_version":"2020-12-22","purchased_purges":2,"victory":true,"max_hp_per_floor":[82,82,82,82,82,82,82,82,87,87,87,87,87,87,87,87,87,87,87,87,87,87,87,87,87,87,87,87,87,87,87,87,87,87,87,87,87,87,87,87,87,87,87,87,87,87,87,87,87,87],"card_choices":[{"not_picked":["hermit:Dive","hermit:Roulette","hermit:Desperado"],"picked":"SKIP","floor":1.0},{"not_picked":["hermit:BodyArmor","hermit:Roulette"],"picked":"hermit:WideOpen","floor":2.0},{"not_picked":["hermit:Desperado","hermit:Manifest"],"picked":"hermit:Enervate","floor":7.0},{"not_picked":["hermit:FullyLoaded","hermit:Coalescence"],"picked":"hermit:Desperado","floor":10.0},{"not_picked":["hermit:Cheat","hermit:Dissolve"],"picked":"hermit:LowProfile","floor":14.0},{"not_picked":["hermit:ShadowCloak","hermit:Virtue"],"picked":"hermit:Vantage","floor":14.0},{"not_picked":["hermit:Dissolve","hermit:OverwhelmingPower"],"picked":"hermit:FromBeyond","floor":16.0},{"not_picked":["hermit:LuckOfTheDraw","hermit:Roulette+1"],"picked":"hermit:Combo","floor":18.0},{"not_picked":["hermit:TakeCover+1","hermit:NoHoldsBarred"],"picked":"hermit:Maintenance","floor":20.0},{"not_picked":["hermit:TrackingShot","hermit:LuckOfTheDraw"],"picked":"hermit:Vantage","floor":21.0},{"not_picked":["hermit:Glare","hermit:Dive+1"],"picked":"hermit:Enervate","floor":22.0},{"not_picked":["hermit:Maintenance","hermit:LoneWolf"],"picked":"hermit:LowProfile","floor":23.0},{"not_picked":["hermit:WideOpen","hermit:Gambit"],"picked":"hermit:Desperado","floor":24.0},{"not_picked":["hermit:Coalescence","hermit:TrackingShot+1"],"picked":"hermit:CursedWeapon+1","floor":25.0},{"not_picked":["hermit:WideOpen","hermit:Manifest"],"picked":"hermit:EyeOfTheStorm+1","floor":30.0},{"not_picked":["hermit:Purgatory","hermit:HighNoon"],"picked":"hermit:Adapt","floor":33.0},{"not_picked":["hermit:Quickdraw","hermit:Feint+1"],"picked":"hermit:DeadMansHand+1","floor":35.0},{"not_picked":["hermit:Vantage","hermit:FlashPowder+1"],"picked":"hermit:Headshot+1","floor":36.0},{"not_picked":["Magnetism","ReplayUltimateDefense"],"picked":"Replay:Sssssssssstrike","floor":38.0},{"not_picked":["hermit:Headshot+1","hermit:Misfire"],"picked":"hermit:Enervate","floor":41.0},{"not_picked":["hermit:Manifest","hermit:Maintenance+1"],"picked":"hermit:Malice","floor":42.0},{"not_picked":["hermit:HighCaliber","hermit:BodyArmor+1"],"picked":"hermit:Spite","floor":46.0},{"not_picked":["hermit:HoleUp+1","hermit:Headshot+1"],"picked":"hermit:CalledShot+1","floor":47.0},{"not_picked":["hermit:NoHoldsBarred","hermit:Maintenance+1"],"picked":"hermit:FlashPowder","floor":48}],"player_experience":53437,"relics_obtained":[{"floor":4.0,"key":"ReplayTheSpireMod:Ring of Collecting"},{"floor":4.0,"key":"Ring of Fury"},{"floor":8.0,"key":"Ring of Greed"},{"floor":8.0,"key":"Golden Egg"},{"floor":8.0,"key":"Replay:Bandana"},{"floor":9.0,"key":"Durian"},{"floor":14.0,"key":"Toy Ornithopter"},{"floor":23.0,"key":"Replay:Bottled Flurry"},{"floor":26.0,"key":"ReplayTheSpireMod:Ring of Challenge"},{"floor":26.0,"key":"HollowMod:StagPassRelic"},{"floor":28.0,"key":"Nilry\u0027s Codex"},{"floor":41.0,"key":"Lizard Tail"},{"floor":43.0,"key":"Ring of Hypnosis"},{"floor":43.0,"key":"Chameleon Ring"}],"event_choices":[{"damage_healed":0.0,"max_hp_gain":0.0,"max_hp_loss":0.0,"gold_gain":50.0,"event_name":"Golden Wing","player_choice":"Gained Gold","floor":3.0,"gold_loss":0.0,"damage_taken":0.0},{"damage_healed":0.0,"max_hp_gain":0.0,"max_hp_loss":0.0,"gold_gain":75.0,"event_name":"FaceTrader","player_choice":"Touch","floor":5.0,"gold_loss":0.0,"damage_taken":8.0},{"cards_removed":["Voices"],"damage_healed":0.0,"max_hp_gain":0.0,"max_hp_loss":0.0,"gold_gain":0.0,"event_name":"The Cleric","player_choice":"Card Removal","floor":12.0,"gold_loss":50.0,"damage_taken":0.0},{"damage_healed":0.0,"max_hp_gain":0.0,"max_hp_loss":0.0,"gold_gain":0.0,"event_name":"Upgrade Shrine","player_choice":"Upgraded","floor":19.0,"gold_loss":0.0,"damage_taken":0.0,"cards_upgraded":["hermit:Combo"]},{"damage_healed":0.0,"max_hp_gain":0.0,"max_hp_loss":0.0,"gold_gain":0.0,"event_name":"Cursed Tome","player_choice":"Obtained Book","floor":28.0,"gold_loss":0.0,"damage_taken":16.0},{"damage_healed":29.0,"max_hp_gain":0.0,"max_hp_loss":0.0,"gold_gain":0.0,"event_name":"The Library","player_choice":"Heal","floor":31.0,"gold_loss":0.0,"damage_taken":0.0},{"damage_healed":0.0,"max_hp_gain":0.0,"max_hp_loss":0.0,"gold_gain":0.0,"event_name":"SensoryStone","player_choice":"Memory 1","floor":38.0,"gold_loss":0.0,"damage_taken":0.0},{"cards_removed":["hermit:Strike_Hermit"],"damage_healed":0.0,"max_hp_gain":0.0,"max_hp_loss":0.0,"gold_gain":0.0,"event_name":"Falling","player_choice":"Removed Attack","floor":39.0,"gold_loss":0.0,"damage_taken":0.0},{"damage_healed":0.0,"max_hp_gain":0.0,"max_hp_loss":0.0,"gold_gain":0.0,"event_name":"Mysterious Sphere","player_choice":"Fight","floor":41.0,"gold_loss":0.0,"damage_taken":0.0},{"damage_healed":0.0,"max_hp_gain":0.0,"max_hp_loss":0.0,"gold_gain":0.0,"event_name":"WeMeetAgain","player_choice":"Gave Potion","floor":45.0,"gold_loss":0.0,"damage_taken":0.0,"relics_obtained":["Peace Pipe"]}],"is_beta":false,"boss_relics":[{"not_picked":["ReplayTheSpireMod:DimensionalGlitch","Sozu"],"picked":"hermit:BartenderGlass"},{"not_picked":["ChewingGum","Replay:Drink Me"],"picked":"Replay:Wanted Poster"}],"items_purged_floors":[13,37],"is_endless":false,"potions_floor_spawned":[10,18,21,23,33,41,42,46],"ascension_level":0}}