{"host":"gc9rk8b4vlc0bstx","time":1609439478,"event":{"mods":["Ascension Unlocker","BaseMod","Minty Spire (QoL Compilation)","Permanent Neow","Relic Stats","StSLib"],"gold_per_floor":[117,134,134,134,152,152,191,212,235,256,281,315,19,40,40,134,134,155,171,171,171,190,226,226,226,226],"floor_reached":25,"playtime":3218,"items_purged":[],"score":570,"play_id":"c9d8d0f7-bd9d-4065-a1a2-c84ff41fb100","local_time":"20201231103118","is_ascension_mode":true,"campfire_choices":[{"data":"CrushJoints","floor":6.0,"key":"SMITH"},{"data":"FearNoEvil","floor":15.0,"key":"SMITH"},{"floor":24,"key":"REST"}],"circlet_count":0,"master_deck":["AscendersBane","Strike_P","Strike_P","Strike_P","Defend_P","Defend_P","Eruption","Vigilance","JustLucky","CrushJoints+1","CutThroughFate","FearNoEvil+1","TalkToTheHand","Meditate","Consecrate","ReachHeaven","Judgement","BowlingBash","Protect","ThirdEye"],"relics":["PureWater","Golden Idol","MealTicket","Oddly Smooth Stone","Tiny Chest","Blood Vial","Bag of Marbles","Empty Cage","Nilry\u0027s Codex","CaptainsWheel","Smiling Mask"],"acts_visited":["Exordium","TheCity"],"potions_floor_usage":[25],"damage_taken":[{"damage":2.0,"enemies":"Jaw Worm","floor":1.0,"turns":3.0},{"damage":5.0,"enemies":"Small Slimes","floor":2.0,"turns":5.0},{"damage":2.0,"enemies":"Cultist","floor":5.0,"turns":5.0},{"damage":20.0,"enemies":"3 Sentries","floor":7.0,"turns":6.0},{"damage":10.0,"enemies":"Gremlin Gang","floor":8.0,"turns":2.0},{"damage":5.0,"enemies":"Looter","floor":10.0,"turns":2.0},{"damage":3.0,"enemies":"Exordium Thugs","floor":11.0,"turns":3.0},{"damage":11.0,"enemies":"Lagavulin","floor":12.0,"turns":4.0},{"damage":0.0,"enemies":"Gremlin Gang","floor":14.0,"turns":2.0},{"damage":0.0,"enemies":"Slime Boss","floor":16.0,"turns":4.0},{"damage":12.0,"enemies":"2 Thieves","floor":18.0,"turns":3.0},{"damage":0.0,"enemies":"Chosen","floor":19.0,"turns":2.0},{"damage":9.0,"enemies":"Snake Plant","floor":22.0,"turns":4.0},{"damage":9,"enemies":"Gremlin Leader","floor":23,"turns":4},{"damage":45,"enemies":"Slavers","floor":25,"turns":1}],"seed_played":"7102155217870863459","potions_obtained":[{"floor":5.0,"key":"Ancient Potion"},{"floor":7.0,"key":"SkillPotion"},{"floor":11.0,"key":"DuplicationPotion"},{"floor":14.0,"key":"Energy Potion"}],"is_trial":false,"path_per_floor":["M","M","?","?","M","R","E","M","T","M","M","E","$","M","R","B",null,"M","M","?","T","M","E","R","E"],"character_chosen":"WATCHER","items_purchased":["Bag of Marbles","Meditate","Consecrate"],"campfire_rested":1,"item_purchase_floors":[13,13,13],"current_hp_per_floor":[59,54,54,54,52,52,32,22,22,17,14,3,18,20,20,22,52,42,44,23,23,16,9,27,0,0],"gold":226,"neow_bonus":"REMOVE_CARD","is_daily":false,"chose_seed":false,"campfire_upgraded":2,"win_rate":0.0,"timestamp":1609439478,"path_taken":["M","M","?","?","M","R","E","M","T","?","M","E","$","M","R","BOSS","M","?","?","?","?","E","R","E"],"items_purchased_type":["Relic","Card","Card"],"build_version":"2020-12-22","purchased_purges":0,"victory":false,"max_hp_per_floor":[68,68,62,62,62,62,62,62,62,62,62,62,62,62,62,62,62,62,62,62,62,62,62,62,62,62],"relic_stats":{"Blood Vial":14,"counters":[15,50],"Golden Idol":73,"MealTicket":15,"Tiny Chest":1,"Smiling Mask":0,"obtain_stats":[{"Blood Vial":12,"CaptainsWheel":21,"Golden Idol":3,"Nilry\u0027s Codex":20,"Oddly Smooth Stone":7,"MealTicket":4,"Tiny Chest":9,"Bag of Marbles":13,"PureWater":0,"Empty Cage":17,"Smiling Mask":23},{"Blood Vial":8,"CaptainsWheel":12,"Golden Idol":2,"Nilry\u0027s Codex":12,"Oddly Smooth Stone":4,"MealTicket":2,"Tiny Chest":5,"Bag of Marbles":8,"PureWater":0,"Empty Cage":10,"Smiling Mask":14},{"Blood Vial":30,"CaptainsWheel":41,"Golden Idol":8,"Nilry\u0027s Codex":41,"Oddly Smooth Stone":19,"MealTicket":8,"Tiny Chest":21,"Bag of Marbles":30,"PureWater":0,"Empty Cage":36,"Smiling Mask":49}]},"card_choices":[{"not_picked":["PathToVictory","Sanctity"],"picked":"JustLucky","floor":1.0},{"not_picked":["Crescendo","ThirdEye"],"picked":"FearNoEvil","floor":2.0},{"not_picked":["EmptyBody","Evaluate"],"picked":"CrushJoints","floor":5.0},{"not_picked":["CrushJoints","Indignation"],"picked":"CutThroughFate","floor":7.0},{"not_picked":["EmptyBody","SashWhip"],"picked":"FearNoEvil","floor":8.0},{"not_picked":["PathToVictory","ClearTheMind","JustLucky"],"picked":"SKIP","floor":10.0},{"not_picked":["EmptyFist","CrushJoints","BowlingBash"],"picked":"SKIP","floor":11.0},{"not_picked":["CutThroughFate","PathToVictory"],"picked":"TalkToTheHand","floor":12.0},{"not_picked":["JustLucky","FlyingSleeves"],"picked":"ReachHeaven","floor":14.0},{"not_picked":["Ragnarok","Vault"],"picked":"Judgement","floor":16.0},{"not_picked":["Sanctity","CutThroughFate"],"picked":"BowlingBash","floor":18.0},{"not_picked":["EmptyFist","SashWhip"],"picked":"Protect","floor":19.0},{"not_picked":["BattleHymn","FlurryOfBlows"],"picked":"ThirdEye","floor":22.0},{"not_picked":["WheelKick","CarveReality","Meditate"],"picked":"SKIP","floor":23}],"player_experience":833884,"relics_obtained":[{"floor":7.0,"key":"Oddly Smooth Stone"},{"floor":9.0,"key":"Tiny Chest"},{"floor":12.0,"key":"Blood Vial"},{"floor":20.0,"key":"Nilry\u0027s Codex"},{"floor":21.0,"key":"CaptainsWheel"},{"floor":23,"key":"Smiling Mask"}],"event_choices":[{"damage_healed":0.0,"max_hp_gain":0.0,"max_hp_loss":6.0,"gold_gain":0.0,"event_name":"Golden Idol","player_choice":"Lose Max HP","floor":3.0,"gold_loss":0.0,"damage_taken":0.0,"relics_obtained":["Golden Idol"]},{"cards_removed":["FearNoEvil"],"damage_healed":0.0,"max_hp_gain":0.0,"max_hp_loss":0.0,"gold_gain":0.0,"event_name":"WeMeetAgain","player_choice":"Gave Card","floor":4.0,"gold_loss":0.0,"damage_taken":0.0,"relics_obtained":["MealTicket"]},{"damage_healed":0.0,"max_hp_gain":0.0,"max_hp_loss":0.0,"gold_gain":0.0,"event_name":"Cursed Tome","player_choice":"Obtained Book","floor":20.0,"gold_loss":0.0,"damage_taken":21.0}],"is_beta":false,"boss_relics":[{"not_picked":["Busted Crown","Tiny House"],"picked":"Empty Cage"}],"items_purged_floors":[],"is_endless":false,"potions_floor_spawned":[5,7,11,14],"killed_by":"Slavers","ascension_level":20}}