{"host":"j45ucdvl5ntpx4kf","time":1609384179,"event":{"mods":["AchievementEnabler","BaseMod","Bestiary","Colored Map","Colored Powertips","Minty Spire (QoL Compilation)","StSLib"],"gold_per_floor":[115,115,115,40,40,55,84,39,119,187,187,250,250,277,277,379,379,398,313,330,73,93,93,93,93,93,122,139,99,117,69,69,69,69],"floor_reached":33,"playtime":2038,"items_purged":["Strike_R","Strike_R"],"score":334,"play_id":"1876ea3f-b75f-47d8-98d2-d9870a20169d","local_time":"20201230220939","is_ascension_mode":true,"campfire_choices":[{"data":"Pommel Strike","floor":11,"key":"SMITH"},{"floor":13,"key":"REST"},{"data":"Rampage","floor":15,"key":"SMITH"},{"data":"Iron Wave","floor":23,"key":"SMITH"},{"floor":25,"key":"REST"},{"floor":32,"key":"REST"}],"circlet_count":0,"master_deck":["Strike_R","Defend_R","Defend_R+1","Defend_R","Defend_R+1","Bash+1","Iron Wave+1","Pommel Strike+1","Rampage+1","Feed","Inflame","Shrug It Off+1","Rage","Uppercut","Iron Wave"],"relics":["Cursed Key","War Paint","Bottled Flame","Pear","WingedGreaves","Art of War","Empty Cage","CaptainsWheel","Chemical X","FaceOfCleric","StrikeDummy"],"acts_visited":["Exordium","TheCity"],"potions_floor_usage":[7,22,30,33,33,33],"damage_taken":[{"damage":0,"enemies":"Small Slimes","floor":1,"turns":2},{"damage":0,"enemies":"2 Louse","floor":6,"turns":3},{"damage":30,"enemies":"3 Sentries","floor":7,"turns":15},{"damage":16,"enemies":"Gremlin Nob","floor":12,"turns":3},{"damage":3,"enemies":"Gremlin Nob","floor":14,"turns":3},{"damage":32,"enemies":"Slime Boss","floor":16,"turns":9},{"damage":31,"enemies":"Shell Parasite","floor":18,"turns":6},{"damage":13,"enemies":"2 Thieves","floor":20,"turns":5},{"damage":1,"enemies":"Centurion and Healer","floor":22,"turns":7},{"damage":45,"enemies":"Slavers","floor":27,"turns":10},{"damage":16,"enemies":"Snake Plant","floor":28,"turns":4},{"damage":0,"enemies":"Chosen and Byrds","floor":30,"turns":6},{"damage":59,"enemies":"Automaton","floor":33,"turns":12}],"seed_played":"4881445324323117033","potions_obtained":[{"floor":1,"key":"LiquidMemories"},{"floor":14,"key":"LiquidBronze"},{"floor":27,"key":"EssenceOfSteel"},{"floor":29,"key":"Weak Potion"},{"floor":29,"key":"GamblersBrew"},{"floor":30,"key":"Block Potion"}],"is_trial":false,"path_per_floor":["M","?","?","$","?","M","E","$","T","T","R","?","R","E","R","B",null,"M","?","M","$","M","R","?","R","T","E","M","?","M","$","R","B"],"character_chosen":"IRONCLAD","items_purchased":["Pommel Strike","Chemical X","Iron Wave"],"campfire_rested":3,"item_purchase_floors":[8,21,31],"current_hp_per_floor":[80,80,73,73,73,73,43,43,43,53,53,37,64,61,61,29,87,56,56,46,46,48,48,48,75,75,31,16,16,17,17,45,0,0],"gold":69,"neow_bonus":"BOSS_RELIC","is_daily":false,"chose_seed":false,"campfire_upgraded":3,"win_rate":0.0,"timestamp":1609384179,"path_taken":["M","?","?","$","?","?","E","$","T","?","R","?","R","E","R","BOSS","M","?","M","$","M","R","?","R","T","E","?","?","M","$","R","BOSS"],"items_purchased_type":["Card","Relic","Card"],"build_version":"2020-12-22","purchased_purges":2,"victory":false,"max_hp_per_floor":[80,80,80,80,80,80,80,80,80,90,90,90,90,90,90,90,87,87,87,90,90,93,93,93,93,93,94,95,95,96,96,96,96,96],"card_choices":[{"not_picked":["Evolve","Flex","Blood for Blood"],"picked":"SKIP","floor":1},{"not_picked":["Feel No Pain","Bloodletting"],"picked":"Iron Wave","floor":6},{"not_picked":["Dark Embrace","Havoc","Clash"],"picked":"SKIP","floor":7},{"not_picked":["True Grit","Heavy Blade"],"picked":"Rampage","floor":12},{"not_picked":["Ghostly Armor","Heavy Blade","Flame Barrier"],"picked":"SKIP","floor":14},{"not_picked":["Impervious","Corruption"],"picked":"Feed","floor":16},{"not_picked":["Headbutt","True Grit+1"],"picked":"Inflame","floor":18},{"not_picked":["Perfected Strike","Wild Strike+1"],"picked":"Shrug It Off+1","floor":20},{"not_picked":["Anger","Wild Strike"],"picked":"Rage","floor":22},{"not_picked":["Power Through","Wild Strike"],"picked":"Uppercut","floor":27},{"not_picked":["Inflame","Warcry","Armaments"],"picked":"SKIP","floor":28},{"not_picked":["Corruption","Body Slam","Havoc"],"picked":"SKIP","floor":30}],"player_experience":110593,"relics_obtained":[{"floor":7,"key":"War Paint"},{"floor":9,"key":"Bottled Flame"},{"floor":10,"key":"Pear"},{"floor":14,"key":"Art of War"},{"floor":27,"key":"StrikeDummy"}],"event_choices":[{"cards_removed":["Strike_R"],"damage_healed":0,"gold_gain":0,"player_choice":"Forget","damage_taken":0,"max_hp_gain":0,"max_hp_loss":0,"event_name":"Living Wall","floor":2,"gold_loss":0},{"cards_removed":["Strike_R"],"damage_healed":0,"gold_gain":0,"player_choice":"Card Removal","damage_taken":7,"max_hp_gain":0,"max_hp_loss":0,"event_name":"Golden Wing","floor":3,"gold_loss":0},{"damage_healed":0,"gold_gain":0,"player_choice":"Upgraded","damage_taken":0,"max_hp_gain":0,"max_hp_loss":0,"event_name":"Upgrade Shrine","floor":5,"gold_loss":0,"cards_upgraded":["Bash"]},{"damage_healed":0,"gold_gain":30,"player_choice":"Searched \u00273\u0027 times","damage_taken":0,"relics_obtained":["WingedGreaves"],"max_hp_gain":0,"max_hp_loss":0,"event_name":"Dead Adventurer","floor":12,"gold_loss":0},{"damage_healed":0,"gold_gain":0,"player_choice":"Obtained Relic","damage_taken":0,"relics_obtained":["CaptainsWheel"],"max_hp_gain":0,"max_hp_loss":0,"event_name":"Addict","floor":19,"gold_loss":85},{"damage_healed":0,"gold_gain":0,"player_choice":"Trade","damage_taken":0,"relics_obtained":["FaceOfCleric"],"max_hp_gain":0,"max_hp_loss":0,"event_name":"FaceTrader","floor":24,"gold_loss":0},{"damage_healed":0,"gold_gain":0,"player_choice":"Bought 3 Potions","damage_taken":0,"max_hp_gain":0,"max_hp_loss":0,"event_name":"The Woman in Blue","floor":29,"gold_loss":0}],"is_beta":false,"boss_relics":[{"not_picked":["Runic Pyramid","Philosopher\u0027s Stone"],"picked":"Empty Cage"}],"items_purged_floors":[4,21],"is_endless":false,"potions_floor_spawned":[1,14,27,30],"killed_by":"Automaton","ascension_level":3}}