{"host":"k4et7hlhlqy8fuoz","time":1609408155,"event":{"mods":["2.2 Compatiblity","AchievementEnabler","BaseMod","Colored Map","DeckTracker","Highlight Path","Minty Spire (QoL Compilation)","Random Character Button","Rare Cards Sparkle"],"gold_per_floor":[117,20,20,20,37,37,37,47,70,70,83,83,95,110,110,205,205,224,224,42,42,52,52,62,62,62,80,80,98,4,4,4,4,4],"floor_reached":33,"playtime":1270,"items_purged":[],"score":237,"play_id":"a58abf12-2933-4e5b-9d22-ad878c6afe31","local_time":"20201231104915","is_ascension_mode":false,"campfire_choices":[{"data":"Jack Of All Trades","floor":6,"key":"SMITH"},{"data":"Perfected Strike","floor":10,"key":"SMITH"},{"data":"Twin Strike","floor":12,"key":"SMITH"},{"data":"Fiend Fire","floor":15,"key":"SMITH"},{"data":"Rage","floor":23,"key":"SMITH"},{"data":"Perfected Strike","floor":25,"key":"SMITH"},{"floor":28,"key":"REST"},{"floor":32,"key":"REST"}],"circlet_count":0,"master_deck":["Strike_R+1","Strike_R+1","Strike_R+1","Strike_R+1","Strike_R+1","Defend_R+1","Defend_R+1","Defend_R+1","Defend_R+1","Bash","Writhe","Perfected Strike+1","Jack Of All Trades+1","Anger","Perfected Strike+1","Twin Strike+1","Fiend Fire+1","Thunderclap","Double Tap","CurseOfTheBell","Rage+1","Clothesline","Dramatic Entrance","Flame Barrier","Jack Of All Trades+1","Heavy Blade","Perfected Strike+1","Infernal Blade","Heavy Blade","Anger","Sever Soul"],"relics":["Burning Blood","Regal Pillow","Bag of Marbles","Self Forming Clay","Whetstone","Calling Bell","Lantern","Matryoshka","WingedGreaves","Smiling Mask","Anchor","StoneCalendar"],"acts_visited":["Exordium","TheCity"],"potions_floor_usage":[33,33,33],"damage_taken":[{"damage":6,"enemies":"Cultist","floor":1,"turns":3},{"damage":6,"enemies":"Jaw Worm","floor":5,"turns":2},{"damage":0,"enemies":"Small Slimes","floor":8,"turns":3},{"damage":0,"enemies":"Red Slaver","floor":11,"turns":1},{"damage":0,"enemies":"Exordium Wildlife","floor":13,"turns":1},{"damage":0,"enemies":"Blue Slaver","floor":14,"turns":1},{"damage":16,"enemies":"Slime Boss","floor":16,"turns":6},{"damage":24,"enemies":"2 Thieves","floor":18,"turns":3},{"damage":0,"enemies":"Spheric Guardian","floor":22,"turns":2},{"damage":0,"enemies":"Snecko","floor":24,"turns":3},{"damage":11,"enemies":"Snake Plant","floor":27,"turns":2},{"damage":23,"enemies":"Sentry and Sphere","floor":29,"turns":4},{"damage":89,"enemies":"Automaton","floor":33,"turns":6}],"seed_played":"-7655609685007429529","potions_obtained":[{"floor":5,"key":"GamblersBrew"},{"floor":8,"key":"SteroidPotion"},{"floor":13,"key":"CultistPotion"},{"floor":18,"key":"Weak Potion"}],"is_trial":false,"path_per_floor":["M","$","?","?","M","R","T","M","T","R","M","R","M","M","R","B",null,"M","?","$","?","M","R","M","R","T","M","R","M","$","?","R","B"],"character_chosen":"IRONCLAD","items_purchased":["Jack Of All Trades","Clothesline","Dramatic Entrance","Flame Barrier","Anger","Sever Soul"],"campfire_rested":2,"item_purchase_floors":[2,20,20,20,30,30],"current_hp_per_floor":[80,80,77,77,77,77,77,80,80,80,80,80,80,80,80,70,80,62,62,62,62,68,68,74,74,74,69,80,63,63,63,80,0,0],"gold":4,"neow_bonus":"RANDOM_COLORLESS_2","is_daily":false,"chose_seed":false,"campfire_upgraded":6,"win_rate":0.0,"timestamp":1609408155,"path_taken":["M","$","?","?","?","R","?","M","T","R","M","R","?","M","R","BOSS","M","?","$","?","M","R","M","R","T","?","R","M","?","?","R","BOSS"],"items_purchased_type":["Card","Card","Card","Card","Card","Card"],"build_version":"2020-12-22","purchased_purges":0,"victory":false,"max_hp_per_floor":[80,80,80,80,80,80,80,80,80,80,80,80,80,80,80,80,80,80,80,80,80,80,80,80,80,80,80,80,80,80,80,80,80,80],"card_choices":[{"not_picked":["Thinking Ahead","Mayhem"],"picked":"Magnetism","floor":0},{"not_picked":["Thunderclap","Feel No Pain"],"picked":"Perfected Strike","floor":1},{"not_picked":["Combust","Uppercut"],"picked":"Anger","floor":5},{"not_picked":["Sword Boomerang","Fire Breathing"],"picked":"Perfected Strike","floor":8},{"not_picked":["Whirlwind","Anger"],"picked":"Twin Strike","floor":11},{"not_picked":["Headbutt","Ghostly Armor"],"picked":"Fiend Fire","floor":13},{"not_picked":["Body Slam","Armaments"],"picked":"Thunderclap","floor":14},{"not_picked":["Corruption","Limit Break"],"picked":"Double Tap","floor":16},{"not_picked":["Anger","True Grit+1"],"picked":"Rage","floor":18},{"not_picked":["Rage","True Grit"],"picked":"Heavy Blade","floor":22},{"not_picked":["Burning Pact","Twin Strike"],"picked":"Perfected Strike+1","floor":24},{"not_picked":["Pommel Strike","Thunderclap"],"picked":"Infernal Blade","floor":27},{"not_picked":["Combust","Limit Break"],"picked":"Heavy Blade","floor":29}],"player_experience":41357,"relics_obtained":[{"floor":7,"key":"Self Forming Clay"},{"floor":9,"key":"Whetstone"},{"floor":17,"key":"Lantern"},{"floor":17,"key":"Matryoshka"},{"floor":17,"key":"WingedGreaves"},{"floor":26,"key":"Smiling Mask"},{"floor":26,"key":"Anchor"}],"event_choices":[{"damage_healed":0,"gold_gain":0,"player_choice":"Success","damage_taken":3,"relics_obtained":["Regal Pillow"],"max_hp_gain":0,"max_hp_loss":0,"event_name":"Scrap Ooze","floor":3,"gold_loss":0},{"cards_removed":["Magnetism"],"damage_healed":0,"gold_gain":0,"player_choice":"Gave Card","damage_taken":0,"relics_obtained":["Bag of Marbles"],"max_hp_gain":0,"max_hp_loss":0,"event_name":"WeMeetAgain","floor":4,"gold_loss":0},{"damage_healed":0,"gold_gain":0,"player_choice":"Simplicity","damage_taken":0,"max_hp_gain":0,"max_hp_loss":0,"event_name":"Back to Basics","floor":19,"gold_loss":0,"cards_upgraded":["Strike_R","Strike_R","Strike_R","Defend_R","Defend_R","Defend_R","Defend_R"]},{"damage_healed":0,"gold_gain":0,"player_choice":"Copied","damage_taken":0,"max_hp_gain":0,"max_hp_loss":0,"event_name":"Duplicator","floor":21,"gold_loss":0,"cards_obtained":["Jack Of All Trades"]},{"damage_healed":0,"gold_gain":0,"player_choice":"Opened","damage_taken":0,"relics_obtained":["StoneCalendar"],"max_hp_gain":0,"max_hp_loss":0,"event_name":"The Mausoleum","floor":31,"gold_loss":0}],"is_beta":false,"boss_relics":[{"not_picked":["Runic Dome","Busted Crown"],"picked":"Calling Bell"}],"items_purged_floors":[],"is_endless":false,"potions_floor_spawned":[5,8,13,18,22,27],"killed_by":"Automaton","ascension_level":0}}