{"host":"82vjcvwyw2j7afb1","time":1609423753,"event":{"mods":["BaseMod","Colored Map","DeckTracker","Keyboard Shortcuts","Marisa£¨Ùöéë¡¡Øª×âÞÞ£©","Minty Spire (QoL Compilation)","Permanent Neow","Quick Restart","StSLib","SuperFastMode","everything is the same but u backflip on backflip"],"gold_per_floor":[114,94,105,115,131,165,165,165,190,206,15,50,50,50,50,155,155,174,0,0,13,25,59,59,76,101,101,7,37,37,10,10,10,10],"floor_reached":33,"playtime":1333,"items_purged":["Defend_R","Regret"],"score":347,"play_id":"38980448-848e-49c5-8844-1e1dc1b84750","local_time":"20201231230913","is_ascension_mode":true,"campfire_choices":[{"data":"Double Tap","floor":7.0,"key":"SMITH"},{"data":"Inflame","floor":13.0,"key":"SMITH"},{"floor":15.0,"key":"REST"},{"floor":24.0,"key":"REST"},{"data":"Pommel Strike","floor":30,"key":"SMITH"},{"data":"Perfected Strike","floor":32,"key":"SMITH"}],"circlet_count":0,"master_deck":["Strike_R","Strike_R","Strike_R","Strike_R","Strike_R","Defend_R","Defend_R","Defend_R","Bash+1","Perfected Strike","Pummel","Inflame+1","Shrug It Off","Double Tap+1","Twin Strike","Power Through+1","Armaments+1","Feed","Headbutt","Warcry+1","Second Wind+1","Pommel Strike","Clash","Pommel Strike+1","Ghostly+1","Ghostly+1","Ghostly+1","Ghostly+1","Ghostly+1","Bloodletting+1","Perfected Strike+1","Flex+1"],"relics":["Burning Blood","Juzu Bracelet","Vajra","Dream Catcher","Membership Card","Toxic Egg 2","Strawberry","Philosopher\u0027s Stone","Orichalcum","PreservedInsect","Ancient Tea Set"],"acts_visited":["Exordium","TheCity"],"potions_floor_usage":[25],"damage_taken":[{"damage":12.0,"enemies":"Jaw Worm","floor":1.0,"turns":3.0},{"damage":1.0,"enemies":"Cultist","floor":3.0,"turns":3.0},{"damage":6.0,"enemies":"2 Louse","floor":4.0,"turns":2.0},{"damage":11.0,"enemies":"Looter","floor":5.0,"turns":2.0},{"damage":23.0,"enemies":"Lagavulin","floor":6.0,"turns":5.0},{"damage":0.0,"enemies":"Exordium Wildlife","floor":10.0,"turns":3.0},{"damage":5.0,"enemies":"3 Sentries","floor":12.0,"turns":5.0},{"damage":7.0,"enemies":"Slime Boss","floor":16.0,"turns":7.0},{"damage":4.0,"enemies":"3 Byrds","floor":18.0,"turns":4.0},{"damage":14.0,"enemies":"Chosen","floor":21.0,"turns":2.0},{"damage":26.0,"enemies":"Snake Plant","floor":22.0,"turns":4.0},{"damage":28.0,"enemies":"Gremlin Leader","floor":23.0,"turns":3.0},{"damage":9,"enemies":"3 Cultists","floor":25,"turns":4},{"damage":13,"enemies":"Slavers","floor":29,"turns":4},{"damage":49,"enemies":"Automaton","floor":33,"turns":6}],"seed_played":"5018019622509550593","potions_obtained":[{"floor":2.0,"key":"ElixirPotion"},{"floor":5.0,"key":"Fire Potion"},{"floor":10.0,"key":"PowerPotion"},{"floor":12.0,"key":"Ancient Potion"},{"floor":21.0,"key":"SpeedPotion"},{"floor":29,"key":"SmokeBomb"}],"is_trial":false,"path_per_floor":["M","?","M","M","M","E","R","?","T","M","$","E","R","?","R","B",null,"M","?","?","M","M","E","R","M","T","?","$","E","R","$","R","B"],"character_chosen":"IRONCLAD","items_purchased":["Membership Card","Bloodletting+1","Perfected Strike","Flex+1"],"campfire_rested":2,"item_purchase_floors":[11,28,28,31],"current_hp_per_floor":[74,74,79,79,74,57,57,50,50,56,56,57,57,64,87,86,87,87,87,87,79,59,37,63,64,64,45,45,41,41,41,41,0,0],"gold":10,"neow_bonus":"UPGRADE_CARD","is_daily":false,"chose_seed":false,"campfire_upgraded":4,"win_rate":0.0,"timestamp":1609423753,"path_taken":["M","?","M","?","M","E","R","?","T","M","$","E","R","?","R","BOSS","M","?","?","M","M","E","R","M","T","?","?","E","R","$","R","BOSS"],"items_purchased_type":["Relic","Card","Card","Card"],"build_version":"2020-12-22","purchased_purges":2,"victory":false,"max_hp_per_floor":[80,80,80,80,80,80,80,80,80,80,80,80,80,87,87,87,87,87,87,87,87,87,87,87,91,91,45,45,48,48,48,48,48,48],"card_choices":[{"not_picked":["Anger","Sentinel"],"picked":"Perfected Strike","floor":1.0},{"not_picked":["Havoc","Wild Strike"],"picked":"Pummel","floor":3.0},{"not_picked":["Hemokinesis","Evolve"],"picked":"Inflame","floor":4.0},{"not_picked":["Headbutt","Havoc"],"picked":"Shrug It Off","floor":5.0},{"not_picked":["Juggernaut","Wild Strike"],"picked":"Double Tap","floor":6.0},{"not_picked":["Sword Boomerang","Reckless Charge"],"picked":"Twin Strike","floor":10.0},{"not_picked":["Reckless Charge","Uppercut"],"picked":"Power Through+1","floor":12.0},{"not_picked":["Headbutt","Warcry+1"],"picked":"Armaments+1","floor":15.0},{"not_picked":["Juggernaut","Immolate"],"picked":"Feed","floor":16.0},{"not_picked":["Iron Wave","Reckless Charge+1"],"picked":"Headbutt","floor":18.0},{"not_picked":["Iron Wave","Wild Strike"],"picked":"Warcry+1","floor":21.0},{"not_picked":["Fire Breathing","Wild Strike+1"],"picked":"Second Wind+1","floor":22.0},{"not_picked":["Warcry+1","Anger"],"picked":"Pommel Strike","floor":23.0},{"not_picked":["Wild Strike+1","Iron Wave+1"],"picked":"Clash","floor":24.0},{"not_picked":["Body Slam+1","Clothesline"],"picked":"Pommel Strike","floor":25},{"not_picked":["Blood for Blood","Wild Strike","Disarm+1"],"picked":"SKIP","floor":29},{"not_picked":["Blood for Blood","Wild Strike","Disarm+1"],"picked":"SKIP","floor":29}],"player_experience":34628,"relics_obtained":[{"floor":6.0,"key":"Juzu Bracelet"},{"floor":9.0,"key":"Dream Catcher"},{"floor":12.0,"key":"Toxic Egg 2"},{"floor":23.0,"key":"Orichalcum"},{"floor":26,"key":"PreservedInsect"},{"floor":29,"key":"Ancient Tea Set"}],"event_choices":[{"damage_healed":0.0,"max_hp_gain":0.0,"max_hp_loss":0.0,"gold_gain":0.0,"event_name":"The Woman in Blue","player_choice":"Bought 1 Potion","floor":2.0,"gold_loss":0.0,"damage_taken":0.0},{"damage_healed":0.0,"max_hp_gain":0.0,"max_hp_loss":0.0,"gold_gain":0.0,"event_name":"Scrap Ooze","player_choice":"Success","floor":8.0,"gold_loss":0.0,"damage_taken":7.0,"relics_obtained":["Vajra"]},{"damage_healed":0.0,"max_hp_gain":0.0,"max_hp_loss":0.0,"gold_gain":0.0,"event_name":"Big Fish","player_choice":"Box","floor":14.0,"gold_loss":0.0,"damage_taken":0.0,"relics_obtained":["Strawberry"],"cards_obtained":["Regret"]},{"damage_healed":0.0,"max_hp_gain":0.0,"max_hp_loss":0.0,"gold_gain":0.0,"event_name":"Masked Bandits","player_choice":"Paid Fearfully","floor":19.0,"gold_loss":174.0,"damage_taken":0.0},{"damage_healed":0,"gold_gain":0,"player_choice":"Became a Ghost","damage_taken":0,"max_hp_gain":0,"max_hp_loss":46,"event_name":"Ghosts","floor":27,"gold_loss":0,"cards_obtained":["Ghostly","Ghostly","Ghostly","Ghostly","Ghostly"]}],"is_beta":false,"boss_relics":[{"not_picked":["Fusion Hammer","Cursed Key"],"picked":"Philosopher\u0027s Stone"}],"items_purged_floors":[11,28],"is_endless":false,"potions_floor_spawned":[5,10,12,21,29],"killed_by":"Automaton","ascension_level":2}}