{"host":"f5gffvlv6a66yqkd","time":1609439097,"event":{"mods":["2.2 Compatiblity","BaseMod","Colored Map","DeckTracker","Keyboard Shortcuts","Minty Spire (QoL Compilation)","Permanent Neow","Quick Restart","Relic Stats","StSLib","SuperFastMode"],"gold_per_floor":[14,14,26,37,91,91,109,124,124,137,137,470,395,409,409,485,485,497,507,297,297,297],"floor_reached":21,"playtime":447,"items_purged":["Scrape"],"score":366,"play_id":"910b2025-452c-4d0a-9351-203a72d14c15","local_time":"20210101032457","is_ascension_mode":true,"campfire_choices":[{"data":"Zap","floor":6.0,"key":"SMITH"},{"data":"Darkness","floor":11.0,"key":"SMITH"},{"data":"Dualcast","floor":15.0,"key":"SMITH"}],"circlet_count":0,"master_deck":["AscendersBane","Zap+1","Dualcast+1","White Noise","Hyperbeam","Beam Cell","Gash","Darkness+1","Compile Driver","Rebound","Hologram","Echo Form","Ball Lightning","Hello World","Amplify","Sunder","Chaos","Conserve Battery","Coolheaded","Panacea","Conserve Battery","Redo"],"relics":["Cracked Core","Thread and Needle","Toy Ornithopter","The Courier","Old Coin","Pandora\u0027s Box"],"acts_visited":["Exordium","TheCity"],"potions_floor_usage":[],"damage_taken":[{"damage":0.0,"enemies":"2 Louse","floor":1.0,"turns":2.0},{"damage":3.0,"enemies":"Jaw Worm","floor":3.0,"turns":3.0},{"damage":4.0,"enemies":"Small Slimes","floor":4.0,"turns":2.0},{"damage":0.0,"enemies":"3 Louse","floor":7.0,"turns":1.0},{"damage":6.0,"enemies":"Gremlin Gang","floor":8.0,"turns":3.0},{"damage":0.0,"enemies":"2 Fungi Beasts","floor":10.0,"turns":1.0},{"damage":28.0,"enemies":"Gremlin Nob","floor":12.0,"turns":4.0},{"damage":2.0,"enemies":"Exordium Thugs","floor":14.0,"turns":3.0},{"damage":19.0,"enemies":"Slime Boss","floor":16.0,"turns":7.0},{"damage":18.0,"enemies":"2 Thieves","floor":18.0,"turns":2.0},{"damage":28.0,"enemies":"3 Byrds","floor":19.0,"turns":4.0},{"damage":6,"enemies":"Snecko","floor":21,"turns":3}],"seed_played":"-4330017521797311520","potions_obtained":[{"floor":4.0,"key":"LiquidMemories"},{"floor":10.0,"key":"AttackPotion"},{"floor":19.0,"key":"Dexterity Potion"}],"is_trial":false,"path_per_floor":["M","?","M","M","T","R","M","M","T","M","R","E","?","M","R","B",null,"M","M","$","M"],"character_chosen":"DEFECT","items_purchased":["Panacea","Conserve Battery","Redo"],"campfire_rested":0,"item_purchase_floors":[20,20,20],"current_hp_per_floor":[64,64,61,57,57,57,57,51,51,51,51,28,28,26,26,12,56,38,10,10,4,4],"gold":297,"neow_bonus":"ONE_RARE_RELIC","is_daily":false,"chose_seed":false,"campfire_upgraded":3,"win_rate":0.0,"timestamp":1609439097,"path_taken":["M","?","M","M","?","R","M","M","T","M","R","E","?","M","R","BOSS","M","M","$","M"],"items_purchased_type":["Card","Card","Card"],"build_version":"2020-12-22","purchased_purges":1,"victory":false,"max_hp_per_floor":[71,71,71,71,71,71,71,71,71,71,71,71,71,71,71,71,71,71,71,71,71,71],"relic_stats":{"counters":[12,35],"Pandora\u0027s Box":["Ball Lightning","Scrape","Hello World","Amplify","Sunder","Chaos"],"obtain_stats":[{"Thread and Needle":0,"Pandora\u0027s Box":17,"The Courier":9,"Cracked Core":0,"Toy Ornithopter":5,"Old Coin":12},{"Thread and Needle":0,"Pandora\u0027s Box":9,"The Courier":5,"Cracked Core":0,"Toy Ornithopter":3,"Old Coin":7},{"Thread and Needle":0,"Pandora\u0027s Box":26,"The Courier":11,"Cracked Core":0,"Toy Ornithopter":7,"Old Coin":16}],"Toy Ornithopter":10},"card_choices":[{"not_picked":["Beam Cell","Blizzard"],"picked":"White Noise","floor":1.0},{"not_picked":["Gash","Streamline"],"picked":"Beam Cell","floor":3.0},{"not_picked":["Leap","Coolheaded"],"picked":"Gash","floor":4.0},{"not_picked":["Steam","Chaos"],"picked":"Darkness","floor":7.0},{"not_picked":["Tempest","Reprogram","Streamline"],"picked":"SKIP","floor":8.0},{"not_picked":["Streamline","Machine Learning"],"picked":"Compile Driver","floor":10.0},{"not_picked":["Sunder","Turbo"],"picked":"Rebound","floor":12.0},{"not_picked":["Compile Driver","Stack"],"picked":"Hologram","floor":14.0},{"not_picked":["Buffer","Reboot"],"picked":"Echo Form","floor":16.0},{"not_picked":["Beam Cell","Steam"],"picked":"Conserve Battery","floor":18.0},{"not_picked":["Conserve Battery","Stack"],"picked":"Coolheaded","floor":19.0}],"player_experience":1517747,"relics_obtained":[{"floor":5.0,"key":"Toy Ornithopter"},{"floor":9.0,"key":"The Courier"},{"floor":12.0,"key":"Old Coin"}],"event_choices":[{"damage_healed":0.0,"max_hp_gain":0.0,"max_hp_loss":0.0,"gold_gain":0.0,"cards_transformed":["Strike_B"],"event_name":"Living Wall","player_choice":"Change","floor":2.0,"gold_loss":0.0,"damage_taken":0.0,"cards_obtained":["Hyperbeam"]},{"cards_removed":["Strike_B"],"damage_healed":0.0,"max_hp_gain":0.0,"max_hp_loss":0.0,"gold_gain":0.0,"event_name":"The Cleric","player_choice":"Card Removal","floor":13.0,"gold_loss":75.0,"damage_taken":0.0}],"is_beta":false,"boss_relics":[{"not_picked":["Philosopher\u0027s Stone","SlaversCollar"],"picked":"Pandora\u0027s Box"}],"items_purged_floors":[20],"is_endless":false,"potions_floor_spawned":[4,10,19],"killed_by":"Snecko","ascension_level":20}}