{"host":"tzyzz5n7hg2ni9q2","time":1609430923,"event":{"mods":["BaseMod","Minty Spire (QoL Compilation)","Quick Restart"],"gold_per_floor":[109,120,24,24,24,57,77,94,148,174,124,124,136,25,25,125,125,136,61,73,87,107,136,154,154,203,203,215,315,15,31,31,127,127,143,193,117,129,149,149,184,184,209,209,209],"floor_reached":44,"playtime":1779,"items_purged":["Defend_R"],"score":495,"play_id":"5850390b-19fd-4d18-9fff-4adab3abff48","local_time":"20201231170843","is_ascension_mode":false,"campfire_choices":[{"data":"Cleave","floor":12,"key":"SMITH"},{"data":"Inflame","floor":15,"key":"SMITH"},{"floor":25,"key":"REST"},{"data":"Ghostly Armor","floor":27,"key":"SMITH"},{"floor":32,"key":"REST"},{"floor":40,"key":"RECALL"},{"data":"True Grit","floor":42,"key":"SMITH"}],"circlet_count":0,"master_deck":["Strike_R","Strike_R","Strike_R","Defend_R","Defend_R","Defend_R","Bash","Cleave+1","Battle Trance","Metallicize","Inflame+1","Ghostly Armor+1","Heavy Blade+1","True Grit+1","Warcry+1","True Grit+1","FTL+1","ThirdEye+1","Swift Strike+1","Spot Weakness"],"relics":["Burning Blood","NeowsBlessing","Darkstone Periapt","Ancient Tea Set","Strawberry","Vajra","Black Star","Nunchaku","Regal Pillow","Bronze Scales","Peace Pipe","Blue Candle","PrismaticShard","Dream Catcher","Sozu","Unceasing Top","Omamori","Magic Flower","MealTicket"],"acts_visited":["Exordium","TheCity","TheBeyond"],"potions_floor_usage":[10,14,20,29,29,33,33],"damage_taken":[{"damage":0,"enemies":"Cultist","floor":1,"turns":1},{"damage":0,"enemies":"Small Slimes","floor":2,"turns":1},{"damage":0,"enemies":"Gremlin Nob","floor":6,"turns":1},{"damage":2,"enemies":"2 Louse","floor":7,"turns":3},{"damage":8,"enemies":"Blue Slaver","floor":8,"turns":5},{"damage":34,"enemies":"3 Sentries","floor":10,"turns":7},{"damage":0,"enemies":"2 Fungi Beasts","floor":13,"turns":3},{"damage":3,"enemies":"Slime Boss","floor":16,"turns":7},{"damage":25,"enemies":"Shell Parasite","floor":18,"turns":9},{"damage":0,"enemies":"Spheric Guardian","floor":20,"turns":3},{"damage":17,"enemies":"Centurion and Healer","floor":21,"turns":7},{"damage":24,"enemies":"3 Cultists","floor":22,"turns":6},{"damage":26,"enemies":"Gremlin Leader","floor":23,"turns":7},{"damage":15,"enemies":"Shelled Parasite and Fungi","floor":24,"turns":7},{"damage":19,"enemies":"Sentry and Sphere","floor":28,"turns":6},{"damage":12,"enemies":"Colosseum Slavers","floor":29,"turns":4},{"damage":13,"enemies":"Colosseum Nobs","floor":29,"turns":5},{"damage":17,"enemies":"Snake Plant","floor":31,"turns":3},{"damage":49,"enemies":"Champ","floor":33,"turns":10},{"damage":8,"enemies":"3 Shapes","floor":35,"turns":3},{"damage":6,"enemies":"Mind Bloom Boss Battle","floor":36,"turns":6},{"damage":9,"enemies":"3 Darklings","floor":38,"turns":6},{"damage":19,"enemies":"4 Shapes","floor":39,"turns":5},{"damage":23,"enemies":"Nemesis","floor":41,"turns":5},{"damage":58,"enemies":"Giant Head","floor":44,"turns":8}],"seed_played":"-4646749032542793053","potions_obtained":[{"floor":6,"key":"LiquidMemories"},{"floor":10,"key":"BlessingOfTheForge"},{"floor":13,"key":"Fruit Juice"},{"floor":16,"key":"BlessingOfTheForge"},{"floor":22,"key":"BlessingOfTheForge"},{"floor":24,"key":"Weak Potion"},{"floor":29,"key":"SkillPotion"},{"floor":31,"key":"HeartOfIron"}],"is_trial":false,"path_per_floor":["M","M","$","?","?","E","M","M","T","E","?","R","M","$","R","B",null,"M","?","M","M","M","E","M","R","T","R","M","?","$","M","R","B",null,"M","?","$","M","M","R","E","R","T","E"],"character_chosen":"IRONCLAD","items_purchased":["Finesse","Ghostly Armor","PrismaticShard","Dream Catcher","Spot Weakness"],"campfire_rested":2,"item_purchase_floors":[3,14,30,30,37],"current_hp_per_floor":[80,80,80,80,80,80,80,78,85,57,57,57,63,68,68,71,92,73,73,79,68,50,30,21,63,63,63,50,37,37,26,68,25,92,90,90,90,87,74,74,57,57,57,0,0],"gold":209,"neow_bonus":"THREE_ENEMY_KILL","is_daily":false,"chose_seed":false,"campfire_upgraded":4,"win_rate":0.0,"timestamp":1609430923,"path_taken":["M","?","$","?","?","E","M","?","T","E","?","R","M","$","R","BOSS","M","?","M","M","M","E","M","R","T","R","M","?","$","M","R","BOSS","M","?","$","M","M","R","E","R","T","E"],"items_purchased_type":["Card","Card","Relic","Relic","Card"],"build_version":"2020-12-22","purchased_purges":1,"victory":false,"max_hp_per_floor":[80,80,80,80,80,80,80,80,87,87,87,87,87,92,92,92,92,92,92,92,92,92,92,92,92,92,92,92,92,92,92,92,92,92,92,92,92,92,92,92,92,92,92,92,92],"card_choices":[{"not_picked":["Flex","Rupture","Infernal Blade"],"picked":"SKIP","floor":1},{"not_picked":["Infernal Blade","Sword Boomerang","Anger"],"picked":"SKIP","floor":2},{"not_picked":["Flame Barrier","Anger"],"picked":"Cleave","floor":6},{"not_picked":["Havoc","Combust"],"picked":"Battle Trance","floor":7},{"not_picked":["Iron Wave","Cleave"],"picked":"Metallicize","floor":8},{"not_picked":["Flex","Battle Trance","Iron Wave"],"picked":"SKIP","floor":10},{"not_picked":["Armaments","Sword Boomerang"],"picked":"Inflame","floor":13},{"not_picked":["Blood for Blood+1","Flame Barrier"],"picked":"Heavy Blade+1","floor":18},{"not_picked":["Hemokinesis","Dropkick","Bloodletting"],"picked":"SKIP","floor":20},{"not_picked":["Sentinel","Blood for Blood","Flex"],"picked":"SKIP","floor":21},{"not_picked":["Intimidate","Feel No Pain"],"picked":"True Grit","floor":22},{"not_picked":["Sever Soul+1","Bludgeon"],"picked":"Warcry+1","floor":23},{"not_picked":["Havoc","Perfected Strike"],"picked":"True Grit+1","floor":24},{"not_picked":["Havoc","True Grit","Infernal Blade+1"],"picked":"SKIP","floor":28},{"not_picked":["Conserve Battery","Auto Shields"],"picked":"FTL+1","floor":31},{"not_picked":["Underhanded Strike","Choke"],"picked":"ThirdEye+1","floor":35},{"not_picked":["Halt+1","Swivel+1"],"picked":"Swift Strike+1","floor":36},{"not_picked":["Clash","Compile Driver+1","EmptyBody+1"],"picked":"SKIP","floor":38},{"not_picked":["Endless Agony","Iron Wave+1","Acrobatics+1"],"picked":"SKIP","floor":39},{"not_picked":["Heel Hook+1","Rage","Outmaneuver"],"picked":"SKIP","floor":41}],"player_experience":209728,"relics_obtained":[{"floor":6,"key":"Ancient Tea Set"},{"floor":9,"key":"Strawberry"},{"floor":10,"key":"Vajra"},{"floor":23,"key":"Nunchaku"},{"floor":23,"key":"Regal Pillow"},{"floor":26,"key":"Bronze Scales"},{"floor":29,"key":"Peace Pipe"},{"floor":29,"key":"Blue Candle"},{"floor":36,"key":"Unceasing Top"},{"floor":41,"key":"Omamori"},{"floor":41,"key":"Magic Flower"},{"floor":43,"key":"MealTicket"}],"event_choices":[{"damage_healed":0,"gold_gain":0,"player_choice":"Ignored","damage_taken":0,"max_hp_gain":0,"max_hp_loss":0,"event_name":"Liars Game","floor":4,"gold_loss":0},{"cards_removed":["Finesse"],"damage_healed":0,"gold_gain":0,"player_choice":"Gave Card","damage_taken":0,"relics_obtained":["Darkstone Periapt"],"max_hp_gain":0,"max_hp_loss":0,"event_name":"WeMeetAgain","floor":5,"gold_loss":0},{"cards_removed":["Strike_R"],"damage_healed":0,"gold_gain":0,"player_choice":"Card Removal","damage_taken":0,"max_hp_gain":0,"max_hp_loss":0,"event_name":"The Cleric","floor":11,"gold_loss":50},{"cards_removed":["Strike_R"],"damage_healed":0,"gold_gain":0,"player_choice":"Gave Gold","damage_taken":0,"max_hp_gain":0,"max_hp_loss":0,"event_name":"Beggar","floor":19,"gold_loss":75},{"damage_healed":0,"gold_gain":0,"player_choice":"Fight","damage_taken":0,"max_hp_gain":0,"max_hp_loss":0,"event_name":"Colosseum","floor":29,"gold_loss":0},{"damage_healed":0,"gold_gain":0,"player_choice":"Fought Nobs","damage_taken":0,"max_hp_gain":0,"max_hp_loss":0,"event_name":"Colosseum","floor":29,"gold_loss":0},{"damage_healed":0,"gold_gain":0,"player_choice":"Fight","damage_taken":0,"max_hp_gain":0,"max_hp_loss":0,"event_name":"MindBloom","floor":36,"gold_loss":0}],"is_beta":false,"boss_relics":[{"not_picked":["Runic Dome","Philosopher\u0027s Stone"],"picked":"Black Star"},{"not_picked":["Pandora\u0027s Box","SacredBark"],"picked":"Sozu"}],"items_purged_floors":[14],"is_endless":false,"potions_floor_spawned":[6,10,13,16,22,24,29,29,31,35],"killed_by":"Giant Head","ascension_level":0}}