{"host":"bh8a33xhefk4gdoh","time":1609387690,"event":{"mods":["ATMod(阿瑾Mod)","Act Like it!","Alarm Clock","Arknights The Spire","Ascension Reborn","BaseMod","Chinese 32Bit Patch","Colored Powertips","Defuse TimeMaze Blight","Easy Mod","Friendly Minions","Minty Spire (QoL Compilation)","MostiFishMod","Quick Restart","Relic Stats","RumiaBox-露米娅的神秘盒子","Shop Mod","Spicy Shops","StSLib","TestMod","【功能Mod】Neow奖励","【功能Mod】混沌之环修复补丁","【功能Mod】精心准备","【遗物Mod】简单游戏","【遗物卡牌】REMEMod","篝火指南"],"gold_per_floor":[111,121,121,136,150,184,210,210,210,210,610,642,667,695,695,790,790,806,806,806,806,220,249,249,249,249,249,283,313,313,95,95,95,95],"floor_reached":33,"playtime":1873,"items_purged":["MostiFishMod:FantasySummer","MostiFishMod:TheEndOfMoonlight"],"score":537,"play_id":"46fea43b-b51b-4a57-a82f-45324370c88a","local_time":"20201231120810","daily_mods":["Heirloom","Time Dilation","Flight"],"is_ascension_mode":true,"campfire_choices":[{"data":"ats:Part Time Job","floor":8.0,"key":"SMITH"},{"data":"ats:Counter Healing Mode","floor":15.0,"key":"SMITH"},{"data":"ats:Burning Ground","floor":21.0,"key":"SMITH"},{"data":"EasyMod:card_1","floor":24.0,"key":"PURGE"},{"data":"MostiFishMod:Neptune","floor":25.0,"key":"PURGE"},{"data":"ats:Strike G","floor":27.0,"key":"PURGE"},{"data":"ats:Composite Medical Shells","floor":32.0,"key":"SMITH"}],"circlet_count":0,"master_deck":["ats:Strike C","ats:Strike S","ats:Strike V","ats:Armor Crushing Shot","ats:Defend","ats:Defend","ats:Defend","ats:Defend","ats:Emotion Absorption","AT_DarkMatter","MostiFishMod:SparklingWater+1","MostiFishMod:NightSea","ats:Healing Drone","ats:Assault Order","ats:Ignite","ats:Part Time Job+1","ats:Flexible Camouflage","ats:Encircling Forest","ats:Flame Of Heaven","ats:Calcification","ats:Counter Healing Mode+1","ats:Burning Ground+1","ats:Ignite","ats:Automatic Cover","ats:Composite Medical Shells+1"],"relics":["ats:Sanity","EasyRelic","REME_ComplimentaryCards","DaveBox","testmod-TestBox","MoonlightInvasionPlan","testmod-FatalChain","testmod-EqualTreatment","SynthV:TestCard","ats:Originium","AT_ImmortalShieldbow","REME_PuzzleBoxRelic","Vajra","AT_BellowingDragoncrestRing","Bronze Scales","testmod-Fortitude","Philosopher\u0027s Stone","MerchantsRug","Peace Pipe","LastBattle","Anchor","testmod-Muramasa","ChaoDraw","Toxic Egg 2"],"acts_visited":["Exordium","TheCity"],"potions_floor_usage":[],"damage_taken":[{"damage":0.0,"enemies":"2 Louse","floor":1.0,"turns":1.0},{"damage":0.0,"enemies":"Cultist","floor":2.0,"turns":2.0},{"damage":0.0,"enemies":"Jaw Worm","floor":4.0,"turns":1.0},{"damage":1.0,"enemies":"Lots of Slimes","floor":5.0,"turns":2.0},{"damage":9.0,"enemies":"Gremlin Nob","floor":6.0,"turns":3.0},{"damage":0.0,"enemies":"Lagavulin","floor":7.0,"turns":2.0},{"damage":2.0,"enemies":"3 Sentries","floor":12.0,"turns":2.0},{"damage":0.0,"enemies":"Lagavulin","floor":13.0,"turns":3.0},{"damage":0.0,"enemies":"3 Sentries","floor":14.0,"turns":1.0},{"damage":8.0,"enemies":"Hexaghost","floor":16.0,"turns":4.0},{"damage":0.0,"enemies":"Spheric Guardian","floor":18.0,"turns":3.0},{"damage":0.0,"enemies":"2 Thieves","floor":20.0,"turns":1.0},{"damage":4.0,"enemies":"Slavers","floor":23.0,"turns":3.0},{"damage":14.0,"enemies":"Book of Stabbing","floor":28.0,"turns":3.0},{"damage":3.0,"enemies":"Gremlin Leader","floor":29.0,"turns":4.0},{"damage":22,"enemies":"Champ","floor":33,"turns":9}],"seed_played":"1981151411664059275","potions_obtained":[{"floor":4.0,"key":"SneckoOil"},{"floor":5.0,"key":"ats:Emergency Sanity Potion"},{"floor":16.0,"key":"Swift Potion"},{"floor":28.0,"key":"ColorlessPotion"},{"floor":29.0,"key":"FearPotion"}],"is_trial":true,"path_per_floor":["M","M","?","M","M","E","E","R","T","?","?","E","E","E","R","B",null,"M","?","M","R","$","E","R","R","T","R","E","E","?","$","R","B"],"character_chosen":"DOCTOR_CLASS","items_purchased":["MerchantsRug","Peace Pipe","ats:Ignite","Toxic Egg 2"],"campfire_rested":0,"item_purchase_floors":[22,22,22,31],"current_hp_per_floor":[72,72,72,72,71,63,69,69,69,74,74,77,77,77,77,77,77,77,77,77,77,77,77,77,77,77,77,69,77,77,77,77,74,74],"gold":95,"neow_bonus":"","is_daily":false,"chose_seed":false,"campfire_upgraded":4,"win_rate":0.0,"timestamp":1609387690,"path_taken":["M","M","?","?","M","E","E","R","T","?","?","E","E","E","R","BOSS","M","?","?","?","$","E","R","R","T","R","E","E","?","$","R","BOSS"],"items_purchased_type":["Relic","Relic","Card","Relic"],"build_version":"2020-12-22","purchased_purges":2,"victory":false,"max_hp_per_floor":[72,72,72,72,72,72,72,72,72,77,77,77,77,77,77,77,77,77,77,77,77,77,77,77,77,77,77,77,77,77,77,77,77,77],"relic_stats":{"Peace Pipe":3,"counters":[16,44],"Bronze Scales":[79],"obtain_stats":[{"AT_ATBox":0,"DaveBox":0,"testmod-EqualTreatment":0,"Vajra":9,"Philosopher\u0027s Stone":17,"ats:Sanity":0,"Toxic Egg 2":31,"MerchantsRug":22,"testmod-Muramasa":28,"testmod-TestBox":0,"testmod-FatalChain":0,"MoonlightInvasionPlan":0,"LastBattle":23,"ChaoDraw":29,"EasyRelic":0,"AT_ImmortalShieldbow":6,"testmod-Fortitude":14,"Peace Pipe":22,"Anchor":26,"SynthV:TestCard":1,"AT_BellowingDragoncrestRing":12,"ats:Originium":6,"Bronze Scales":13,"REME_PuzzleBoxRelic":7,"REME_ComplimentaryCards":0},{"AT_ATBox":0,"DaveBox":0,"testmod-EqualTreatment":0,"Vajra":6,"Philosopher\u0027s Stone":10,"ats:Sanity":0,"Toxic Egg 2":15,"MerchantsRug":12,"testmod-Muramasa":14,"testmod-TestBox":0,"testmod-FatalChain":0,"MoonlightInvasionPlan":0,"LastBattle":13,"ChaoDraw":15,"EasyRelic":0,"AT_ImmortalShieldbow":5,"testmod-Fortitude":9,"Peace Pipe":12,"Anchor":13,"SynthV:TestCard":1,"AT_BellowingDragoncrestRing":7,"ats:Originium":5,"Bronze Scales":8,"REME_PuzzleBoxRelic":6,"REME_ComplimentaryCards":0},{"AT_ATBox":0,"DaveBox":0,"testmod-EqualTreatment":0,"Vajra":11,"Philosopher\u0027s Stone":21,"ats:Sanity":0,"Toxic Egg 2":35,"MerchantsRug":25,"testmod-Muramasa":31,"testmod-TestBox":0,"testmod-FatalChain":0,"MoonlightInvasionPlan":0,"LastBattle":28,"ChaoDraw":35,"EasyRelic":0,"AT_ImmortalShieldbow":9,"testmod-Fortitude":17,"Peace Pipe":25,"Anchor":28,"SynthV:TestCard":1,"AT_BellowingDragoncrestRing":13,"ats:Originium":9,"Bronze Scales":16,"REME_PuzzleBoxRelic":11,"REME_ComplimentaryCards":0}]},"card_choices":[{"not_picked":["ats:Powerful Strike","ats:Soul Absorption"],"picked":"ats:Healing Drone","floor":1.0},{"not_picked":["ats:Poison Spread","ats:Hammer On","ats:Curse Doll","ats:Leaping Hammer"],"picked":"ats:Assault Order","floor":2.0},{"not_picked":["ats:Hammer On","ats:Flexible Camouflage","ats:Neurotoxin","ats:Shell Defense"],"picked":"ats:Ignite","floor":4.0},{"not_picked":["ats:Childhood Dance","ats:Leaping Hammer","ats:Shadow Assault","ats:Poison Spread"],"picked":"ats:Part Time Job","floor":5.0},{"not_picked":["ats:Shell Defense","ats:Explosion Area Strengthen","ats:Assault Order","ats:Healing Drone"],"picked":"ats:Flexible Camouflage","floor":6.0},{"not_picked":["ats:Hammer On","ats:Closed Bolt Burst Fire","ats:Nebulous Foxfire","ats:Cat Scratch"],"picked":"ats:Encircling Forest","floor":7.0},{"not_picked":["ats:Ignite","ats:Consecutive Shot Auto","ats:Closed Bolt Burst Fire","ats:Leaping Hammer"],"picked":"ats:Flame Of Heaven","floor":12.0},{"not_picked":["ats:Cat Scratch","ats:Flexible Camouflage","ats:Magnetic Hammer","ats:LN2 Cannon"],"picked":"ats:Calcification","floor":13.0},{"not_picked":["ats:Leaping Hammer","ats:Cat Scratch","ats:Flexible Camouflage","ats:Assault Order"],"picked":"ats:Counter Healing Mode","floor":14.0},{"not_picked":["ats:Apocalypse+1","ats:Mental Burst+1","ats:Beaten Up","ats:Cat Scratch"],"picked":"ats:Burning Ground","floor":18.0},{"not_picked":["ats:Assault Order+1","ats:Childhood Dance","ats:Curse Doll","ats:Thermite Blade","ats:Powerful Strike"],"picked":"SKIP","floor":23.0},{"not_picked":["ats:Fractured Body","ats:Collapsing Strike","ats:Ignite+1","ats:Thermite Blade"],"picked":"ats:Automatic Cover","floor":28.0},{"not_picked":["ats:Apocalypse","ats:Dogmatic Field","ats:Collapsing Strike+1","ats:Flexible Camouflage"],"picked":"ats:Composite Medical Shells","floor":29.0}],"player_experience":212093,"relics_obtained":[{"floor":1.0,"key":"SynthV:TestCard"},{"floor":6.0,"key":"ats:Originium"},{"floor":6.0,"key":"AT_ImmortalShieldbow"},{"floor":7.0,"key":"ats:Originium"},{"floor":7.0,"key":"REME_PuzzleBoxRelic"},{"floor":9.0,"key":"Vajra"},{"floor":12.0,"key":"ats:Originium"},{"floor":12.0,"key":"AT_BellowingDragoncrestRing"},{"floor":13.0,"key":"Bronze Scales"},{"floor":14.0,"key":"testmod-Fortitude"},{"floor":23.0,"key":"LastBattle"},{"floor":26.0,"key":"Anchor"},{"floor":28.0,"key":"testmod-Muramasa"},{"floor":29.0,"key":"ChaoDraw"}],"event_choices":[{"damage_healed":0.0,"max_hp_gain":0.0,"max_hp_loss":0.0,"gold_gain":0.0,"event_name":"Accursed Blacksmith","player_choice":"Forge","floor":3.0,"gold_loss":0.0,"damage_taken":0.0,"cards_upgraded":["MostiFishMod:SparklingWater"]},{"damage_healed":0.0,"max_hp_gain":5.0,"max_hp_loss":0.0,"gold_gain":0.0,"event_name":"Big Fish","player_choice":"Donut","floor":10.0,"gold_loss":0.0,"damage_taken":0.0},{"damage_healed":0.0,"max_hp_gain":0.0,"max_hp_loss":0.0,"gold_gain":400.0,"event_name":"恩洛斯的盘子","player_choice":"Sell","floor":11.0,"relics_lost":["AT_ATBox"],"gold_loss":0.0,"damage_taken":0.0},{"damage_healed":0.0,"max_hp_gain":0.0,"max_hp_loss":0.0,"gold_gain":0.0,"event_name":"The Woman in Blue","player_choice":"Bought 0 Potions","floor":19.0,"gold_loss":0.0,"damage_taken":0.0},{"damage_healed":0.0,"max_hp_gain":0.0,"max_hp_loss":0.0,"gold_gain":0.0,"event_name":"Vampires","player_choice":"Ignored","floor":30.0,"gold_loss":0.0,"damage_taken":0.0}],"is_beta":false,"boss_relics":[{"not_picked":["Tiny House","TakeMeEscape"],"picked":"Philosopher\u0027s Stone"}],"items_purged_floors":[22,22],"is_endless":true,"potions_floor_spawned":[4,5,16,28,29],"killed_by":"Champ","ascension_level":0}}