{"host":"61ejhfsushs0xmcl","time":1609419156,"event":{"mods":["ATMod(°¢èªMod)","Act Like it!","BaseMod","Colored Map","Gensokyo","Gold Saver","Marisa£¨ìFÓê¡¡Ä§ÀíÉ³£©","Minty Spire (QoL Compilation)","MostiFishMod","Pale of the Ancients","Spicy Shops","StSLib","TestMod","Waifu the Spire","¡¾ÒÅÎï¿¨ÅÆ¡¿REMEMod","óô»ðÖ¸ÄÏ"],"gold_per_floor":[2775,2786,2798,2815,1958,1958,1990,1990,1990,2020,2020,2078,2123,1698,1698,1950,1950,1991,1279,1343,1343,1743,1893,1945,1998,1998,2056,2056,1427,1494,1594,1594,2059,2070,2117,2195,2296,2307,2606,2685,2696,2707,2763,2076,2495,2495,2548,1486,1486,1743,1985,2041,2352,2352,1631,1631,1730,651,147,147,263],"floor_reached":62,"playtime":5287,"items_purged":["Strike_B","Strike_B","Strike_B","Defend_B","Defend_B","Writhe","Dualcast","Zap","Gensokyo:LochNessMonster+1","Gensokyo:MonkeysPaw+1","MostiFishMod:FluxCapactior"],"score":3890,"play_id":"ab60e77e-da30-4459-a56c-b5ae4954b91e","local_time":"20201231205236","is_ascension_mode":true,"campfire_choices":[{"data":"AT_ThunderBolt","floor":6,"key":"SMITH"},{"data":"MostiFishMod:ReadyAimFire","floor":8,"key":"SMITH"},{"data":"AT_DarkMatter","floor":15,"key":"SMITH"},{"data":"Gensokyo:MenInBlack","floor":28,"key":"SMITH"},{"data":"AT_DarkMatter","floor":32,"key":"SMITH"},{"data":"Heatsinks","floor":41,"key":"SMITH"},{"data":"Skim","floor":46,"key":"SMITH"},{"floor":49,"key":"RECALL"},{"data":"MostiFishMod:ActiveDefenseSystem","floor":56,"key":"SMITH"}],"circlet_count":0,"master_deck":["AscendersBane","AT_DarkMatter+1","MostiFishMod:ReadyAimFire+1","Skim+1","AT_ThunderBolt+1","AT_DarkMatter+1","MostiFishMod:LinkProtocol+1","AT_ThreeBodyProblem+1","Gensokyo:MenInBlack+1","AT_EMC2+1","Storm","MostiFishMod:ActiveDefenseSystem+1","Storm","Heatsinks+1","AT_DarkMatter+1","MostiFishMod:Overload","Coolheaded+1","Capacitor","AT_HeatAcrobatics+1","Machine Learning+1","Storm+1","Storm+1","Defragment+1","Loop+1","Static Discharge+1","Static Discharge+1","REME_SelfUpgrade+1","AT_StudyProgram+1","Capacitor+1","Heatsinks+1","AT_ThreeBodyProblem+1","REME_SelfUpgrade+1","Self Repair+1","Static Discharge+1","AT_StudyProgram+1","Capacitor+1","Storm+1","AT_ThunderBolt+1","AT_ThreeBodyProblem+1","Capacitor+1","Defragment+1"],"relics":["Cracked Core","testmod-TestBox","AT_ATBox","REME_ComplimentaryCards","testmod-PortableAltar","ShadowXiaoBlade","SynthV:TestCard","Orrery","Technique","Du-Vu Doll","REME_LimitBreaker","AT_MibuBalloonWealth","Mummified Hand","AT_BladeRuinedKing","AT_SeraphEmbrace","FossilizedHelix","testmod-IndustrialRevolution","AT_BellDemon","Ancient Tea Set","HereWithMe","Bronze Scales","OrangePellets","WingedGreaves","AT_RedNoBalance","AT_PhaseBoots","Regal Pillow","testmod-Hope","Vajra","The Courier","Meat on the Bone","testmod-Charity","testmod-AssaultLearning","AT_Manta","Bag of Preparation","MawBank","Gremlin Horn","Inserter","Kunai","Cables","Prayer Wheel","DianPoetry","InkBottle","CeramicFish","StrikeDummy","Gensokyo:DualWield","Smiling Mask","Blood Vial","testmod-Maize","testmod-Justice","testmod-TurbochargingSystem","MealTicket","Anchor","REME_CardOfGreed","Singing Bowl","AT_ForceNature","Frozen Egg 2","Lantern","Art of War","paleoftheancients:Timepiece","paleoftheancients:KeyRelic","Oddly Smooth Stone","Letter Opener","Strawberry","testmod-OneHitWonder","REME_OnlineShoppingPlatform","War Paint","REME_ArchaeologicalTools","Whetstone","DollysMirror","paleoftheancients:SoulOfTheDefect","Symbiotic Virus","Runic Capacitor","Calipers"],"acts_visited":["Exordium","Gensokyo:Gensokyo","Gensokyo:Gensokyoer","Gensokyo:Gensokyoest"],"potions_floor_usage":[31,61,61],"damage_taken":[{"damage":3.0,"enemies":"Gensokyo:2_Kodama","floor":1.0,"turns":3.0},{"damage":2.0,"enemies":"Gensokyo:Gryphon","floor":2.0,"turns":2.0},{"damage":3.0,"enemies":"Gensokyo:3_Fairies","floor":3.0,"turns":3.0},{"damage":5.0,"enemies":"Gensokyo:Kitsune","floor":4.0,"turns":2.0},{"damage":6,"enemies":"Gensokyo:Mamizou","floor":7,"turns":7},{"damage":30,"enemies":"Gensokyo:Cirno","floor":10,"turns":7},{"damage":1,"enemies":"Gensokyo:Mamizou","floor":12,"turns":3},{"damage":1,"enemies":"Gensokyo:VengefulSpirit","floor":13,"turns":3},{"damage":1,"enemies":"Gensokyo:Kokoro","floor":16,"turns":4},{"damage":0,"enemies":"Gensokyo:Chomper","floor":18,"turns":1},{"damage":0,"enemies":"Gensokyo:2_Gloops","floor":20,"turns":3},{"damage":0,"enemies":"Gensokyo:Reisen","floor":23,"turns":4},{"damage":0,"enemies":"Gensokyo:Koishi","floor":24,"turns":1},{"damage":0,"enemies":"Gensokyo:Tenshi","floor":25,"turns":2},{"damage":0,"enemies":"Gensokyo:Koishi","floor":27,"turns":2},{"damage":0,"enemies":"Gensokyo:Slime_Group","floor":30,"turns":3},{"damage":0,"enemies":"Gensokyo:Reisen","floor":31,"turns":3},{"damage":20,"enemies":"Gensokyo:Eiki","floor":33,"turns":5},{"damage":0,"enemies":"Gensokyo:AncientGuardian","floor":35,"turns":1},{"damage":0,"enemies":"Gensokyo:3_Boulders","floor":37,"turns":1},{"damage":19,"enemies":"Gensokyo:AtlasGolem","floor":39,"turns":1},{"damage":1,"enemies":"Gensokyo:Doremy","floor":40,"turns":1},{"damage":23,"enemies":"Gensokyo:4_Bats","floor":45,"turns":2},{"damage":0,"enemies":"Gensokyo:Marisa","floor":47,"turns":2},{"damage":18,"enemies":"Gensokyo:Scarlet_Devils","floor":50,"turns":1},{"damage":15,"enemies":"Gensokyo:Shinki","floor":51,"turns":3},{"damage":0,"enemies":"Gensokyo:Shinki","floor":52,"turns":1},{"damage":21,"enemies":"Gensokyo:Shinki","floor":53,"turns":1},{"damage":0,"enemies":"Gensokyo:Shinki","floor":57,"turns":2},{"damage":0,"enemies":"paleoftheancients:N","floor":61,"turns":2}],"seed_played":"8806068509690140864","potions_obtained":[{"floor":0.0,"key":"Fruit Juice"},{"floor":0.0,"key":"DistilledChaos"},{"floor":0.0,"key":"Weak Potion"},{"floor":25,"key":"testmod-TestPotion"},{"floor":31,"key":"Strength Potion"}],"is_trial":false,"path_per_floor":["M","M","M","M","COS","R","E","R","T","E","?","E","M","$","R","B",null,"M","$","M","?","?","E","E","E","T","E","R","COS","M","E","R","B",null,"M","T","M","?","M","E","R","?","T","$","M","R","E","$","R","B","B","M","M","?","$","R","M","R","$","?","B",null],"character_chosen":"DEFECT","items_purchased":["testmod-IndustrialRevolution","AT_BellDemon","OrangePellets","Storm","WingedGreaves","Blood Vial","testmod-Maize","testmod-Justice","Capacitor","REME_CardOfGreed","Singing Bowl","AT_ForceNature","Frozen Egg 2","Lantern","Art of War","REME_OnlineShoppingPlatform","War Paint","REME_ArchaeologicalTools","Whetstone","DollysMirror","Defragment+1","Loop+1","Static Discharge+1","Static Discharge+1","REME_SelfUpgrade+1","AT_StudyProgram+1","Capacitor+1","Heatsinks+1","AT_ThreeBodyProblem+1","REME_SelfUpgrade+1","Self Repair+1","Static Discharge+1","AT_StudyProgram+1","Capacitor+1","Storm+1","AT_ThunderBolt+1","AT_ThreeBodyProblem+1","Capacitor+1","Defragment+1","Runic Capacitor","Calipers"],"campfire_rested":0,"item_purchase_floors":[14,14,19,19,19,44,44,44,44,48,48,48,48,48,48,55,55,55,55,55,58,58,58,58,58,58,58,58,58,58,58,58,58,58,58,58,58,58,58,59,59],"current_hp_per_floor":[66,64,61,56,56,56,50,50,50,20,20,19,18,18,18,17,49,49,49,49,49,49,49,26,25,25,24,24,24,26,28,28,23,48,30,32,37,38,35,38,39,40,42,44,42,42,77,76,75,58,71,87,84,84,93,92,125,143,142,141,163],"gold":263,"neow_bonus":"THREE_SMALL_POTIONS","is_daily":false,"chose_seed":false,"campfire_upgraded":8,"win_rate":0.0,"timestamp":1609419156,"path_taken":["M","M","M","M","COS","R","E","R","T","E","?","E","M","$","R","BOSS","M","$","M","?","?","E","E","E","T","E","R","COS","M","E","R","BOSS","M","?","?","?","M","E","R","?","T","$","M","R","E","$","R","BOSS","BOSS","M","M","?","$","R","M","R","$","?","BOSS"],"items_purchased_type":["Relic","Relic","Relic","Card","Relic","Relic","Relic","Relic","Card","Relic","Relic","Relic","Relic","Relic","Relic","Relic","Relic","Relic","Relic","Relic","Card","Card","Card","Card","Card","Card","Card","Card","Card","Card","Card","Card","Card","Card","Card","Card","Card","Card","Card","Relic","Relic"],"build_version":"2020-12-22","purchased_purges":11,"victory":true,"max_hp_per_floor":[75,74,73,72,71,70,69,68,67,66,65,64,63,62,61,60,59,58,57,56,55,54,53,52,51,50,49,48,47,49,52,51,56,56,58,59,63,63,66,69,69,69,70,71,77,76,77,76,75,76,78,88,94,93,93,92,125,143,142,141,163],"card_choices":[{"not_picked":["Sweeping Beam","Streamline","Coolheaded"],"picked":"SKIP","floor":1.0},{"not_picked":["REME_Whirling","Tempest","Redo","Auto Shields"],"picked":"Skim","floor":2.0},{"not_picked":["Sweeping Beam","Defragment","Streamline","Glacier"],"picked":"AT_ThunderBolt","floor":3.0},{"not_picked":["Streamline","Conserve Battery","MostiFishMod:Impulse","Chill","Redo"],"picked":"SKIP","floor":4.0},{"not_picked":["MostiFishMod:GatherIntelligence","Capacitor","Melter","Go for the Eyes"],"picked":"AT_DarkMatter","floor":5},{"not_picked":["MostiFishMod:InterfaceCompatibility","Lockon","REME_Whirling","Compile Driver"],"picked":"MostiFishMod:LinkProtocol","floor":5},{"not_picked":["Ball Lightning","Cold Snap","Fusion","Leap"],"picked":"AT_ThreeBodyProblem","floor":5},{"not_picked":["AT_HeatAcrobatics","Gash","Rebound","Melter"],"picked":"AT_EMC2","floor":7},{"not_picked":["AT_HeatAcrobatics","Cold Snap","Scrape","Leap","Defragment"],"picked":"SKIP","floor":10},{"not_picked":["Heatsinks","Rebound","Chill","Ball Lightning"],"picked":"Storm","floor":11},{"not_picked":["MostiFishMod:ReprogramOld","Cold Snap","Gash","Conserve Battery","MostiFishMod:PushDownKick"],"picked":"SKIP","floor":12},{"not_picked":["AT_WarpDrive","Gash","Beam Cell","Heatsinks"],"picked":"MostiFishMod:ActiveDefenseSystem","floor":13},{"not_picked":["Leap","Cold Snap+1","Double Energy","MostiFishMod:PushDownKick"],"picked":"MostiFishMod:FluxCapactior","floor":18},{"not_picked":["Chaos","Sweeping Beam","Barrage+1","Leap","Stack"],"picked":"SKIP","floor":20},{"not_picked":["REME_Whirling","Go for the Eyes","Turbo","Steam","MostiFishMod:StarOceanB"],"picked":"SKIP","floor":23},{"not_picked":["Beam Cell","Scrape","Streamline+1","Go for the Eyes","Steam"],"picked":"SKIP","floor":24},{"not_picked":["Steam Power","Conserve Battery","AT_ThreeBodyProblem","Redo+1"],"picked":"Heatsinks","floor":25},{"not_picked":["Coolheaded","Gash","Fusion","Static Discharge","MostiFishMod:FluxCapactior"],"picked":"SKIP","floor":27},{"not_picked":["Rebound+1","Hologram+1","Ball Lightning+1","Cold Snap+1"],"picked":"AT_DarkMatter+1","floor":30},{"not_picked":["Streamline","Stack","Turbo","Defragment"],"picked":"MostiFishMod:GatherIntelligence+1","floor":30},{"not_picked":["Redo+1","Loop","Storm","REME_SelfUpgrade","MostiFishMod:Nova"],"picked":"SKIP","floor":31},{"not_picked":["Thunder Strike","Rainbow","Biased Cognition","All For One"],"picked":"MostiFishMod:Overload","floor":33},{"not_picked":["Capacitor+1","Rip and Tear","MostiFishMod:Impulse","Melter+1"],"picked":"Coolheaded+1","floor":35},{"not_picked":["Cold Snap","MostiFishMod:PushDownKick","AT_WarpDrive","Compile Driver","Streamline+1"],"picked":"SKIP","floor":37},{"not_picked":["Redo","MostiFishMod:ReprogramOld+1","Rebound+1","Go for the Eyes","Coolheaded"],"picked":"SKIP","floor":37},{"not_picked":["Go for the Eyes+1","Sunder","Scrape","Sweeping Beam","Steam"],"picked":"SKIP","floor":39},{"not_picked":["Leap","BootSequence","Turbo+1","Redo","Beam Cell"],"picked":"SKIP","floor":39},{"not_picked":["MostiFishMod:ActiveDefenseSystem","MostiFishMod:PushDownKick+1","AT_WarpDrive","Ball Lightning","Fusion"],"picked":"SKIP","floor":40},{"not_picked":["Reinforced Body","Doom and Gloom","Coolheaded","Storm+1"],"picked":"AT_HeatAcrobatics+1","floor":45},{"not_picked":["Leap+1","Rebound+1","Undo","Beam Cell","MostiFishMod:PushDownKick+1"],"picked":"SKIP","floor":45},{"not_picked":["Tempest+1","Sunder","Melter","REME_DataAnalysis","Gash"],"picked":"SKIP","floor":47},{"not_picked":["Beam Cell","Scrape","Redo","Ball Lightning"],"picked":"Machine Learning+1","floor":52},{"not_picked":["Coolheaded+1","REME_DataAnalysis+1","Steam","Beam Cell"],"picked":"Storm+1","floor":52},{"not_picked":["Aggregate+1","Compile Driver","Chaos","Hello World+1","Leap+1"],"picked":"Singing Bowl","floor":53},{"not_picked":["Gash","Auto Shields+1","Turbo","Sweeping Beam","Compile Driver"],"picked":"Singing Bowl","floor":53},{"not_picked":["MostiFishMod:ReprogramOld","Barrage","Turbo+1","Go for the Eyes","Hologram"],"picked":"Singing Bowl","floor":57},{"not_picked":["Leap","MostiFishMod:PushDownKick","Rebound+1","MostiFishMod:ReadyAimFire","REME_Compress+1"],"picked":"Singing Bowl","floor":57}],"player_experience":831836,"relics_obtained":[{"floor":1.0,"key":"SynthV:TestCard"},{"floor":7,"key":"Du-Vu Doll"},{"floor":9,"key":"REME_LimitBreaker"},{"floor":10,"key":"Mummified Hand"},{"floor":12,"key":"AT_ArchangelStaff"},{"floor":16,"key":"Ancient Tea Set"},{"floor":18,"key":"Bronze Scales"},{"floor":23,"key":"AT_SilverBalance"},{"floor":24,"key":"AT_SpeedBoots"},{"floor":24,"key":"Regal Pillow"},{"floor":25,"key":"testmod-Hope"},{"floor":25,"key":"Vajra"},{"floor":27,"key":"The Courier"},{"floor":27,"key":"Meat on the Bone"},{"floor":30,"key":"testmod-AssaultLearning"},{"floor":31,"key":"AT_Manta"},{"floor":31,"key":"Bag of Preparation"},{"floor":33,"key":"Gremlin Horn"},{"floor":35,"key":"Kunai"},{"floor":36,"key":"Cables"},{"floor":37,"key":"DianPoetry"},{"floor":39,"key":"InkBottle"},{"floor":40,"key":"CeramicFish"},{"floor":40,"key":"StrikeDummy"},{"floor":43,"key":"Smiling Mask"},{"floor":45,"key":"testmod-TurbochargingSystem"},{"floor":47,"key":"MealTicket"},{"floor":47,"key":"Anchor"},{"floor":52,"key":"Strawberry"},{"floor":53,"key":"testmod-OneHitWonder"},{"floor":57,"key":"paleoftheancients:SoulOfTheDefect"},{"floor":57,"key":"Symbiotic Virus"}],"event_choices":[{"damage_healed":0,"gold_gain":400,"player_choice":"Sell","damage_taken":0,"max_hp_gain":0,"max_hp_loss":0,"event_name":"¶÷ÂåË¹µÄÅÌ×Ó","floor":22,"relics_lost":["DaveBox"],"gold_loss":0},{"cards_removed":["Defend_B"],"damage_healed":0,"gold_gain":0,"player_choice":"Purged","damage_taken":0,"max_hp_gain":0,"max_hp_loss":0,"event_name":"Purifier","floor":54,"gold_loss":0}],"is_beta":false,"boss_relics":[{"not_picked":["PatriotShield","testmod-StringDisintegrator"],"picked":"HereWithMe"},{"not_picked":["Velvet Choker","DiscerningMonocle"],"picked":"Inserter"}],"items_purged_floors":[14,14,19,44,44,48,55,58,58,59,59],"is_endless":false,"potions_floor_spawned":[1,3,4,10,24,25,30,31,33,35,39],"ascension_level":20}}