{"host":"0cnf9zf1gia27zti","time":1609450293,"event":{"mods":["BaseMod","BetterRewards","Card Forge","Colored Map","Colored Powertips","Conspire","Downfall","Googly Eyes","Minty Spire (QoL Compilation)","Practice Mode","Quick Restart","Replay The Spire","Shade Mod","Spicy Shops","StSLib"],"gold_per_floor":[159,109,109,179,221,221,221],"floor_reached":6,"playtime":354,"items_purged":[],"score":36,"play_id":"b1c9fca0-5899-4604-95ec-051f65a4d3ac","local_time":"20201231213133","daily_mods":["SealedDeck","Colorless Cards","Heirloom","DeadlyEvents","Elite Swarm","Midas"],"is_ascension_mode":false,"campfire_choices":[],"circlet_count":0,"master_deck":["Shade:Trample","Shade:Trample","Shade:Trample","Shade:Brains","Shade:GraveStillness","Shade:WallOfFlesh","Finesse","Shade:GraveStillness","Shade:WallOfFlesh","Shade:WallOfFlesh","conspire:SpireCoStock"],"relics":["Shade:YorickSkull","Hammer of Thor","Seething Fire","Anvil of the Gods","Ring of Chaos","Mango","Golden Idol"],"acts_visited":["Exordium"],"potions_floor_usage":[6],"damage_taken":[{"damage":0,"enemies":"Cultist","floor":1,"turns":5},{"damage":0,"enemies":"Jaw Worm","floor":4,"turns":5},{"damage":0,"enemies":"2 Louse","floor":5,"turns":3},{"damage":77,"enemies":"Gremlin Nob","floor":6,"turns":7}],"seed_played":"2889100530581780266","potions_obtained":[{"floor":4,"key":"Venom Potion"},{"floor":5,"key":"SkillPotion"}],"is_trial":true,"path_per_floor":["M","?","?","M","M","E"],"character_chosen":"SHADE","items_purchased":[],"campfire_rested":0,"item_purchase_floors":[],"current_hp_per_floor":[79,79,60,60,60,0,0],"gold":221,"neow_bonus":"","is_daily":false,"chose_seed":false,"campfire_upgraded":0,"win_rate":0.0,"timestamp":1609450293,"path_taken":["M","?","?","M","M","E"],"items_purchased_type":[],"build_version":"2020-12-22","purchased_purges":0,"victory":false,"max_hp_per_floor":[79,79,79,79,79,79,79],"card_choices":[{"not_picked":["Shade:CommandSoldier","Shade:AblativeArmor","Shade:BoneShards"],"picked":"SKIP","floor":1},{"not_picked":["Shade:SkeletonHug","expansioncontent:Torchfire","expansioncontent:TimeRipple"],"picked":"SKIP","floor":4},{"not_picked":["Shade:SkeletonHug","Shade:PotionOfRestlessness","Shade:CommandSoldier"],"picked":"SKIP","floor":5}],"player_experience":2818414,"relics_obtained":[],"event_choices":[{"damage_healed":0,"gold_gain":0,"player_choice":"Invest 1","damage_taken":0,"max_hp_gain":0,"max_hp_loss":0,"event_name":"conspire:Investor","floor":2,"gold_loss":0},{"damage_healed":0,"gold_gain":0,"player_choice":"Take Damage","damage_taken":19,"relics_obtained":["Golden Idol"],"max_hp_gain":0,"max_hp_loss":0,"event_name":"Golden Idol","floor":3,"gold_loss":0}],"is_beta":false,"boss_relics":[],"items_purged_floors":[],"is_endless":false,"potions_floor_spawned":[4,5],"killed_by":"Gremlin Nob","ascension_level":0}}