{"host":"fv7sm2hdyueep16p","time":1609401836,"event":{"mods":["Act Like it!","BaseMod","Better Vampires","Gensokyo","Hermit","Marisa£®ÏF”Í°°ƒß¿Ì…≥£©","Minty Spire (QoL Compilation)","Remilia£®¿Ÿ√◊¿Ú—«£©","StSLib","The Hierophant","Youmu£®ªÍ∆«—˝√Œ£©"],"gold_per_floor":[111,111,211,211,211,211,241,261,261,273,273,273,110,126,126,126,126],"floor_reached":16,"playtime":638,"items_purged":[],"score":98,"play_id":"bd77b872-3d3e-4fae-8704-b9127e31ffca","local_time":"20201231160356","is_ascension_mode":false,"campfire_choices":[{"data":"SanzenSekai","floor":6,"key":"SMITH"},{"floor":15,"key":"REST"}],"circlet_count":0,"master_deck":["Strike_YM","Strike_YM","Strike_YM","Defend_YM","Defend_YM","Defend_YM","Defend_YM","SlashOfPresentWorld","WheelOfPainOfLivingAndDead","SanzenSekai+1","LowerRealmReflectionSlash","DeadlyForm","Gensokyo:Shovel","Gensokyo:BlemishedSteel","HeavenlyHaloSlash"],"relics":["HalfPhantom","Mango","Gensokyo:OccultBall","Ornamental Fan","Calipers","Gensokyo:Justice","Bag of Preparation"],"acts_visited":["Gensokyo:Gensokyo"],"potions_floor_usage":[16],"damage_taken":[{"damage":8,"enemies":"Gensokyo:2_Kodama","floor":1,"turns":3},{"damage":8,"enemies":"Gensokyo:Aya","floor":7,"turns":6},{"damage":6,"enemies":"Gensokyo:Python","floor":8,"turns":3},{"damage":6,"enemies":"Gensokyo:Gryphon","floor":10,"turns":3},{"damage":0,"enemies":"Gensokyo:LivingMonolith","floor":14,"turns":3},{"damage":84,"enemies":"Gensokyo:Reimu","floor":16,"turns":6}],"seed_played":"6700795501519245779","potions_obtained":[{"floor":8,"key":"SmokeBomb"},{"floor":14,"key":"Block Potion"}],"is_trial":false,"path_per_floor":["M","?","?","$","?","R","E","M","T","M","?","?","COS","M","R","B"],"character_chosen":"YOUMU","items_purchased":[],"campfire_rested":1,"item_purchase_floors":[],"current_hp_per_floor":[67,60,60,60,60,60,52,46,46,40,40,40,40,40,66,0,0],"gold":126,"neow_bonus":"THREE_CARDS","is_daily":false,"chose_seed":false,"campfire_upgraded":1,"win_rate":0.0,"timestamp":1609401836,"path_taken":["M","?","?","?","?","R","E","?","T","M","?","?","COS","M","R","BOSS"],"items_purchased_type":[],"build_version":"2020-12-22","purchased_purges":0,"victory":false,"max_hp_per_floor":[75,89,89,89,89,89,89,89,89,89,89,89,89,89,89,89,89],"card_choices":[{"not_picked":["DispleasureOfTheSevenHakus","BloodOfAsura"],"picked":"PretaSword","floor":0},{"not_picked":["DispleasureOfTheSevenHakus","LifeCuttingSword"],"picked":"SanzenSekai","floor":1},{"not_picked":["HellFireSword","LotusPostureSlash"],"picked":"ThreeKonsSevenHakus","floor":7},{"not_picked":["SpiritCuttingSword","SpiderLilyBurial"],"picked":"LowerRealmReflectionSlash","floor":8},{"not_picked":["LowerRealmReflectionSlash","CherryBlossomFlashing"],"picked":"DeadlyForm","floor":10},{"not_picked":["KarmicPunishmentOfTheIdleAndUnfocused","FlashingScatteredFlowers"],"picked":"HeavenlyHaloSlash","floor":14}],"player_experience":143632,"relics_obtained":[{"floor":7,"key":"Ornamental Fan"},{"floor":9,"key":"Calipers"}],"event_choices":[],"is_beta":false,"boss_relics":[],"items_purged_floors":[],"is_endless":false,"potions_floor_spawned":[8,14],"killed_by":"Gensokyo:Reimu","ascension_level":0}}