{"host":"0fmi5fguj5lvt8pf","time":1609408750,"event":{"mods":["BaseMod","Colored Map","Curses Come First","Downfall","Minty Spire (QoL Compilation)","Permanent Neow","StSLib","Waifu the Spire"],"gold_per_floor":[349,359,359,359,359,359,412,431,445,445,24,74,74,174,215,336,336,111,125,250,311,396,396,422,155,213,213,248,248,248,271,309,421,421,421,454,233,262,262,262,262,302,347,359,431,443,496,555,578,615,627,696,117,117,142],"floor_reached":56,"playtime":4677,"items_purged":["Guardian:Defend_Guardian","Guardian:Defend_Guardian","Guardian:Strike_Guardian","Guardian:GemFinder+1"],"score":1293,"play_id":"0146dca6-6e19-461d-8764-f12e33469076","local_time":"20201231015910","is_ascension_mode":false,"campfire_choices":[{"floor":1.0,"key":"RECALL"},{"data":"Guardian:ChargeUp","floor":10.0,"key":"SMITH"},{"data":"HandOfGreed","floor":13.0,"key":"SMITH"},{"data":"Guardian:BaubleBeam","floor":23.0,"key":"SMITH"},{"data":"Guardian:GemFinder","floor":35,"key":"SMITH"},{"data":"Guardian:ExploitGems","floor":40,"key":"SMITH"},{"data":"Guardian:SentryBeam","floor":46,"key":"SMITH"},{"data":"Guardian:BronzeArmor","floor":54,"key":"SMITH"}],"circlet_count":0,"master_deck":["Guardian:Strike_Guardian","Guardian:Defend_Guardian","Guardian:CurlUp+1","Guardian:TwinSlam","Guardian:ChargeUp+1","Guardian:BronzeArmor+1","Guardian:ExploitGems+1","HandOfGreed+1","Guardian:GuardianWhirl","Guardian:BaubleBeam+1","Guardian:ShieldCharger+1","Guardian:PiercingHide+1","Guardian:BronzeOrb","Guardian:ChargeUp+1","Guardian:SentryBeam+1","Guardian:BronzeOrb","Guardian:Clone+1","Guardian:ChargeCore+1","Guardian:AncientConstruct"],"relics":["Guardian:ModeShifterPlus","Guardian:PocketSentry","sneckomod:BlankCard","Mango","Guardian:PickAxe","downfall:HeartBlessingRed","downfall:HeartBlessingGreen","downfall:HeartBlessingBlue","Pocketwatch","Guardian:StasisCodex","Dream Catcher","Juzu Bracelet","Strawberry","CeramicFish","Empty Cage","Lantern","champ:Barbells","MawBank","Gremlin Horn","Mummified Hand","Ice Cream","Centennial Puzzle"],"acts_visited":["Exordium","TheCity","TheBeyond","TheEnding"],"potions_floor_usage":[28,50,55,55],"damage_taken":[{"damage":5.0,"enemies":"Small Slimes","floor":2.0,"turns":4.0},{"damage":0.0,"enemies":"2 Louse","floor":8.0,"turns":2.0},{"damage":1.0,"enemies":"Cultist","floor":9.0,"turns":3.0},{"damage":0.0,"enemies":"downfall:FleeingMerchant","floor":11.0,"turns":4.0},{"damage":10.0,"enemies":"Gremlin Nob","floor":12.0,"turns":4.0},{"damage":3.0,"enemies":"Gremlin Nob","floor":14.0,"turns":7.0},{"damage":1.0,"enemies":"3 Louse","floor":15.0,"turns":3.0},{"damage":11.0,"enemies":"downfall:Ironclad","floor":16.0,"turns":7.0},{"damage":2.0,"enemies":"Shell Parasite","floor":19.0,"turns":5.0},{"damage":3.0,"enemies":"downfall:Watcher","floor":20.0,"turns":6.0},{"damage":0.0,"enemies":"3 Byrds","floor":21.0,"turns":5.0},{"damage":0.0,"enemies":"downfall:FleeingMerchant","floor":25.0,"turns":4.0},{"damage":0.0,"enemies":"Slavers","floor":26.0,"turns":3.0},{"damage":0,"enemies":"Snake Plant","floor":28,"turns":1},{"damage":4,"enemies":"Sentry and Sphere","floor":32,"turns":3},{"damage":16,"enemies":"downfall:Defect","floor":33,"turns":9},{"damage":0,"enemies":"downfall:FleeingMerchant","floor":36,"turns":4},{"damage":10,"enemies":"3 Shapes","floor":38,"turns":2},{"damage":0,"enemies":"3 Darklings","floor":42,"turns":4},{"damage":3,"enemies":"Transient","floor":43,"turns":5},{"damage":4,"enemies":"Nemesis","floor":45,"turns":5},{"damage":18,"enemies":"Sphere and 2 Shapes","floor":47,"turns":4},{"damage":0,"enemies":"Spire Growth","floor":48,"turns":4},{"damage":2,"enemies":"Transient","floor":49,"turns":5},{"damage":35,"enemies":"downfall:Silent","floor":50,"turns":9},{"damage":38,"enemies":"downfall:CharBossMerchant","floor":52,"turns":9},{"damage":0,"enemies":"downfall:NeowBoss","floor":55,"turns":16}],"seed_played":"3397960861697815697","potions_obtained":[{"floor":2.0,"key":"champ:CounterPotion"},{"floor":9.0,"key":"DuplicationPotion"},{"floor":12.0,"key":"SkillPotion"},{"floor":21.0,"key":"SkillPotion"},{"floor":26.0,"key":"SteroidPotion"},{"floor":33,"key":"Strength Potion"},{"floor":38,"key":"Energy Potion"},{"floor":52,"key":"PowerPotion"}],"is_trial":false,"path_per_floor":["R","M","?","?","?","T","T","M","M","R","$","E","R","?","M","B",null,"R","M","?","M","?","R","T","$","E","?","M","?","?","T","M","B",null,"R","?","$","M","?","R","T","M","M","$","E","R","M","M","M","B",null,"E","$","R","B",null],"character_chosen":"GUARDIAN","items_purchased":["HandOfGreed","sneckomod:BlankCard","Juzu Bracelet","Lantern","Guardian:SentryBeam","Guardian:Gem_Synthetic","champ:Barbells","Ice Cream","Centennial Puzzle"],"campfire_rested":0,"item_purchase_floors":[11,11,25,36,36,37,37,53,53],"current_hp_per_floor":[72,67,72,72,72,72,72,72,71,71,71,75,75,72,71,60,91,101,99,96,96,80,80,80,80,87,71,71,71,71,71,67,51,108,108,108,108,98,98,98,98,98,95,95,91,91,73,73,71,36,108,70,70,70,70],"gold":142,"neow_bonus":"TWO_FIFTY_GOLD","is_daily":false,"chose_seed":false,"campfire_upgraded":7,"win_rate":0.0,"timestamp":1609408750,"path_taken":["R","M","?","?","?","?","T","?","M","R","$","E","R","?","M","BOSS","R","M","?","M","?","R","T","$","E","?","M","?","?","?","M","BOSS","R","?","$","M","?","R","T","M","M","$","E","R","M","M","M","BOSS","E","$","R","BOSS"],"items_purchased_type":["Card","Relic","Relic","Relic","Card","Card","Relic","Relic","Relic"],"build_version":"2020-12-22","purchased_purges":4,"victory":true,"max_hp_per_floor":[72,72,77,77,77,77,77,77,77,77,77,91,91,91,91,91,91,101,101,101,101,101,101,101,101,108,108,108,108,108,108,108,108,108,108,108,108,108,108,108,108,108,108,108,108,108,108,108,108,108,108,108,108,108,108],"card_choices":[{"not_picked":["Guardian:Gem_Lightblue","Guardian:BronzeArmor"],"picked":"Guardian:Gem_White","floor":2.0},{"not_picked":["Guardian:Gem_Red","Guardian:Clone"],"picked":"Guardian:ChargeUp","floor":8.0},{"not_picked":["Guardian:TemporalStrike","Guardian:TemporalShield"],"picked":"Guardian:BronzeArmor","floor":9.0},{"not_picked":["Guardian:GuardianWhirl","Guardian:VentSteam"],"picked":"Guardian:ExploitGems","floor":11.0},{"not_picked":["Guardian:Gem_Green","Guardian:Recover"],"picked":"Guardian:GuardianWhirl","floor":12.0},{"not_picked":["Guardian:DonusPower","Guardian:Gem_Red","Guardian:Gem_Blue"],"picked":"SKIP","floor":15.0},{"not_picked":["Guardian:TimeSifter","Guardian:FierceBash"],"picked":"Guardian:BaubleBeam","floor":16.0},{"not_picked":["Guardian:Clone","Guardian:Gem_Red"],"picked":"Guardian:ShieldCharger+1","floor":19.0},{"not_picked":["Guardian:PrimingBeam","Guardian:ShieldCharger"],"picked":"Guardian:Gem_Orange","floor":20.0},{"not_picked":["Guardian:Gem_Lightblue","Guardian:WalkerClaw"],"picked":"Guardian:PiercingHide+1","floor":21.0},{"not_picked":["Guardian:Gem_Purple","Guardian:ShieldCharger"],"picked":"Guardian:BronzeOrb","floor":25.0},{"not_picked":["Guardian:VentSteam","Guardian:Gem_Blue"],"picked":"Guardian:PrismaticBeam+1","floor":26.0},{"not_picked":["Guardian:Gem_Green","Guardian:Reroute","Guardian:FuturePlans"],"picked":"SKIP","floor":28},{"not_picked":["Guardian:Gem_Red","Guardian:PiercingHide","Guardian:RevengeProtocol"],"picked":"SKIP","floor":32},{"not_picked":["Guardian:ConstructionForm","Guardian:RevengeProtocol"],"picked":"Guardian:GemFinder","floor":33},{"not_picked":["Guardian:Gem_Green","Guardian:EvasiveProtocol"],"picked":"Guardian:ChargeUp+1","floor":36},{"not_picked":["Guardian:PrismaticBeam","Guardian:Clone+1"],"picked":"Guardian:BronzeOrb","floor":38},{"not_picked":["Guardian:Gem_Red","Guardian:Gem_Green"],"picked":"Guardian:Gem_Cyan","floor":42},{"not_picked":["Guardian:Reroute","Guardian:Gem_Green","Guardian:Recover"],"picked":"SKIP","floor":42},{"not_picked":["Guardian:Gem_Lightblue","Guardian:Gem_Red"],"picked":"Guardian:Gem_Cyan","floor":43},{"not_picked":["Guardian:Emergency+1","Guardian:ShieldCharger"],"picked":"Guardian:Clone+1","floor":43},{"not_picked":["Guardian:VentSteam","Guardian:Gem_Purple"],"picked":"Guardian:ChargeCore+1","floor":45},{"not_picked":["Guardian:Recover","Guardian:ChargeCore","Guardian:TemporalStrike"],"picked":"SKIP","floor":47},{"not_picked":["Guardian:Suspension+1","Guardian:PrimingBeam+1"],"picked":"Guardian:AncientConstruct","floor":48},{"not_picked":["Guardian:Gem_Cyan","Guardian:Reroute+1","Guardian:VentSteam+1"],"picked":"SKIP","floor":49},{"not_picked":["Guardian:TemporalShield+1","Guardian:CompilePackage","Guardian:VentSteam"],"picked":"SKIP","floor":52}],"player_experience":1266611,"relics_obtained":[{"floor":6.0,"key":"Guardian:PocketSentry"},{"floor":12.0,"key":"Mango"},{"floor":20.0,"key":"Pocketwatch"},{"floor":20.0,"key":"Guardian:StasisCodex"},{"floor":24.0,"key":"Dream Catcher"},{"floor":26.0,"key":"Strawberry"},{"floor":31,"key":"CeramicFish"},{"floor":41,"key":"MawBank"},{"floor":45,"key":"Gremlin Horn"},{"floor":52,"key":"Mummified Hand"}],"event_choices":[{"damage_healed":0.0,"max_hp_gain":5.0,"max_hp_loss":0.0,"gold_gain":0.0,"event_name":"Big Fish","player_choice":"Donut","floor":3.0,"gold_loss":0.0,"damage_taken":0.0},{"damage_healed":0.0,"max_hp_gain":0.0,"max_hp_loss":0.0,"gold_gain":0.0,"event_name":"Living Wall","player_choice":"Grow","floor":5.0,"gold_loss":0.0,"damage_taken":0.0,"cards_upgraded":["Guardian:CurlUp"]},{"damage_healed":0,"gold_gain":0,"player_choice":"Ignored","damage_taken":0,"max_hp_gain":0,"max_hp_loss":0,"event_name":"Ghosts","floor":29,"gold_loss":0}],"is_beta":false,"boss_relics":[{"not_picked":["Guardian:StasisSlotReductionRelic","Coffee Dripper"],"picked":"Guardian:ModeShifterPlus"},{"not_picked":["Runic Dome","SlaversCollar"],"picked":"Empty Cage"}],"items_purged_floors":[11,25,36,53],"is_endless":false,"potions_floor_spawned":[2,9,12,15,21,26,33,38,42,43,52],"ascension_level":0}}