{"host":"3jjxuhjpio8e4zkv","time":1609375486,"event":{"mods":["BaseMod","Colored Map","Highlight Path","Minty Spire (QoL Compilation)","Permanent Neow","Relic Stats","StSLib"],"gold_per_floor":[219,235,245,12,26,57,57,57,57,57,69,69,102,115,115,194,194,194,194,194,194,39,39,39,39,39,39,39],"floor_reached":27,"playtime":1009,"items_purged":["Strike_G"],"score":655,"play_id":"89a5d17e-b6ef-4762-bc87-3a94a115d1c4","local_time":"20201230194446","is_ascension_mode":true,"campfire_choices":[{"data":"Catalyst","floor":8.0,"key":"SMITH"},{"data":"Deadly Poison","floor":10.0,"key":"SMITH"},{"floor":15.0,"key":"REST"}],"circlet_count":0,"master_deck":["AscendersBane","Strike_G","Strike_G","Strike_G","Strike_G","Defend_G","Defend_G","Defend_G","Defend_G","Defend_G","Survivor","Neutralize","Deadly Poison+1","Catalyst+1","Noxious Fumes","Crippling Poison+1","Backflip","After Image","Bouncing Flask","Burst","Backflip","Acrobatics+1","Leg Sweep","Acrobatics+1"],"relics":["Ring of the Snake","Singing Bowl","Sundial","Potion Belt","Ectoplasm","Mummified Hand","Pear","Centennial Puzzle"],"acts_visited":["Exordium","TheCity"],"potions_floor_usage":[],"damage_taken":[{"damage":0.0,"enemies":"2 Louse","floor":1.0,"turns":4.0},{"damage":4.0,"enemies":"Jaw Worm","floor":2.0,"turns":5.0},{"damage":0.0,"enemies":"Cultist","floor":3.0,"turns":4.0},{"damage":7.0,"enemies":"3 Louse","floor":5.0,"turns":4.0},{"damage":31.0,"enemies":"Gremlin Nob","floor":6.0,"turns":5.0},{"damage":5.0,"enemies":"Red Slaver","floor":11.0,"turns":4.0},{"damage":20.0,"enemies":"3 Sentries","floor":13.0,"turns":8.0},{"damage":6.0,"enemies":"2 Fungi Beasts","floor":14.0,"turns":3.0},{"damage":22.0,"enemies":"Slime Boss","floor":16.0,"turns":10.0},{"damage":15.0,"enemies":"Shell Parasite","floor":18.0,"turns":2.0},{"damage":2.0,"enemies":"Chosen","floor":19.0,"turns":4.0},{"damage":10.0,"enemies":"Snake Plant","floor":21.0,"turns":4.0},{"damage":0.0,"enemies":"Gremlin Leader","floor":23.0,"turns":4.0},{"damage":2.0,"enemies":"Centurion and Healer","floor":24.0,"turns":5.0},{"damage":41.0,"enemies":"Slavers","floor":25.0,"turns":6.0},{"damage":1,"enemies":"Sentry and Sphere","floor":27,"turns":2}],"seed_played":"1374439567049320464","potions_obtained":[{"floor":3.0,"key":"SpeedPotion"},{"floor":6.0,"key":"Swift Potion"},{"floor":11.0,"key":"Strength Potion"},{"floor":14.0,"key":"PowerPotion"},{"floor":19.0,"key":"Weak Potion"},{"floor":24.0,"key":"SpeedPotion"}],"is_trial":false,"path_per_floor":["M","M","M","$","M","E","?","R","T","R","M","?","E","M","R","B",null,"M","M","T","M","$","E","M","E","T","M"],"character_chosen":"THE_SILENT","items_purchased":["Noxious Fumes","Crippling Poison","Backflip","PowerPotion","DuplicationPotion"],"campfire_rested":1,"item_purchase_floors":[4,4,4,4,22],"current_hp_per_floor":[59,55,55,55,48,19,41,41,41,41,38,38,18,14,35,13,57,42,40,40,32,32,44,42,1,1,0,0],"gold":39,"neow_bonus":"HUNDRED_GOLD","is_daily":false,"chose_seed":false,"campfire_upgraded":2,"win_rate":0.0,"timestamp":1609375486,"path_taken":["M","M","M","$","M","E","?","R","T","R","M","?","E","?","R","BOSS","M","M","?","M","$","E","M","E","T","M"],"items_purchased_type":["Card","Card","Card","Potion","Potion"],"build_version":"2020-12-22","purchased_purges":1,"victory":false,"max_hp_per_floor":[66,66,66,66,66,68,68,68,68,68,70,70,70,72,72,72,72,72,72,72,74,74,86,86,86,86,86,86],"relic_stats":{"Centennial Puzzle":[0],"Singing Bowl":10,"counters":[16,74],"Sundial":[6],"Mummified Hand":[9],"Ectoplasm":132,"obtain_stats":[{"Potion Belt":13,"Centennial Puzzle":25,"Pear":23,"Singing Bowl":6,"Sundial":9,"Mummified Hand":20,"Ectoplasm":17,"Ring of the Snake":0},{"Potion Belt":7,"Centennial Puzzle":15,"Pear":13,"Singing Bowl":5,"Sundial":5,"Mummified Hand":11,"Ectoplasm":9,"Ring of the Snake":0},{"Potion Belt":34,"Centennial Puzzle":72,"Pear":61,"Singing Bowl":22,"Sundial":22,"Mummified Hand":53,"Ectoplasm":47,"Ring of the Snake":0}],"Ring of the Snake":[32]},"card_choices":[{"not_picked":["Dodge and Roll","PiercingWail"],"picked":"Deadly Poison","floor":1.0},{"not_picked":["Deflect","Dodge and Roll","Underhanded Strike"],"picked":"SKIP","floor":2.0},{"not_picked":["Footwork","Predator"],"picked":"Catalyst","floor":3.0},{"not_picked":["Heel Hook","Backflip"],"picked":"After Image","floor":5.0},{"not_picked":["Heel Hook","Cloak And Dagger","Acrobatics"],"picked":"Singing Bowl","floor":6.0},{"not_picked":["Sucker Punch","Cloak And Dagger","Dagger Throw"],"picked":"Singing Bowl","floor":11.0},{"not_picked":["Deadly Poison","Backflip"],"picked":"Bouncing Flask","floor":13.0},{"not_picked":["Bouncing Flask","Deadly Poison","Choke"],"picked":"Singing Bowl","floor":14.0},{"not_picked":["Die Die Die","Night Terror"],"picked":"Burst","floor":16.0},{"not_picked":["Accuracy","Flying Knee"],"picked":"Backflip","floor":18.0},{"not_picked":["Setup","Deflect"],"picked":"Acrobatics+1","floor":19.0},{"not_picked":["Bane","Quick Slash","Dagger Throw"],"picked":"Singing Bowl","floor":21.0},{"not_picked":["Doppelganger","Dagger Throw","Predator"],"picked":"Singing Bowl","floor":23.0},{"not_picked":["Calculated Gamble","Noxious Fumes"],"picked":"Leg Sweep","floor":24.0},{"not_picked":["Slice","Skewer"],"picked":"Acrobatics+1","floor":25.0}],"player_experience":1145333,"relics_obtained":[{"floor":6.0,"key":"Singing Bowl"},{"floor":9.0,"key":"Sundial"},{"floor":13.0,"key":"Potion Belt"},{"floor":20.0,"key":"Mummified Hand"},{"floor":23.0,"key":"Pear"},{"floor":25.0,"key":"Centennial Puzzle"}],"event_choices":[{"damage_healed":22.0,"max_hp_gain":0.0,"max_hp_loss":0.0,"gold_gain":0.0,"event_name":"Big Fish","player_choice":"Banana","floor":7.0,"gold_loss":0.0,"damage_taken":0.0},{"damage_healed":0.0,"max_hp_gain":0.0,"max_hp_loss":0.0,"gold_gain":0.0,"event_name":"Living Wall","player_choice":"Grow","floor":12.0,"gold_loss":0.0,"damage_taken":0.0,"cards_upgraded":["Crippling Poison"]}],"is_beta":false,"boss_relics":[{"not_picked":["Runic Dome","Calling Bell"],"picked":"Ectoplasm"}],"items_purged_floors":[22],"is_endless":false,"potions_floor_spawned":[3,6,11,14,19,24],"killed_by":"Sentry and Sphere","ascension_level":20}}