{"host":"f5gffvlv6a66yqkd","time":1609438555,"event":{"mods":["2.2 Compatiblity","BaseMod","Colored Map","DeckTracker","Keyboard Shortcuts","Minty Spire (QoL Compilation)","Permanent Neow","Quick Restart","Relic Stats","StSLib","SuperFastMode"],"gold_per_floor":[18,34,47,122,134,134,146,146,198,228,240,252,277,306,318,409,421,448,460,63,113,127,127,141,141,210,227,246,246,161,176,176,254,254,264,264,264,289,77,77,96,129,153,153,153,182,182,194,194,194,194,194,21,47,47],"floor_reached":56,"playtime":3180,"items_purged":["Strike_B"],"score":2098,"play_id":"2a65800f-17a1-4cb8-a12c-b8bc55ba342d","local_time":"20210101031555","is_ascension_mode":true,"campfire_choices":[{"data":"Darkness","floor":6.0,"key":"SMITH"},{"floor":12.0,"key":"REST"},{"data":"Buffer","floor":15.0,"key":"SMITH"},{"data":"Fission","floor":23.0,"key":"SMITH"},{"data":"Defragment","floor":29.0,"key":"SMITH"},{"floor":32.0,"key":"REST"},{"data":"Redo","floor":40.0,"key":"SMITH"},{"floor":44.0,"key":"REST"},{"data":"Multi-Cast","floor":47.0,"key":"SMITH"},{"floor":49.0,"key":"RECALL"},{"data":"Dualcast","floor":52.0,"key":"SMITH"}],"circlet_count":0,"master_deck":["AscendersBane","Defend_B+1","Zap","Dualcast+1","Reboot","Conserve Battery+1","Compile Driver","Multi-Cast+1","Darkness+1","Redo+1","Genetic Algorithm","Buffer+1","Fission+1","Capacitor","Heatsinks+1","Defragment+1","Defragment+1","Chill","Biased Cognition","Rebound+1","Seek+1","Go for the Eyes+1","Turbo","Glacier+1","Skim","Echo Form+1"],"relics":["Cracked Core","Mango","MawBank","Nuclear Battery","DataDisk","Centennial Puzzle","CaptainsWheel","Astrolabe","Du-Vu Doll","PreservedInsect","Pantograph","Bag of Marbles","Frozen Egg 2","Lee\u0027s Waffle","Bronze Scales"],"acts_visited":["Exordium","TheCity","TheBeyond","TheEnding"],"potions_floor_usage":[55,55],"damage_taken":[{"damage":1.0,"enemies":"2 Louse","floor":1.0,"turns":2.0},{"damage":0.0,"enemies":"Jaw Worm","floor":2.0,"turns":4.0},{"damage":0.0,"enemies":"Small Slimes","floor":3.0,"turns":3.0},{"damage":27.0,"enemies":"Exordium Wildlife","floor":5.0,"turns":6.0},{"damage":11.0,"enemies":"3 Louse","floor":7.0,"turns":3.0},{"damage":0.0,"enemies":"Large Slime","floor":10.0,"turns":3.0},{"damage":9.0,"enemies":"Looter","floor":13.0,"turns":4.0},{"damage":1.0,"enemies":"Exordium Thugs","floor":14.0,"turns":5.0},{"damage":0.0,"enemies":"Slime Boss","floor":16.0,"turns":6.0},{"damage":2.0,"enemies":"Spheric Guardian","floor":18.0,"turns":4.0},{"damage":22.0,"enemies":"2 Thieves","floor":22.0,"turns":3.0},{"damage":0.0,"enemies":"3 Cultists","floor":24.0,"turns":5.0},{"damage":22.0,"enemies":"Cultist and Chosen","floor":27.0,"turns":7.0},{"damage":0.0,"enemies":"Shelled Parasite and Fungi","floor":28.0,"turns":3.0},{"damage":0.0,"enemies":"Centurion and Healer","floor":31.0,"turns":3.0},{"damage":0.0,"enemies":"Champ","floor":33.0,"turns":8.0},{"damage":0.0,"enemies":"3 Darklings","floor":35.0,"turns":7.0},{"damage":0.0,"enemies":"Mind Bloom Boss Battle","floor":38.0,"turns":5.0},{"damage":0.0,"enemies":"3 Shapes","floor":41.0,"turns":2.0},{"damage":52.0,"enemies":"Giant Head","floor":42.0,"turns":9.0},{"damage":22.0,"enemies":"Reptomancer","floor":46.0,"turns":10.0},{"damage":0.0,"enemies":"3 Darklings","floor":48.0,"turns":6.0},{"damage":8.0,"enemies":"Awakened One","floor":50.0,"turns":12.0},{"damage":0.0,"enemies":"Shield and Spear","floor":54.0,"turns":5.0},{"damage":78,"enemies":"The Heart","floor":55,"turns":14}],"seed_played":"4714954440043646384","potions_obtained":[{"floor":2.0,"key":"DuplicationPotion"},{"floor":10.0,"key":"LiquidMemories"},{"floor":48.0,"key":"SkillPotion"}],"is_trial":false,"path_per_floor":["M","M","M","?","M","R","M","T","T","M","?","R","M","M","R","B",null,"M","?","$","?","M","R","M","?","T","M","M","R","?","M","R","B",null,"M","?","?","?","$","R","M","E","T","R","?","E","R","M","R","B",null,"R","$","E","B",null],"character_chosen":"DEFECT","items_purchased":["DataDisk","Centennial Puzzle","Turbo","PreservedInsect","Lee\u0027s Waffle"],"campfire_rested":3,"item_purchase_floors":[20,20,39,39,53],"current_hp_per_floor":[63,63,63,52,25,25,14,28,28,28,2,27,18,17,17,17,68,66,66,66,66,44,44,44,44,44,22,22,22,22,22,47,47,76,76,76,76,76,76,76,76,24,24,48,48,26,26,26,26,43,72,72,88,88,10],"gold":47,"neow_bonus":"TRANSFORM_TWO_CARDS","is_daily":false,"chose_seed":false,"campfire_upgraded":7,"win_rate":0.0,"timestamp":1609438555,"path_taken":["M","M","M","?","M","R","M","?","T","?","?","R","M","M","R","BOSS","M","?","$","?","M","R","M","?","T","?","M","R","?","M","R","BOSS","M","?","?","?","$","R","?","E","T","R","?","E","R","M","R","BOSS","R","$","E","BOSS"],"items_purchased_type":["Relic","Relic","Card","Relic","Relic"],"build_version":"2020-12-22","purchased_purges":1,"victory":true,"max_hp_per_floor":[71,71,71,71,71,71,71,85,85,85,85,85,85,85,85,85,85,85,85,85,85,85,85,85,85,85,85,85,85,85,85,85,85,85,85,85,81,81,81,81,81,81,81,81,81,81,81,81,81,81,81,81,88,88,88],"relic_stats":{"Centennial Puzzle":[18],"Lee\u0027s Waffle":16,"counters":[25,139],"Astrolabe":["Rebound","Seek","Go for the Eyes"],"Pantograph":25,"Bronze Scales":[192],"PreservedInsect":267,"MawBank":132,"obtain_stats":[{"Lee\u0027s Waffle":53,"Astrolabe":34,"Mango":8,"PreservedInsect":39,"Frozen Egg 2":46,"MawBank":9,"Nuclear Battery":17,"Du-Vu Doll":38,"DataDisk":20,"Centennial Puzzle":20,"CaptainsWheel":30,"Pantograph":42,"Bronze Scales":54,"Bag of Marbles":43,"Cracked Core":0},{"Lee\u0027s Waffle":23,"Astrolabe":16,"Mango":5,"PreservedInsect":18,"Frozen Egg 2":21,"MawBank":5,"Nuclear Battery":9,"Du-Vu Doll":18,"DataDisk":10,"Centennial Puzzle":10,"CaptainsWheel":14,"Pantograph":20,"Bronze Scales":24,"Bag of Marbles":20,"Cracked Core":0},{"Lee\u0027s Waffle":120,"Astrolabe":69,"Mango":18,"PreservedInsect":81,"Frozen Egg 2":102,"MawBank":18,"Nuclear Battery":36,"Du-Vu Doll":81,"DataDisk":40,"Centennial Puzzle":40,"CaptainsWheel":58,"Pantograph":92,"Bronze Scales":125,"Bag of Marbles":92,"Cracked Core":0}]},"card_choices":[{"not_picked":["Barrage","Go for the Eyes"],"picked":"Compile Driver","floor":1.0},{"not_picked":["Double Energy","Auto Shields"],"picked":"Multi-Cast","floor":2.0},{"not_picked":["Leap","Self Repair"],"picked":"Darkness","floor":3.0},{"not_picked":["Barrage","Turbo"],"picked":"Redo","floor":5.0},{"not_picked":["Sweeping Beam","Leap"],"picked":"Genetic Algorithm","floor":7.0},{"not_picked":["Beam Cell","Darkness","Heatsinks"],"picked":"SKIP","floor":10.0},{"not_picked":["Ball Lightning","Coolheaded"],"picked":"Buffer","floor":13.0},{"not_picked":["Melter","Blizzard"],"picked":"Sweeping Beam","floor":14.0},{"not_picked":["Thunder Strike","Rainbow"],"picked":"Fission","floor":16.0},{"not_picked":["Barrage","Steam"],"picked":"Capacitor","floor":18.0},{"not_picked":["Cold Snap","Rebound"],"picked":"Heatsinks+1","floor":22.0},{"not_picked":["Steam Power","Chill"],"picked":"Defragment+1","floor":24.0},{"not_picked":["Steam","Coolheaded"],"picked":"Defragment","floor":27.0},{"not_picked":["Beam Cell","Sweeping Beam+1","Auto Shields"],"picked":"SKIP","floor":28.0},{"not_picked":["Ball Lightning","Aggregate"],"picked":"Chill","floor":31.0},{"not_picked":["Electrodynamics","Rainbow"],"picked":"Biased Cognition","floor":33.0},{"not_picked":["Beam Cell","Gash","Steam Power"],"picked":"SKIP","floor":35.0},{"not_picked":["Ball Lightning+1","Sweeping Beam","Compile Driver+1"],"picked":"SKIP","floor":41.0},{"not_picked":["Stack","Defragment"],"picked":"Glacier+1","floor":42.0},{"not_picked":["Defragment+1","Hologram"],"picked":"Skim","floor":46.0},{"not_picked":["Amplify","Redo","Conserve Battery"],"picked":"SKIP","floor":48.0},{"not_picked":["FTL","Tempest"],"picked":"Echo Form+1","floor":54.0}],"player_experience":1514567,"relics_obtained":[{"floor":8.0,"key":"Mango"},{"floor":9.0,"key":"MawBank"},{"floor":38.0,"key":"Du-Vu Doll"},{"floor":42.0,"key":"Pantograph"},{"floor":43.0,"key":"Bag of Marbles"},{"floor":46.0,"key":"Frozen Egg 2"},{"floor":54.0,"key":"Bronze Scales"}],"event_choices":[{"damage_healed":0.0,"max_hp_gain":0.0,"max_hp_loss":0.0,"gold_gain":75.0,"event_name":"World of Goop","player_choice":"Gather Gold","floor":4.0,"gold_loss":0.0,"damage_taken":11.0},{"damage_healed":0.0,"max_hp_gain":0.0,"max_hp_loss":0.0,"gold_gain":0.0,"event_name":"Shining Light","player_choice":"Entered Light","floor":11.0,"gold_loss":0.0,"damage_taken":26.0,"cards_upgraded":["Defend_B","Conserve Battery"]},{"damage_healed":0.0,"max_hp_gain":0.0,"max_hp_loss":0.0,"gold_gain":0.0,"event_name":"Ghosts","player_choice":"Ignored","floor":19.0,"gold_loss":0.0,"damage_taken":0.0},{"damage_healed":0.0,"max_hp_gain":0.0,"max_hp_loss":0.0,"gold_gain":50.0,"event_name":"Nest","player_choice":"Stole From Cult","floor":21.0,"gold_loss":0.0,"damage_taken":0.0},{"cards_removed":["Strike_B"],"damage_healed":0.0,"max_hp_gain":0.0,"max_hp_loss":0.0,"gold_gain":0.0,"event_name":"Back to Basics","player_choice":"Elegance","floor":25.0,"gold_loss":0.0,"damage_taken":0.0},{"damage_healed":0.0,"max_hp_gain":0.0,"max_hp_loss":0.0,"gold_gain":0.0,"event_name":"Addict","player_choice":"Obtained Relic","floor":30.0,"gold_loss":85.0,"damage_taken":0.0,"relics_obtained":["CaptainsWheel"]},{"cards_removed":["Sweeping Beam"],"damage_healed":0.0,"max_hp_gain":0.0,"max_hp_loss":0.0,"gold_gain":0.0,"event_name":"Falling","player_choice":"Removed Attack","floor":36.0,"gold_loss":0.0,"damage_taken":0.0},{"damage_healed":0.0,"max_hp_gain":0.0,"max_hp_loss":4.0,"gold_gain":0.0,"event_name":"Winding Halls","player_choice":"Max HP","floor":37.0,"gold_loss":0.0,"damage_taken":0.0},{"damage_healed":0.0,"max_hp_gain":0.0,"max_hp_loss":0.0,"gold_gain":0.0,"event_name":"MindBloom","player_choice":"Fight","floor":38.0,"gold_loss":0.0,"damage_taken":0.0},{"damage_healed":0.0,"max_hp_gain":0.0,"max_hp_loss":0.0,"gold_gain":0.0,"event_name":"Tomb of Lord Red Mask","player_choice":"Ignored","floor":45.0,"gold_loss":0.0,"damage_taken":0.0}],"is_beta":false,"boss_relics":[{"not_picked":["Coffee Dripper","Cursed Key"],"picked":"Nuclear Battery"},{"not_picked":["Runic Pyramid","Empty Cage"],"picked":"Astrolabe"}],"items_purged_floors":[20],"is_endless":false,"potions_floor_spawned":[2,10,14,16,28,33,38,41,48],"ascension_level":16}}