{"host":"68ryiucqar8jyfi2","time":1609437003,"event":{"mods":["2.2 Compatiblity","Act Like it!","Aspiration","BaseMod","Better Match","Better Note","Better Skull","Better Third Choice","CCEM","CapriCore","Curses Come First","Defuse TimeMaze Blight","Displayed Cursed Tome","Emptier Cage","Energized Spire","Friendly Minions","GifTheSpireLib","HexUI Lib","Hubris","Hyrulean Relics","Infinite Spire","Minty Spire (QoL Compilation)","Permanent Neow","RNG Fix","Replay The Spire","Robot Space Explorer","StSLib","Stuff the Spire","The Blue Laboratory","Trackpad","Transform Curses","Uncapped","Wandering Minibosses"],"gold_per_floor":[113,113,163,417,542,542,288,257,282,332,20,20,70,120,120,233,233,258,262,262],"floor_reached":19,"playtime":336,"items_purged":[],"score":151,"play_id":"6215ddc2-3843-4389-b04c-5f8a4f494bb2","local_time":"20201231175003","daily_mods":["Vintage","Heirloom","Flight"],"is_ascension_mode":false,"campfire_choices":[{"data":"Dualcast","floor":6,"key":"SMITH"},{"floor":12,"key":"REST"},{"floor":15,"key":"REST"}],"circlet_count":0,"master_deck":["Strike_B","Strike_B","Strike_B","Strike_B","Defend_B","Defend_B","Defend_B","Defend_B","Zap+1","Dualcast+1","Biased Cognition"],"relics":["Cracked Core","Incense Burner","ReplayTheSpireMod:Ninjato","SsserpentHead","ReplayTheSpireMod:CursedCoin","hubris:MobiusCoin","Replay:Bandana","Meat on the Bone","zeldaRelics:CouragePiece","hubris:FruitBowl","StuffTheSpire:MayFlowers","Regal Pillow"],"acts_visited":["Exordium","TheCity"],"potions_floor_usage":[16],"damage_taken":[{"damage":1,"enemies":"Jaw Worm","floor":1,"turns":3},{"damage":0,"enemies":"Small Slimes","floor":8,"turns":2},{"damage":55,"enemies":"The Guardian","floor":16,"turns":13},{"damage":32,"enemies":"3 Byrds","floor":18,"turns":7},{"damage":5,"enemies":"Shell Parasite","floor":19,"turns":2}],"seed_played":"8306745313059954748","potions_obtained":[{"floor":8,"key":"blueLaboratory:PlasmaFuel"}],"is_trial":true,"path_per_floor":["M","?","?","?","?","R","$","M","T","$","$","R","?","T","R","B",null,"M","M"],"character_chosen":"DEFECT","items_purchased":["ReplayTheSpireMod:CursedCoin","hubris:MobiusCoin","Replay:Bandana","hubris:FruitBowl","StuffTheSpire:MayFlowers"],"campfire_rested":2,"item_purchase_floors":[7,7,7,10,11],"current_hp_per_floor":[74,74,74,44,33,33,33,33,33,14,14,36,36,36,58,21,75,48,43,43],"gold":262,"neow_bonus":"","is_daily":false,"chose_seed":false,"campfire_upgraded":1,"win_rate":0.0,"timestamp":1609437003,"path_taken":["M","?","?","?","?","R","$","?","T","?","$","R","?","?","R","BOSS","M","M"],"items_purchased_type":["Relic","Relic","Relic","Relic","Relic"],"build_version":"2020-12-22","purchased_purges":0,"victory":false,"max_hp_per_floor":[75,75,75,75,75,75,75,75,75,75,75,75,75,75,75,75,75,75,75,75],"card_choices":[{"not_picked":["Electrodynamics","Thunder Strike"],"picked":"Biased Cognition","floor":16}],"player_experience":192328,"relics_obtained":[{"floor":1,"key":"ReplayTheSpireMod:Ninjato"},{"floor":8,"key":"Meat on the Bone"},{"floor":9,"key":"zeldaRelics:CouragePiece"},{"floor":14,"key":"zeldaRelics:CouragePiece"},{"floor":18,"key":"Regal Pillow"}],"event_choices":[{"damage_healed":0,"gold_gain":0,"player_choice":"Trade","damage_taken":0,"relics_obtained":["SsserpentHead"],"max_hp_gain":0,"max_hp_loss":0,"event_name":"FaceTrader","floor":2,"gold_loss":0},{"damage_healed":0,"gold_gain":0,"player_choice":"Grow","damage_taken":0,"max_hp_gain":0,"max_hp_loss":0,"event_name":"Living Wall","floor":3,"gold_loss":0,"cards_upgraded":["Zap"]},{"damage_healed":0,"gold_gain":75,"player_choice":"Gold","damage_taken":11,"max_hp_gain":0,"max_hp_loss":0,"event_name":"betterThird:BetterGoop","floor":5,"gold_loss":0}],"is_beta":false,"boss_relics":[{"not_picked":["trackpad:NeutrinoGenerator","trackpad:Trackpad","energizedSpire:UnstableMolecules"]}],"items_purged_floors":[],"is_endless":false,"potions_floor_spawned":[8],"killed_by":"Shell Parasite","ascension_level":0}}