{"host":"be3r5d8qs4ku9xfy","time":1609403409,"event":{"mods":["2.2 Compatiblity","AchievementEnabler","Act Like it!","Aspiration","BaseMod","BetterRewards","Card Forge","Colored Map","Colored Powertips","DNKmod","Defuse TimeMaze Blight","Downfall","Friendly Minions","Gensokyo","Highlight Path","Hubris","Infinite Spire","Lobotomy","Minty Spire (QoL Compilation)","Quick Restart","Replay The Spire","Shop Mod","StSLib","SuperFastMode","The Construct"],"gold_per_floor":[1015,25,0,11,22,22,22],"floor_reached":6,"playtime":539,"items_purged":[],"score":61,"play_id":"e87eecc0-b4cc-4e4b-8e34-b4ddb01ae718","local_time":"20201231033009","daily_mods":["Specialized","Vintage","Heirloom","Time Dilation","Flight","downfall:Lament"],"is_ascension_mode":false,"campfire_choices":[],"circlet_count":0,"master_deck":["construct:Strike_Gold","construct:Strike_Gold","construct:Strike_Gold","construct:Strike_Gold","construct:Strike_Gold","construct:Defend_Gold","construct:Defend_Gold","construct:Defend_Gold","construct:Defend_Gold","construct:Defend_Gold","construct:AttackMode","construct:DefenseMode","construct:Antimatter","construct:Antimatter","construct:FocusedBeam","construct:Analyze","construct:Autoturret","Flash of Steel","Midas Touch","construct:HyperBeam"],"relics":["construct:Cogwheel","Hammer of Thor","Seething Fire","Anvil of the Gods","replay:Trail_Library","NeowsBlessing","Bird Faced Urn","Blood Vial","infinitespire:WardingShard","infinitespire:Golems Mask","ReplayTheSpireMod:Shallot","Ornamental Fan"],"acts_visited":["Gensokyo:Gensokyo"],"potions_floor_usage":[],"damage_taken":[{"damage":0,"enemies":"Gensokyo:2_Kodama","floor":1,"turns":1},{"damage":0,"enemies":"Gensokyo:Python","floor":4,"turns":1},{"damage":0,"enemies":"Gensokyo:3_Fairies","floor":5,"turns":2},{"damage":0,"enemies":"Gensokyo:Mamizou","floor":6,"turns":4}],"seed_played":"-5093924905998826182","potions_obtained":[{"floor":5,"key":"Adrenaline Potion"}],"is_trial":true,"path_per_floor":["M","$","WH","M","M","E"],"character_chosen":"THE_CONSTRUCT_MOD","items_purchased":["construct:FocusedBeam","construct:Analyze","construct:Autoturret","Flash of Steel","infinitespire:WardingShard","infinitespire:Golems Mask","Midas Touch"],"campfire_rested":0,"item_purchase_floors":[2,2,2,2,2,2,2],"current_hp_per_floor":[100,100,100,100,100,100,100],"gold":22,"neow_bonus":"THREE_RARE_CARDS","is_daily":false,"chose_seed":false,"campfire_upgraded":0,"win_rate":0.0,"timestamp":1609403409,"path_taken":["M","$","WH","M","M","E"],"items_purchased_type":["Card","Card","Card","Card","Relic","Relic","Card"],"build_version":"2020-12-22","purchased_purges":0,"victory":false,"max_hp_per_floor":[100,100,100,100,100,100,100],"card_choices":[{"not_picked":["construct:SpinDrive","construct:ShieldBurst"],"picked":"construct:HyperBeam","floor":3}],"player_experience":18926,"relics_obtained":[{"floor":1,"key":"Blood Vial"},{"floor":4,"key":"ReplayTheSpireMod:Shallot"},{"floor":5,"key":"Ornamental Fan"}],"event_choices":[],"is_beta":false,"boss_relics":[],"items_purged_floors":[],"is_endless":false,"potions_floor_spawned":[5],"killed_by":"Gensokyo:Mamizou","ascension_level":0}}