{"host":"xv6tnu9e6lzjd13s","time":1609396518,"event":{"mods":["BaseMod","Colored Powertips","Googly Eyes","Minty Spire (QoL Compilation)","Replay The Spire","StSLib"],"gold_per_floor":[111,111,111,111,111,122,122,134,214,13,30,30,41,41,41],"floor_reached":14,"playtime":691,"items_purged":[],"score":79,"play_id":"2bad0a68-2585-4681-a14d-38d6a87a2765","local_time":"20201230233518","is_ascension_mode":false,"campfire_choices":[{"data":"Rage","floor":7,"key":"SMITH"}],"circlet_count":0,"master_deck":["Strike_R","Strike_R","Strike_R","Strike_R","Defend_R","Defend_R","Defend_R","Defend_R","Bash","Rage+1","Inflame+1","Dropkick","Seeing Red","Juggernaut","Flex","Spot Weakness"],"relics":["Burning Blood","NeowsBlessing","Eternal Feather","ReplayTheSpireMod:Ring of Addiction","Ring of Searing","SacredBark","Toy Ornithopter","Paper Frog","Spirit Poop"],"acts_visited":["Exordium"],"potions_floor_usage":[13],"damage_taken":[{"damage":0,"enemies":"Cultist","floor":1,"turns":1},{"damage":0,"enemies":"2 Louse","floor":6,"turns":1},{"damage":0,"enemies":"Jaw Worm","floor":8,"turns":1},{"damage":20,"enemies":"3 Louse","floor":11,"turns":4},{"damage":10,"enemies":"Looter","floor":13,"turns":2},{"damage":0,"enemies":"3 Sentries","floor":14,"turns":1}],"seed_played":"-8795850936441455657","potions_obtained":[{"floor":4,"key":"DistilledChaos"},{"floor":4,"key":"Block Potion"},{"floor":4,"key":"FearPotion"},{"floor":11,"key":"EssenceOfSteel"}],"is_trial":false,"path_per_floor":["M","?","?","?","?","M","R","M","T","$","M","?","M","E"],"character_chosen":"IRONCLAD","items_purchased":["Juggernaut","Flex"],"campfire_rested":0,"item_purchase_floors":[10,10],"current_hp_per_floor":[80,80,55,55,80,80,80,78,78,78,62,62,63,63,63],"gold":41,"neow_bonus":"THREE_ENEMY_KILL","is_daily":false,"chose_seed":false,"campfire_upgraded":1,"win_rate":0.0,"timestamp":1609396518,"path_taken":["M","?","?","?","?","M","R","M","T","?","M","?","?","E"],"items_purchased_type":["Card","Card"],"build_version":"2020-12-22","purchased_purges":0,"victory":false,"max_hp_per_floor":[80,80,80,80,80,80,80,78,78,78,76,76,76,76,76],"card_choices":[{"not_picked":["Perfected Strike","ReplayTheSpireMod:LeadingStrike"],"picked":"Rage","floor":1},{"not_picked":["Clothesline","Armaments"],"picked":"Dropkick","floor":6},{"not_picked":["Sever Soul","Sword Boomerang"],"picked":"Seeing Red","floor":8},{"not_picked":["Headbutt","Cleave"],"picked":"Spot Weakness","floor":11},{"not_picked":["Dual Wield","Run Through","Cleave"],"picked":"SKIP","floor":13}],"player_experience":5194,"relics_obtained":[{"floor":4,"key":"ReplayTheSpireMod:Ring of Addiction"},{"floor":4,"key":"Ring of Searing"},{"floor":4,"key":"SacredBark"},{"floor":4,"key":"Toy Ornithopter"},{"floor":9,"key":"Paper Frog"}],"event_choices":[{"damage_healed":0,"gold_gain":0,"player_choice":"Success","damage_taken":25,"relics_obtained":["Eternal Feather"],"max_hp_gain":0,"max_hp_loss":0,"event_name":"Scrap Ooze","floor":3,"gold_loss":0},{"damage_healed":26,"gold_gain":0,"player_choice":"Banana","damage_taken":0,"max_hp_gain":0,"max_hp_loss":0,"event_name":"Big Fish","floor":5,"gold_loss":0},{"cards_removed":["Delirium"],"damage_healed":0,"gold_gain":0,"player_choice":"Offered Curse","damage_taken":0,"relics_obtained":["Spirit Poop"],"max_hp_gain":0,"max_hp_loss":0,"event_name":"Bonfire Elementals","floor":12,"gold_loss":0}],"is_beta":false,"boss_relics":[],"items_purged_floors":[],"is_endless":false,"potions_floor_spawned":[8,11],"killed_by":"3 Sentries","ascension_level":0}}