{"host":"my77oq6kb6j47rwl","time":1609432031,"event":{"mods":["BaseMod","Emptier Cage","Ironclad Rager","Minty Spire (QoL Compilation)","Quick Restart","Rare Cards Sparkle","StSLib"],"gold_per_floor":[15,30,42,60,60,85,11,41,65,95,95,105,123,123,123,220,220,220,220,175,175,175,175,175],"floor_reached":23,"playtime":1891,"items_purged":[],"score":330,"play_id":"09099904-1f3e-4954-b355-3a9e1dde416c","local_time":"20201231112711","is_ascension_mode":true,"campfire_choices":[{"floor":11,"key":"REST"},{"floor":15,"key":"REST"}],"circlet_count":0,"master_deck":["AscendersBane","Zap","Dualcast","Regret","Ball Lightning","Cold Snap","Ball Lightning","Cold Snap","Leap","Leap","Leap","Leap","Capacitor+1","Loop","Blizzard","Sweeping Beam","Darkness","Core Surge","ICR:FrostFall+1","ICR:FrostFall","Beam Cell+1","Barrage"],"relics":["Cracked Core","Dream Catcher","Akabeko","Juzu Bracelet","MealTicket","Ectoplasm","Nilry\u0027s Codex"],"acts_visited":["Exordium","TheCity"],"potions_floor_usage":[10,20,22],"damage_taken":[{"damage":0,"enemies":"2 Louse","floor":1,"turns":2},{"damage":2,"enemies":"Cultist","floor":2,"turns":4},{"damage":2,"enemies":"Small Slimes","floor":3,"turns":3},{"damage":4,"enemies":"Blue Slaver","floor":4,"turns":3},{"damage":14,"enemies":"Gremlin Nob","floor":6,"turns":4},{"damage":14,"enemies":"Lagavulin","floor":8,"turns":7},{"damage":7,"enemies":"Gremlin Nob","floor":10,"turns":3},{"damage":2,"enemies":"Exordium Wildlife","floor":12,"turns":3},{"damage":11,"enemies":"Gremlin Gang","floor":13,"turns":4},{"damage":34,"enemies":"Slime Boss","floor":16,"turns":11},{"damage":13,"enemies":"Chosen","floor":18,"turns":4},{"damage":24,"enemies":"2 Thieves","floor":20,"turns":3},{"damage":3,"enemies":"3 Cultists","floor":22,"turns":4},{"damage":1,"enemies":"Book of Stabbing","floor":23,"turns":1}],"seed_played":"5358827443862609214","potions_obtained":[{"floor":1,"key":"SkillPotion"},{"floor":4,"key":"Energy Potion"},{"floor":12,"key":"AttackPotion"},{"floor":13,"key":"DistilledChaos"},{"floor":20,"key":"PowerPotion"}],"is_trial":false,"path_per_floor":["M","M","M","M","?","E","$","E","T","E","R","M","M","?","R","B",null,"M","?","M","?","M","E"],"character_chosen":"DEFECT","items_purchased":["Loop"],"campfire_rested":2,"item_purchase_floors":[7],"current_hp_per_floor":[50,48,46,42,42,28,28,14,14,7,27,25,14,36,56,22,57,44,44,20,4,1,0,0],"gold":175,"neow_bonus":"DEFECT_STORMLORD","is_daily":false,"chose_seed":false,"campfire_upgraded":0,"win_rate":0.0,"timestamp":1609432031,"path_taken":["M","M","M","M","?","E","?","E","T","E","R","M","M","?","R","BOSS","M","?","M","?","M","E"],"items_purchased_type":["Card"],"build_version":"2020-12-22","purchased_purges":0,"victory":false,"max_hp_per_floor":[68,68,68,68,68,68,68,68,68,68,68,68,68,68,68,68,68,68,68,68,68,68,68,68],"card_choices":[{"not_picked":["Coolheaded","Heatsinks"],"picked":"Capacitor","floor":1},{"not_picked":["Stack","Beam Cell","Hologram"],"picked":"SKIP","floor":2},{"not_picked":["Fusion","Hologram","Conserve Battery"],"picked":"SKIP","floor":3},{"not_picked":["Leap","Rip and Tear","Compile Driver"],"picked":"SKIP","floor":4},{"not_picked":["Rebound","Redo","Glacier"],"picked":"SKIP","floor":6},{"not_picked":["Machine Learning","Melter"],"picked":"Blizzard","floor":8},{"not_picked":["Compile Driver","Ball Lightning"],"picked":"Sweeping Beam","floor":10},{"not_picked":["Recycle","Leap"],"picked":"Darkness","floor":12},{"not_picked":["Steam","Skim","Sweeping Beam"],"picked":"SKIP","floor":13},{"not_picked":["Machine Learning","Creative AI"],"picked":"Core Surge","floor":16},{"not_picked":["Compile Driver","Rebound"],"picked":"ICR:FrostFall+1","floor":18},{"not_picked":["Hologram","Steam"],"picked":"Beam Cell+1","floor":20},{"not_picked":["Turbo+1","Cold Snap"],"picked":"Barrage","floor":22}],"player_experience":980758,"relics_obtained":[{"floor":6,"key":"Dream Catcher"},{"floor":8,"key":"Akabeko"},{"floor":9,"key":"Juzu Bracelet"},{"floor":10,"key":"MealTicket"},{"floor":21,"key":"Nilry\u0027s Codex"}],"event_choices":[{"damage_healed":0,"gold_gain":0,"player_choice":"Forge","damage_taken":0,"max_hp_gain":0,"max_hp_loss":0,"event_name":"Accursed Blacksmith","floor":5,"gold_loss":0,"cards_upgraded":["Capacitor"]},{"damage_healed":22,"gold_gain":0,"player_choice":"Banana","damage_taken":0,"max_hp_gain":0,"max_hp_loss":0,"event_name":"Big Fish","floor":14,"gold_loss":0},{"damage_healed":0,"gold_gain":0,"player_choice":"Read","damage_taken":0,"max_hp_gain":0,"max_hp_loss":0,"event_name":"The Library","floor":19,"gold_loss":0,"cards_obtained":["ICR:FrostFall"]},{"damage_healed":0,"gold_gain":0,"player_choice":"Obtained Book","damage_taken":16,"max_hp_gain":0,"max_hp_loss":0,"event_name":"Cursed Tome","floor":21,"gold_loss":0}],"is_beta":false,"boss_relics":[{"not_picked":["Runic Pyramid","Calling Bell"],"picked":"Ectoplasm"}],"items_purged_floors":[],"is_endless":false,"potions_floor_spawned":[1,4,12,13,20],"killed_by":"Book of Stabbing","ascension_level":11}}