{"host":"by3dnjj711vo194a","time":1609399129,"event":{"mods":["2.2 Compatiblity","AchievementEnabler","BaseMod","Colored Map","DeckTracker","KOR Keyword Fix","Keyboard Shortcuts","Minty Spire (QoL Compilation)","Permanent Neow","Quick Restart","StSLib","SuperFastMode","everything is the same but u backflip on backflip"],"gold_per_floor":[215,215,229,246,256,256,285,285,285,62,62,62,74,100,100,199,199,218,238,188,208,208,208,238,71,71,88,101,129,146,61,61,156,156,167,180,23,23,37,69,69,80,80,80,92,92,121,138,138,138],"floor_reached":51,"playtime":1743,"items_purged":["Strike_R","Defend_R"],"score":1100,"play_id":"bd3d2150-846e-41c9-b82f-b932a2f5f11e","local_time":"20201231161849","is_ascension_mode":true,"campfire_choices":[{"data":"Pommel Strike","floor":6.0,"key":"SMITH"},{"data":"Spot Weakness","floor":8.0,"key":"SMITH"},{"floor":15.0,"key":"REST"},{"data":"Shockwave","floor":23.0,"key":"SMITH"},{"floor":32.0,"key":"DIG"},{"floor":41,"key":"DIG"},{"floor":49,"key":"REST"}],"circlet_count":0,"master_deck":["Strike_R","Defend_R","Defend_R","Bash+1","Sword Boomerang","Spot Weakness+1","Pommel Strike+1","Blood for Blood+1","Rampage+1","Dropkick+1","Bludgeon+1","Heavy Blade+1","Battle Trance+1","Power Through","Shockwave+1","Metallicize","Parasite","Uppercut+1","Reaper+1","Heavy Blade+1","Seeing Red+1","Pain","Shrug It Off+1"],"relics":["Burning Blood","Molten Egg 2","Singing Bowl","Boot","Shuriken","Cursed Key","Thread and Needle","HornCleat","Shovel","Bag of Marbles","PreservedInsect","Fusion Hammer","Medical Kit","Eternal Feather","Pantograph","Dream Catcher"],"acts_visited":["Exordium","TheCity","TheBeyond"],"potions_floor_usage":[33,33,33,50,50,50],"damage_taken":[{"damage":7.0,"enemies":"Small Slimes","floor":1.0,"turns":3.0},{"damage":6.0,"enemies":"Cultist","floor":3.0,"turns":3.0},{"damage":7.0,"enemies":"Jaw Worm","floor":4.0,"turns":2.0},{"damage":0.0,"enemies":"Large Slime","floor":5.0,"turns":5.0},{"damage":30.0,"enemies":"3 Sentries","floor":7.0,"turns":6.0},{"damage":20.0,"enemies":"Gremlin Gang","floor":13.0,"turns":3.0},{"damage":0.0,"enemies":"Gremlin Nob","floor":14.0,"turns":2.0},{"damage":39.0,"enemies":"Hexaghost","floor":16.0,"turns":5.0},{"damage":11.0,"enemies":"2 Thieves","floor":18.0,"turns":2.0},{"damage":12.0,"enemies":"Shell Parasite","floor":19.0,"turns":2.0},{"damage":7.0,"enemies":"Chosen and Byrds","floor":21.0,"turns":4.0},{"damage":22.0,"enemies":"Slavers","floor":24.0,"turns":3.0},{"damage":9.0,"enemies":"Snake Plant","floor":27.0,"turns":2.0},{"damage":3.0,"enemies":"Centurion and Healer","floor":28.0,"turns":4.0},{"damage":11.0,"enemies":"Book of Stabbing","floor":29.0,"turns":4.0},{"damage":0.0,"enemies":"Snecko","floor":30.0,"turns":3.0},{"damage":18,"enemies":"Automaton","floor":33,"turns":6},{"damage":9,"enemies":"3 Darklings","floor":35,"turns":4},{"damage":24,"enemies":"3 Shapes","floor":36,"turns":3},{"damage":24,"enemies":"Spire Growth","floor":39,"turns":4},{"damage":5,"enemies":"Nemesis","floor":40,"turns":3},{"damage":29,"enemies":"3 Darklings","floor":42,"turns":6},{"damage":16,"enemies":"Jaw Worm Horde","floor":45,"turns":4},{"damage":36,"enemies":"Reptomancer","floor":47,"turns":5},{"damage":16,"enemies":"Sphere and 2 Shapes","floor":48,"turns":4},{"damage":49,"enemies":"Time Eater","floor":50,"turns":8}],"seed_played":"-6631497304918597545","potions_obtained":[{"floor":3.0,"key":"DuplicationPotion"},{"floor":13.0,"key":"DuplicationPotion"},{"floor":14.0,"key":"FearPotion"},{"floor":16.0,"key":"ColorlessPotion"},{"floor":19.0,"key":"HeartOfIron"},{"floor":28.0,"key":"Swift Potion"},{"floor":29.0,"key":"DuplicationPotion"},{"floor":39,"key":"Dexterity Potion"},{"floor":42,"key":"Weak Potion"},{"floor":45,"key":"Strength Potion"}],"is_trial":false,"path_per_floor":["M","?","M","M","M","R","E","R","T","$","?","?","M","E","R","B",null,"M","M","?","M","?","R","E","$","T","M","M","E","M","?","R","B",null,"M","M","$","?","M","E","R","M","T","$","M","?","E","M","R","B",null],"character_chosen":"IRONCLAD","items_purchased":["Boot","Evolve","Medical Kit"],"campfire_rested":2,"item_purchase_floors":[10,25,37],"current_hp_per_floor":[71,71,71,70,76,76,52,52,52,52,45,45,31,39,63,30,69,64,58,58,57,57,57,43,43,43,42,45,42,50,50,50,38,77,76,81,81,81,76,77,89,82,82,82,74,74,61,53,95,83],"gold":138,"neow_bonus":"HUNDRED_GOLD","is_daily":false,"chose_seed":false,"campfire_upgraded":3,"win_rate":0.0,"timestamp":1609399129,"path_taken":["M","?","M","M","M","R","E","R","T","?","?","?","M","E","R","BOSS","M","?","?","?","?","R","E","$","T","M","M","E","M","?","R","BOSS","M","M","$","?","M","E","R","?","T","$","M","?","E","M","R","BOSS"],"items_purchased_type":["Relic","Card","Relic"],"build_version":"2020-12-22","purchased_purges":2,"victory":true,"max_hp_per_floor":[80,80,80,80,80,80,80,80,80,80,80,80,80,82,82,82,82,82,82,82,82,82,82,84,84,84,86,86,88,90,90,90,90,90,92,94,94,94,94,94,94,96,96,96,98,98,100,102,102,102],"card_choices":[{"not_picked":["Thunderclap","Perfected Strike"],"picked":"Sword Boomerang","floor":1.0},{"not_picked":["Sword Boomerang","Rupture"],"picked":"Spot Weakness","floor":3.0},{"not_picked":["Twin Strike","Armaments"],"picked":"Pommel Strike","floor":4.0},{"not_picked":["Rage","Wild Strike","Inflame"],"picked":"SKIP","floor":5.0},{"not_picked":["Anger+1","Barricade"],"picked":"Blood for Blood+1","floor":7.0},{"not_picked":["Cleave+1","Anger+1"],"picked":"Dropkick+1","floor":13.0},{"not_picked":["Ghostly Armor","Perfected Strike+1","Clothesline+1"],"picked":"Singing Bowl","floor":14.0},{"not_picked":["Double Tap","Brutality"],"picked":"Bludgeon+1","floor":16.0},{"not_picked":["Cleave+1","True Grit+1"],"picked":"Heavy Blade+1","floor":18.0},{"not_picked":["Anger+1","Havoc"],"picked":"Battle Trance+1","floor":19.0},{"not_picked":["Searing Blow+1","Headbutt+1"],"picked":"Power Through","floor":21.0},{"not_picked":["Iron Wave+1","Fire Breathing","Perfected Strike+1"],"picked":"Singing Bowl","floor":24.0},{"not_picked":["Cleave+1","Reckless Charge+1","Warcry+1"],"picked":"Singing Bowl","floor":27.0},{"not_picked":["Rampage+1","Clothesline+1"],"picked":"Uppercut+1","floor":28.0},{"not_picked":["Sword Boomerang+1","Blood for Blood+1","Headbutt+1"],"picked":"Singing Bowl","floor":29.0},{"not_picked":["Intimidate","Rupture+1","Second Wind"],"picked":"Singing Bowl","floor":30.0},{"not_picked":["Berserk","Juggernaut"],"picked":"Reaper+1","floor":33},{"not_picked":["True Grit+1","Hemokinesis+1","Warcry+1"],"picked":"Singing Bowl","floor":35},{"not_picked":["Anger+1","Warcry","Spot Weakness"],"picked":"Singing Bowl","floor":36},{"not_picked":["Dropkick+1","Metallicize"],"picked":"Heavy Blade+1","floor":39},{"not_picked":["Clash+1","Feel No Pain+1"],"picked":"Seeing Red+1","floor":40},{"not_picked":["Anger+1","Hemokinesis+1","Headbutt+1"],"picked":"Singing Bowl","floor":42},{"not_picked":["Anger+1","Thunderclap+1","Headbutt+1"],"picked":"Singing Bowl","floor":45},{"not_picked":["Feed+1","Iron Wave+1","Anger+1"],"picked":"Singing Bowl","floor":47},{"not_picked":["Thunderclap+1","Wild Strike+1","Havoc"],"picked":"Singing Bowl","floor":48},{"not_picked":["Sever Soul+1","Cleave+1"],"picked":"Shrug It Off+1","floor":49}],"player_experience":147147,"relics_obtained":[{"floor":7.0,"key":"Molten Egg 2"},{"floor":9.0,"key":"Singing Bowl"},{"floor":14.0,"key":"Shuriken"},{"floor":24.0,"key":"Thread and Needle"},{"floor":26.0,"key":"HornCleat"},{"floor":29.0,"key":"Shovel"},{"floor":32.0,"key":"PreservedInsect"},{"floor":40,"key":"Eternal Feather"},{"floor":41,"key":"Pantograph"},{"floor":47,"key":"Dream Catcher"}],"event_choices":[{"damage_healed":0.0,"max_hp_gain":0.0,"max_hp_loss":0.0,"gold_gain":0.0,"event_name":"Upgrade Shrine","player_choice":"Upgraded","floor":2.0,"gold_loss":0.0,"damage_taken":0.0,"cards_upgraded":["Bash"]},{"cards_removed":["Strike_R"],"damage_healed":0.0,"max_hp_gain":0.0,"max_hp_loss":0.0,"gold_gain":0.0,"event_name":"Golden Wing","player_choice":"Card Removal","floor":11.0,"gold_loss":0.0,"damage_taken":7.0},{"damage_healed":0.0,"max_hp_gain":0.0,"max_hp_loss":0.0,"gold_gain":0.0,"cards_transformed":["Defend_R"],"event_name":"Transmorgrifier","player_choice":"Transformed","floor":12.0,"gold_loss":0.0,"damage_taken":0.0,"cards_obtained":["Rampage"]},{"damage_healed":0.0,"max_hp_gain":0.0,"max_hp_loss":0.0,"gold_gain":0.0,"event_name":"The Joust","player_choice":"Bet on Murderer","floor":20.0,"gold_loss":50.0,"damage_taken":0.0},{"damage_healed":0.0,"max_hp_gain":0.0,"max_hp_loss":0.0,"gold_gain":0.0,"cards_transformed":["Strike_R","Strike_R"],"event_name":"Drug Dealer","player_choice":"Became Test Subject","floor":22.0,"gold_loss":0.0,"damage_taken":0.0,"cards_obtained":["Shockwave","Metallicize"]},{"damage_healed":0.0,"max_hp_gain":0.0,"max_hp_loss":0.0,"gold_gain":0.0,"event_name":"Addict","player_choice":"Obtained Relic","floor":31.0,"gold_loss":85.0,"damage_taken":0.0,"relics_obtained":["Bag of Marbles"]},{"damage_healed":0,"gold_gain":0,"player_choice":"Forge","damage_taken":0,"max_hp_gain":0,"max_hp_loss":0,"event_name":"Accursed Blacksmith","floor":38,"gold_loss":0,"cards_upgraded":["Evolve"]},{"cards_removed":["Evolve"],"damage_healed":0,"gold_gain":0,"player_choice":"Removed Power","damage_taken":0,"max_hp_gain":0,"max_hp_loss":0,"event_name":"Falling","floor":46,"gold_loss":0}],"is_beta":false,"boss_relics":[{"not_picked":["Busted Crown","SacredBark"],"picked":"Cursed Key"},{"not_picked":["Snecko Eye","Coffee Dripper"],"picked":"Fusion Hammer"}],"items_purged_floors":[10,25],"is_endless":false,"potions_floor_spawned":[3,13,14,16,19,28,29,30,39,42,45,47,48],"ascension_level":7}}