{"host":"3qkmyeoym75lj4wn","time":1609380636,"event":{"mods":["2.2 Compatiblity","Act Like it!","BaseMod","Bestiary","Block Reminder","Colored Powertips","Highlight Path","Minty Spire (QoL Compilation)","Permanent Neow","Rare Cards Sparkle","Relic Stats","StSLib"],"gold_per_floor":[369,386,67,80,42,42,55,55,107,133,149,179,179,179,179,179,179],"floor_reached":16,"playtime":395,"items_purged":[],"score":200,"play_id":"8ff625e7-4e68-4de5-893a-a0aee3dc5fb2","local_time":"20201231021036","is_ascension_mode":true,"campfire_choices":[{"data":"Deadly Poison","floor":6,"key":"SMITH"},{"data":"Dagger Spray","floor":8,"key":"SMITH"},{"floor":15,"key":"REST"}],"circlet_count":0,"master_deck":["AscendersBane","Strike_G","Strike_G","Strike_G","Strike_G","Strike_G","Defend_G","Defend_G","Defend_G","Defend_G","Defend_G","Survivor","Neutralize","Deadly Poison+1","All Out Attack","Dash","Cloak And Dagger","Dagger Spray+1","Backstab","Slice"],"relics":["Ring of the Snake","Matryoshka","Nunchaku","Bronze Scales","Shuriken","Golden Idol"],"acts_visited":["Exordium"],"potions_floor_usage":[16],"damage_taken":[{"damage":2,"enemies":"2 Louse","floor":1,"turns":4},{"damage":1,"enemies":"Small Slimes","floor":2,"turns":3},{"damage":0,"enemies":"Jaw Worm","floor":4,"turns":4},{"damage":0,"enemies":"3 Louse","floor":7,"turns":2},{"damage":33,"enemies":"Lagavulin","floor":10,"turns":9},{"damage":0,"enemies":"Looter","floor":11,"turns":3},{"damage":43,"enemies":"Slime Boss","floor":16,"turns":8}],"seed_played":"-6629146111526212154","potions_obtained":[{"floor":10,"key":"Dexterity Potion"},{"floor":11,"key":"LiquidMemories"}],"is_trial":false,"path_per_floor":["M","M","$","M","?","R","M","R","T","E","M","?","?","?","R","B"],"character_chosen":"THE_SILENT","items_purchased":["Matryoshka","Dash"],"campfire_rested":1,"item_purchase_floors":[3,3],"current_hp_per_floor":[57,56,56,56,56,56,56,56,56,23,23,23,23,23,39,0,0],"gold":179,"neow_bonus":"TWO_FIFTY_GOLD","is_daily":false,"chose_seed":false,"campfire_upgraded":2,"win_rate":0.0,"timestamp":1609380636,"path_taken":["M","M","$","M","?","R","M","R","T","E","M","?","?","?","R","BOSS"],"items_purchased_type":["Relic","Card"],"build_version":"2020-12-22","purchased_purges":0,"victory":false,"max_hp_per_floor":[60,60,60,60,60,60,60,60,60,60,60,60,60,54,54,54,54],"relic_stats":{"Nunchaku":[4],"counters":[7,33],"Shuriken":[6],"Golden Idol":0,"Bronze Scales":[30],"obtain_stats":[{"Nunchaku":9,"Matryoshka":3,"Shuriken":10,"Golden Idol":14,"Bronze Scales":9,"Ring of the Snake":0},{"Nunchaku":4,"Matryoshka":2,"Shuriken":5,"Golden Idol":6,"Bronze Scales":4,"Ring of the Snake":0},{"Nunchaku":13,"Matryoshka":7,"Shuriken":22,"Golden Idol":25,"Bronze Scales":13,"Ring of the Snake":0}],"Ring of the Snake":[14]},"card_choices":[{"not_picked":["Backflip","Flying Knee"],"picked":"Deadly Poison","floor":1},{"not_picked":["Dagger Throw","Sucker Punch"],"picked":"All Out Attack","floor":2},{"not_picked":["Finisher","Sucker Punch"],"picked":"Cloak And Dagger","floor":4},{"not_picked":["Deadly Poison","Slice"],"picked":"Dagger Spray","floor":7},{"not_picked":["Night Terror","Backflip"],"picked":"Backstab","floor":10},{"not_picked":["Dagger Spray","Flying Knee"],"picked":"Slice","floor":11}],"player_experience":1617240,"relics_obtained":[{"floor":9,"key":"Nunchaku"},{"floor":9,"key":"Bronze Scales"},{"floor":10,"key":"Shuriken"}],"event_choices":[{"damage_healed":0,"gold_gain":0,"player_choice":"Left Gold","damage_taken":0,"max_hp_gain":0,"max_hp_loss":0,"event_name":"World of Goop","floor":5,"gold_loss":38},{"damage_healed":0,"gold_gain":30,"player_choice":"Searched \u00271\u0027 times","damage_taken":0,"max_hp_gain":0,"max_hp_loss":0,"event_name":"Dead Adventurer","floor":12,"gold_loss":0},{"damage_healed":0,"gold_gain":0,"player_choice":"Ignored","damage_taken":0,"max_hp_gain":0,"max_hp_loss":0,"event_name":"Liars Game","floor":13,"gold_loss":0},{"damage_healed":0,"gold_gain":0,"player_choice":"Lose Max HP","damage_taken":0,"relics_obtained":["Golden Idol"],"max_hp_gain":0,"max_hp_loss":6,"event_name":"Golden Idol","floor":14,"gold_loss":0}],"is_beta":false,"boss_relics":[],"items_purged_floors":[],"is_endless":false,"potions_floor_spawned":[10,11],"killed_by":"Slime Boss","ascension_level":20}}