{"host":"ow66nzv2xecjoor3","time":1609399684,"event":{"mods":["BaseMod","Bestiary","Block Reminder","Colored Powertips","Curses Come First","Highlight Path","Keyboard Shortcuts","Minty Spire (QoL Compilation)","Permanent Neow","Relic Stats","StSLib","UnlockEverythingMod"],"gold_per_floor":[117,10,10,25,44,44,76,76,101,129,142,142,142,170,170,242,242,256,275,33,45,62,62,89,89,161,180,208,223,235,265,265,342,342,361,361,231,248,248,278,278,71,71,99,99,110,123,138,138,138,138,138],"floor_reached":51,"playtime":1719,"items_purged":["Strike_R","Strike_R","Strike_R"],"score":1674,"play_id":"e3e85334-ebee-4a35-a94f-ecfe83662b79","local_time":"20201231012804","is_ascension_mode":true,"campfire_choices":[{"data":"Bash","floor":6.0,"key":"SMITH"},{"data":"Demon Form","floor":8.0,"key":"SMITH"},{"floor":12.0,"key":"REST"},{"data":"Uppercut","floor":15.0,"key":"SMITH"},{"data":"Immolate","floor":23.0,"key":"SMITH"},{"data":"Impervious","floor":25.0,"key":"SMITH"},{"floor":32.0,"key":"REST"},{"floor":49.0,"key":"RECALL"}],"circlet_count":0,"master_deck":["AscendersBane","Strike_R","Strike_R","Defend_R","Defend_R","Defend_R","Bash+1","CurseOfTheBell","Infernal Blade","Sword Boomerang","Cleave","Rampage","Demon Form+1","Uppercut+1","Impervious+1","Immolate+1","Bludgeon","Impervious","Apotheosis","Dual Wield","Evolve"],"relics":["Calling Bell","Toy Ornithopter","Darkstone Periapt","FossilizedHelix","Bronze Scales","Red Skull","Matryoshka","Gremlin Horn","Snecko Eye","Lee\u0027s Waffle","Nunchaku","Smiling Mask","Paper Frog","Shovel","Pen Nib","SlaversCollar","Anchor","OrangePellets","Vajra","Bag of Preparation","PreservedInsect"],"acts_visited":["Exordium","TheCity","TheBeyond"],"potions_floor_usage":[51],"damage_taken":[{"damage":0.0,"enemies":"2 Louse","floor":1.0,"turns":4.0},{"damage":1.0,"enemies":"Cultist","floor":4.0,"turns":5.0},{"damage":0.0,"enemies":"Small Slimes","floor":5.0,"turns":3.0},{"damage":35.0,"enemies":"3 Sentries","floor":7.0,"turns":7.0},{"damage":31.0,"enemies":"Gremlin Nob","floor":10.0,"turns":4.0},{"damage":0.0,"enemies":"Looter","floor":11.0,"turns":2.0},{"damage":10.0,"enemies":"3 Sentries","floor":14.0,"turns":4.0},{"damage":14.0,"enemies":"Hexaghost","floor":16.0,"turns":6.0},{"damage":0.0,"enemies":"Chosen","floor":18.0,"turns":3.0},{"damage":5.0,"enemies":"Shell Parasite","floor":19.0,"turns":3.0},{"damage":0.0,"enemies":"Centurion and Healer","floor":21.0,"turns":5.0},{"damage":8.0,"enemies":"Snake Plant","floor":22.0,"turns":4.0},{"damage":25.0,"enemies":"Book of Stabbing","floor":24.0,"turns":3.0},{"damage":1.0,"enemies":"Snecko","floor":27.0,"turns":4.0},{"damage":0.0,"enemies":"Gremlin Leader","floor":28.0,"turns":3.0},{"damage":6.0,"enemies":"Shelled Parasite and Fungi","floor":29.0,"turns":3.0},{"damage":0.0,"enemies":"Snake Plant","floor":30.0,"turns":2.0},{"damage":19.0,"enemies":"Book of Stabbing","floor":31.0,"turns":4.0},{"damage":35.0,"enemies":"Automaton","floor":33.0,"turns":5.0},{"damage":0.0,"enemies":"3 Darklings","floor":35.0,"turns":4.0},{"damage":0.0,"enemies":"3 Shapes","floor":38.0,"turns":7.0},{"damage":0.0,"enemies":"Nemesis","floor":40.0,"turns":3.0},{"damage":0.0,"enemies":"Reptomancer","floor":44.0,"turns":4.0},{"damage":0.0,"enemies":"Writhing Mass","floor":46.0,"turns":4.0},{"damage":0.0,"enemies":"Transient","floor":47.0,"turns":6.0},{"damage":18.0,"enemies":"Spire Growth","floor":48.0,"turns":3.0},{"damage":54.0,"enemies":"Donu and Deca","floor":50.0,"turns":5.0},{"damage":24,"enemies":"Time Eater","floor":51,"turns":2}],"seed_played":"1349612994926110286","potions_obtained":[{"floor":3.0,"key":"PowerPotion"},{"floor":11.0,"key":"Fire Potion"},{"floor":16.0,"key":"EssenceOfSteel"},{"floor":21.0,"key":"GamblersBrew"},{"floor":27.0,"key":"Weak Potion"},{"floor":29.0,"key":"ColorlessPotion"},{"floor":33.0,"key":"Weak Potion"},{"floor":46.0,"key":"Energy Potion"},{"floor":48.0,"key":"Regen Potion"}],"is_trial":false,"path_per_floor":["M","$","?","M","M","R","E","R","T","E","M","R","?","E","R","B",null,"M","M","$","M","M","R","E","R","T","M","E","M","M","E","R","B",null,"M","?","$","M","?","E","?","$","T","E","T","M","M","M","R","B","B"],"character_chosen":"IRONCLAD","items_purchased":["AttackPotion","Sword Boomerang","Lee\u0027s Waffle","Dual Wield","OrangePellets"],"campfire_rested":2,"item_purchase_floors":[2,2,20,37,42],"current_hp_per_floor":[68,68,68,67,67,67,37,37,37,11,11,33,33,28,28,14,60,60,55,82,82,74,74,49,49,49,48,48,47,47,33,57,22,67,67,67,67,67,67,67,67,67,67,77,77,77,82,64,64,10,0,0],"gold":138,"neow_bonus":"BOSS_RELIC","is_daily":false,"chose_seed":false,"campfire_upgraded":5,"win_rate":0.0,"timestamp":1609399684,"path_taken":["M","$","?","?","M","R","E","R","T","E","M","R","?","E","R","BOSS","M","M","$","M","M","R","E","R","T","M","E","M","M","E","R","BOSS","M","?","$","M","?","E","?","$","T","E","?","?","M","M","R","BOSS","BOSS"],"items_purchased_type":["Potion","Card","Relic","Card","Relic"],"build_version":"2020-12-22","purchased_purges":3,"victory":false,"max_hp_per_floor":[75,75,75,75,75,75,75,75,75,75,75,75,75,75,75,75,75,75,75,82,82,82,82,82,82,82,82,82,82,82,82,82,82,82,82,82,82,82,82,82,82,82,82,82,82,82,82,82,82,82,82,82],"relic_stats":{"Darkstone Periapt":0,"Lee\u0027s Waffle":27,"Gremlin Horn":[18,18],"counters":[28,112],"Pen Nib":[10],"PreservedInsect":0,"Bag of Preparation":[10],"Smiling Mask":125,"OrangePellets":[3],"Nunchaku":[13],"Shovel":0,"Bronze Scales":[271],"Snecko Eye":[123,102,110,110],"obtain_stats":[{"Darkstone Periapt":0,"Lee\u0027s Waffle":20,"Gremlin Horn":14,"Vajra":43,"Pen Nib":31,"PreservedInsect":45,"Bag of Preparation":44,"Smiling Mask":26,"Burning Blood":0,"Calling Bell":0,"SlaversCollar":34,"OrangePellets":42,"Nunchaku":24,"Anchor":40,"Matryoshka":10,"Shovel":28,"Bronze Scales":7,"Snecko Eye":17,"Toy Ornithopter":0,"FossilizedHelix":0,"Red Skull":9,"Paper Frog":26},{"Darkstone Periapt":0,"Lee\u0027s Waffle":10,"Gremlin Horn":7,"Vajra":22,"Pen Nib":18,"PreservedInsect":23,"Bag of Preparation":23,"Smiling Mask":13,"Burning Blood":0,"Calling Bell":0,"SlaversCollar":19,"OrangePellets":22,"Nunchaku":13,"Anchor":22,"Matryoshka":5,"Shovel":15,"Bronze Scales":4,"Snecko Eye":8,"Toy Ornithopter":0,"FossilizedHelix":0,"Red Skull":4,"Paper Frog":13},{"Darkstone Periapt":0,"Lee\u0027s Waffle":41,"Gremlin Horn":29,"Vajra":88,"Pen Nib":69,"PreservedInsect":92,"Bag of Preparation":92,"Smiling Mask":53,"Burning Blood":0,"Calling Bell":0,"SlaversCollar":74,"OrangePellets":88,"Nunchaku":53,"Anchor":88,"Matryoshka":23,"Shovel":60,"Bronze Scales":19,"Snecko Eye":35,"Toy Ornithopter":0,"FossilizedHelix":0,"Red Skull":19,"Paper Frog":53}],"Toy Ornithopter":45},"card_choices":[{"not_picked":["Thunderclap","Clash"],"picked":"Infernal Blade","floor":1.0},{"not_picked":["Havoc","Clash"],"picked":"Cleave","floor":4.0},{"not_picked":["Sword Boomerang","Sentinel"],"picked":"Rampage","floor":5.0},{"not_picked":["Inflame","Wild Strike"],"picked":"Demon Form","floor":7.0},{"not_picked":["Iron Wave","Body Slam","Power Through"],"picked":"SKIP","floor":10.0},{"not_picked":["Iron Wave","Headbutt"],"picked":"Uppercut","floor":11.0},{"not_picked":["Carnage","Barricade","Thunderclap"],"picked":"SKIP","floor":14.0},{"not_picked":["Double Tap","Feed"],"picked":"Impervious","floor":16.0},{"not_picked":["Twin Strike","Flex+1","Anger"],"picked":"SKIP","floor":18.0},{"not_picked":["Bloodletting","Sword Boomerang","Iron Wave"],"picked":"SKIP","floor":19.0},{"not_picked":["Power Through","True Grit"],"picked":"Immolate","floor":21.0},{"not_picked":["Cleave","Sever Soul","Thunderclap+1"],"picked":"SKIP","floor":22.0},{"not_picked":["Havoc","Hemokinesis+1","Pommel Strike"],"picked":"SKIP","floor":24.0},{"not_picked":["Rampage","Carnage","Perfected Strike"],"picked":"SKIP","floor":27.0},{"not_picked":["Wild Strike","Intimidate","Dropkick"],"picked":"SKIP","floor":28.0},{"not_picked":["Rage","True Grit"],"picked":"Bludgeon","floor":29.0},{"not_picked":["True Grit","Armaments","Body Slam+1"],"picked":"SKIP","floor":30.0},{"not_picked":["Evolve","Headbutt","True Grit"],"picked":"SKIP","floor":31.0},{"not_picked":["Immolate","Feed"],"picked":"Impervious","floor":33.0},{"not_picked":["Anger","Sever Soul","Warcry"],"picked":"SKIP","floor":35.0},{"not_picked":["Finesse","Forethought"],"picked":"Apotheosis","floor":36.0},{"not_picked":["Burning Pact","Cleave","Intimidate"],"picked":"SKIP","floor":38.0},{"not_picked":["Reckless Charge","Rampage","Inflame"],"picked":"SKIP","floor":40.0},{"not_picked":["Warcry","True Grit","Shrug It Off"],"picked":"SKIP","floor":44.0},{"not_picked":["True Grit","Pummel+1"],"picked":"Evolve","floor":46.0},{"not_picked":["Dropkick","Body Slam","Thunderclap"],"picked":"SKIP","floor":47.0},{"not_picked":["Thunderclap+1","Body Slam","Wild Strike+1"],"picked":"SKIP","floor":48.0}],"player_experience":2676574,"relics_obtained":[{"floor":0.0,"key":"Toy Ornithopter"},{"floor":0.0,"key":"Darkstone Periapt"},{"floor":0.0,"key":"FossilizedHelix"},{"floor":7.0,"key":"Bronze Scales"},{"floor":9.0,"key":"Red Skull"},{"floor":10.0,"key":"Matryoshka"},{"floor":14.0,"key":"Gremlin Horn"},{"floor":24.0,"key":"Nunchaku"},{"floor":26.0,"key":"Smiling Mask"},{"floor":26.0,"key":"Paper Frog"},{"floor":28.0,"key":"Shovel"},{"floor":31.0,"key":"Pen Nib"},{"floor":40.0,"key":"Anchor"},{"floor":43.0,"key":"Vajra"},{"floor":44.0,"key":"Bag of Preparation"},{"floor":45.0,"key":"PreservedInsect"}],"event_choices":[{"damage_healed":0.0,"max_hp_gain":0.0,"max_hp_loss":0.0,"gold_gain":0.0,"event_name":"Lab","player_choice":"Got Potions","floor":3.0,"gold_loss":0.0,"damage_taken":0.0},{"damage_healed":0.0,"max_hp_gain":0.0,"max_hp_loss":0.0,"gold_gain":0.0,"event_name":"Dead Adventurer","player_choice":"Searched \u00271\u0027 times","floor":13.0,"gold_loss":0.0,"damage_taken":0.0},{"damage_healed":0.0,"max_hp_gain":0.0,"max_hp_loss":0.0,"gold_gain":0.0,"event_name":"SensoryStone","player_choice":"Memory 1","floor":36.0,"gold_loss":0.0,"damage_taken":0.0},{"damage_healed":0.0,"max_hp_gain":0.0,"max_hp_loss":0.0,"gold_gain":0.0,"event_name":"Tomb of Lord Red Mask","player_choice":"Ignored","floor":39.0,"gold_loss":0.0,"damage_taken":0.0},{"cards_removed":["Defend_R"],"damage_healed":0.0,"max_hp_gain":0.0,"max_hp_loss":0.0,"gold_gain":0.0,"event_name":"Falling","player_choice":"Removed Skill","floor":41.0,"gold_loss":0.0,"damage_taken":0.0}],"is_beta":false,"boss_relics":[{"not_picked":["Velvet Choker","Ectoplasm"],"picked":"Snecko Eye"},{"not_picked":["Runic Pyramid","Black Star"],"picked":"SlaversCollar"}],"items_purged_floors":[20,37,42],"is_endless":false,"potions_floor_spawned":[4,5,11,16,21,27,29,33,40,46,48],"killed_by":"Time Eater","ascension_level":20}}