{"host":"9whf1n4a9wpiw119","time":1609414542,"event":{"mods":["Aspiration","BaseMod","Beaked The Cultist","Better Altar","Better Note","Better Skull","Better Third Choice","Challenge The Spire","Colored Map","Colored Powertips","Conspire","Emptier Cage","Energized Spire","GifTheSpireLib","Halation","Hermit","Highlight Path","Hubris","Infinite Spire","Marked Mod","Minty Spire (QoL Compilation)","Quick Restart","Rare Cards Sparkle","Relic Stats","Replay The Spire","Retaliation","Shop Mod","Spikes Relics","StSLib","Stuff the Spire","SuperFastMode","Synergy Search","The Construct"],"gold_per_floor":[116,132,150,14,34,34,34],"floor_reached":6,"playtime":288,"items_purged":[],"score":57,"play_id":"d9e62f7e-9a9c-4048-be3a-b5f7b6bbaf54","local_time":"20201231143542","is_ascension_mode":true,"campfire_choices":[],"circlet_count":0,"master_deck":["AscendersBane","Strike_G","Strike_G","Strike_G","Strike_G","Strike_G","Defend_G","Defend_G","Defend_G","Defend_G","Defend_G","Survivor","Neutralize","Endless Agony","Cloak And Dagger","Blade Dance","ReplayTheSpireMod:Scrap Shanks+1","Replay:BasicMightCard","Dagger Throw"],"relics":["Ring of the Snake","aspiration:Nostalgia","hermit:Momento"],"acts_visited":["Exordium"],"potions_floor_usage":[],"damage_taken":[{"damage":15,"enemies":"infinitespire:Voidling","floor":1,"turns":5},{"damage":6,"enemies":"Cultist","floor":2,"turns":4},{"damage":7,"enemies":"Small Slimes","floor":3,"turns":5},{"damage":30,"enemies":"Gremlin Gang","floor":5,"turns":6},{"damage":7,"enemies":"Gremlin Nob","floor":6,"turns":2}],"seed_played":"-43861337218004977","potions_obtained":[{"floor":3,"key":"Venom Potion"}],"is_trial":false,"path_per_floor":["M","M","M","$","M","E"],"character_chosen":"THE_SILENT","items_purchased":["ReplayTheSpireMod:Scrap Shanks+1","Replay:BasicMightCard"],"campfire_rested":0,"item_purchase_floors":[4,4],"current_hp_per_floor":[48,42,35,35,5,0,0],"gold":34,"neow_bonus":"NOSTALGIA","is_daily":false,"chose_seed":false,"campfire_upgraded":0,"win_rate":0.0,"timestamp":1609414542,"path_taken":["M","M","?","$","M","E"],"items_purchased_type":["Card","Card"],"build_version":"2020-12-22","purchased_purges":0,"victory":false,"max_hp_per_floor":[70,70,70,70,70,70,70],"relic_stats":{"counters":[5,22],"obtain_stats":[{"aspiration:Nostalgia":0,"hermit:Momento":0,"Ring of the Snake":0},{"aspiration:Nostalgia":0,"hermit:Momento":0,"Ring of the Snake":0},{"aspiration:Nostalgia":0,"hermit:Momento":0,"Ring of the Snake":0}],"Ring of the Snake":[10]},"card_choices":[{"not_picked":["Prepared","ReplayTheSpireMod:Tripwire"],"picked":"Endless Agony","floor":1},{"not_picked":["StuffTheSpire:DoubleShiv","Deadly Poison"],"picked":"Cloak And Dagger","floor":2},{"not_picked":["Deflect","Outmaneuver"],"picked":"Blade Dance","floor":3},{"not_picked":["hubris:SlightOfHand","Dagger Spray"],"picked":"Dagger Throw","floor":5}],"player_experience":1071485,"relics_obtained":[],"event_choices":[],"is_beta":false,"boss_relics":[],"items_purged_floors":[],"is_endless":false,"potions_floor_spawned":[3],"killed_by":"Gremlin Nob","ascension_level":10}}