{"host":"vh33hu3wddwn6yt6","time":1609433427,"event":{"mods":["AchievementEnabler","Act Like it!","Aspiration","BaseMod","Better Altar","Better Match","Better Note","Better Sensory Stone","Better Skull","Better Third Choice","BetterRewards","Downfall","Hermit","Hubris","Infinite Spire","Minty Spire (QoL Compilation)","Permanent Neow","Replay The Spire","Shade Mod","Shop Mod","Spicy Shops","StSLib","SuperFastMode","The Blackbeard","The Necromancer","The Runesmith","The Servant 0.9.4","TheBandit","Wandering Minibosses"],"gold_per_floor":[99,111,131,116,172,203,257,257,257],"floor_reached":8,"playtime":297,"items_purged":[],"score":57,"play_id":"0703379e-7263-457e-9155-29d9285d2263","local_time":"20201231175027","is_ascension_mode":true,"campfire_choices":[{"floor":1.0,"key":"RECALL"}],"circlet_count":0,"master_deck":["hermit:Strike_Hermit","hermit:Strike_Hermit","hermit:Strike_Hermit","hermit:Strike_Hermit","hermit:Defend_Hermit","hermit:Defend_Hermit","hermit:Defend_Hermit","hermit:Defend_Hermit","hermit:Snapshot","hermit:Covet","hermit:ItchyTrigger","hermit:TrackingShot","hermit:HighNoon","hermit:WideOpen"],"relics":["hermit:Momento","aspiration:FetidBarrel","hermit:Spyglass"],"acts_visited":["Exordium"],"potions_floor_usage":[8],"damage_taken":[{"damage":0.0,"enemies":"Small Slimes","floor":2.0,"turns":4.0},{"damage":1.0,"enemies":"2 Louse","floor":3.0,"turns":3.0},{"damage":5.0,"enemies":"downfall:FleeingMerchant","floor":4.0,"turns":4.0},{"damage":24,"enemies":"Gremlin Nob","floor":5,"turns":4},{"damage":18,"enemies":"Gremlin Nob","floor":6,"turns":4},{"damage":35,"enemies":"Lagavulin","floor":8,"turns":7}],"seed_played":"7919744795749478463","potions_obtained":[{"floor":6,"key":"Venom Potion"}],"is_trial":false,"path_per_floor":["R","M","M","$","?","E","T","E"],"character_chosen":"HERMIT","items_purchased":[],"campfire_rested":0,"item_purchase_floors":[],"current_hp_per_floor":[82,82,81,76,52,34,34,0,0],"gold":257,"neow_bonus":"TEN_PERCENT_HP_BONUS","is_daily":false,"chose_seed":false,"campfire_upgraded":0,"win_rate":0.0,"timestamp":1609433427,"path_taken":["R","M","M","$","?","E","T","E"],"items_purchased_type":[],"build_version":"2020-12-22","purchased_purges":0,"victory":false,"max_hp_per_floor":[82,82,82,82,82,82,82,82,82],"card_choices":[{"not_picked":["hermit:Roulette","hermit:SprayPray"],"picked":"hermit:ItchyTrigger","floor":2.0},{"not_picked":["hermit:Feint","hermit:Manifest"],"picked":"hermit:TrackingShot","floor":3.0},{"not_picked":["hermit:Ricochet","hermit:Manifest"],"picked":"hermit:HighNoon","floor":4.0},{"not_picked":["hermit:Dive","hermit:EyeOfTheStorm"],"picked":"hermit:WideOpen","floor":5},{"not_picked":["hermit:HoleUp","hermit:BodyArmor","hermit:CalledShot"],"picked":"SKIP","floor":6}],"player_experience":615204,"relics_obtained":[{"floor":5,"key":"aspiration:FetidBarrel"},{"floor":6,"key":"hermit:Spyglass"}],"event_choices":[],"is_beta":false,"boss_relics":[],"items_purged_floors":[],"is_endless":false,"potions_floor_spawned":[6],"killed_by":"Lagavulin","ascension_level":1}}