{"host":"daa8jqyg4gqfaysm","time":1609436716,"event":{"mods":["BaseMod","Colored Powertips","Minty Spire (QoL Compilation)","StSLib"],"gold_per_floor":[109,125,125,143,143,143,153,178,257,273,273,298,298,332,332,406,406,423,433,185,185,185],"floor_reached":21,"playtime":764,"items_purged":["Strike_G"],"score":358,"play_id":"f2f2ba36-027d-440f-9cc0-52135c636560","local_time":"20210101014516","is_ascension_mode":true,"campfire_choices":[{"data":"Neutralize","floor":6,"key":"SMITH"},{"data":"Crippling Poison","floor":11,"key":"SMITH"},{"floor":13,"key":"REST"},{"data":"Dagger Spray","floor":15,"key":"SMITH"}],"circlet_count":0,"master_deck":["AscendersBane","Strike_G","Strike_G","Strike_G","Strike_G","Defend_G","Defend_G","Defend_G","Defend_G","Defend_G","Survivor","Neutralize+1","Dash+1","Quick Slash","Catalyst","Acrobatics","Envenom","Crippling Poison+1","Dagger Spray+1","Corpse Explosion","PiercingWail","Backflip","Escape Plan","Well Laid Plans"],"relics":["Sozu","Gambling Chip","Omamori","Pantograph","Mummified Hand","HoveringKite"],"acts_visited":["Exordium","TheCity"],"potions_floor_usage":[],"damage_taken":[{"damage":0,"enemies":"Jaw Worm","floor":1,"turns":5},{"damage":0,"enemies":"Cultist","floor":2,"turns":3},{"damage":0,"enemies":"2 Louse","floor":4,"turns":2},{"damage":1,"enemies":"Exordium Wildlife","floor":7,"turns":5},{"damage":15,"enemies":"3 Sentries","floor":8,"turns":10},{"damage":2,"enemies":"Large Slime","floor":10,"turns":6},{"damage":24,"enemies":"Gremlin Nob","floor":12,"turns":5},{"damage":12,"enemies":"3 Sentries","floor":14,"turns":6},{"damage":27,"enemies":"Hexaghost","floor":16,"turns":8},{"damage":19,"enemies":"Chosen","floor":18,"turns":5},{"damage":27,"enemies":"Spheric Guardian","floor":19,"turns":7},{"damage":0,"enemies":"Snecko","floor":21,"turns":4}],"seed_played":"5898595228928377074","potions_obtained":[],"is_trial":false,"path_per_floor":["M","M","?","M","?","R","M","E","T","M","R","E","R","E","R","B",null,"M","M","$","M"],"character_chosen":"THE_SILENT","items_purchased":["Backflip","Escape Plan","Well Laid Plans"],"campfire_rested":1,"item_purchase_floors":[20,20,20],"current_hp_per_floor":[59,59,48,48,48,48,47,32,32,30,30,6,25,13,13,11,52,33,6,6,6,6],"gold":185,"neow_bonus":"BOSS_RELIC","is_daily":false,"chose_seed":false,"campfire_upgraded":3,"win_rate":0.0,"timestamp":1609436716,"path_taken":["M","M","?","M","?","R","M","E","T","M","R","E","R","E","R","BOSS","M","M","$","M"],"items_purchased_type":["Card","Card","Card"],"build_version":"2020-12-22","purchased_purges":1,"victory":false,"max_hp_per_floor":[66,66,66,66,66,66,66,66,66,66,66,66,66,66,66,66,66,66,66,66,66,66],"card_choices":[{"not_picked":["Deflect","Heel Hook"],"picked":"Dash","floor":1},{"not_picked":["Dash","Bane"],"picked":"Quick Slash","floor":2},{"not_picked":["Deflect","Blade Dance"],"picked":"Catalyst","floor":4},{"not_picked":["Quick Slash","Expertise"],"picked":"Acrobatics","floor":7},{"not_picked":["Deadly Poison","Poisoned Stab"],"picked":"Envenom","floor":8},{"not_picked":["Dagger Throw","Dagger Spray"],"picked":"Crippling Poison","floor":10},{"not_picked":["Cloak And Dagger","Predator"],"picked":"Dagger Spray","floor":12},{"not_picked":["Skewer","Cloak And Dagger","Outmaneuver"],"picked":"SKIP","floor":14},{"not_picked":["Night Terror","Phantasmal Killer"],"picked":"Corpse Explosion","floor":16},{"not_picked":["Blade Dance","Blur"],"picked":"PiercingWail","floor":18},{"not_picked":["Distraction","Slice","Caltrops"],"picked":"SKIP","floor":19}],"player_experience":765393,"relics_obtained":[{"floor":8,"key":"Omamori"},{"floor":12,"key":"Pantograph"},{"floor":14,"key":"Mummified Hand"}],"event_choices":[{"damage_healed":0,"gold_gain":0,"player_choice":"Success","damage_taken":11,"relics_obtained":["Gambling Chip"],"max_hp_gain":0,"max_hp_loss":0,"event_name":"Scrap Ooze","floor":3,"gold_loss":0},{"damage_healed":0,"gold_gain":0,"player_choice":"Upgraded","damage_taken":0,"max_hp_gain":0,"max_hp_loss":0,"event_name":"Upgrade Shrine","floor":5,"gold_loss":0,"cards_upgraded":["Dash"]}],"is_beta":false,"boss_relics":[{"not_picked":["Coffee Dripper","SacredBark"],"picked":"HoveringKite"}],"items_purged_floors":[20],"is_endless":false,"potions_floor_spawned":[2,7,10,14,19],"killed_by":"Snecko","ascension_level":16}}