{"host":"rvgqag7mtxu5qaaz","time":1609447945,"event":{"mods":["AchievementEnabler","BaseMod","Downfall","Hermit","Hubris","Minty Spire (QoL Compilation)","Replay The Spire","StSLib","SuperFastMode","The Animator","The Construct","The Cursed","The Disciple","The Necromancer"],"gold_per_floor":[99,112,124,144,319,338,413,413,413,427,438,438,451,124,141,141,141,141],"floor_reached":16,"playtime":973,"items_purged":["Regret"],"score":96,"play_id":"30d69884-5175-4237-abe1-c105b01fc211","local_time":"20201231155225","is_ascension_mode":false,"campfire_choices":[{"data":"Slimebound:Split","floor":1,"key":"SMITH"},{"floor":12,"key":"REST"}],"circlet_count":0,"master_deck":["Slimebound:Strike_Slimebound","Slimebound:Strike_Slimebound","Slimebound:Strike_Slimebound","Slimebound:Tackle","Slimebound:Defend_Slimebound","Slimebound:Defend_Slimebound","Slimebound:Defend_Slimebound","Slimebound:Defend_Slimebound","Slimebound:Split+1","Slimebound:CorrosiveSpit+1","Slimebound:PressTheAttack","Slimebound:Repurpose+1","Slimebound:Equalize","Doubt","Slimebound:GrowthPunch+1","Regret","Slimebound:FirmFortitude","Slimebound:ForwardTackle+1","Slimebound:SlimeTap","Slimebound:LeechEnergy+1","Slimebound:OneTwoCombo+1","Slimebound:LeadByExample","Slimebound:LeechLife+1"],"relics":["Slimebound:AbsorbEndCombat","Molten Egg 2","Counterbalance"],"acts_visited":["Exordium"],"potions_floor_usage":[14,14,16],"damage_taken":[{"damage":9,"enemies":"Cultist","floor":2,"turns":4},{"damage":10,"enemies":"2 Louse","floor":3,"turns":3},{"damage":14,"enemies":"Jaw Worm","floor":4,"turns":3},{"damage":22,"enemies":"Blue Slaver","floor":6,"turns":4},{"damage":44,"enemies":"Exordium Thugs","floor":10,"turns":6},{"damage":14,"enemies":"3 Louse","floor":11,"turns":3},{"damage":24,"enemies":"Blue Slaver","floor":13,"turns":4},{"damage":15,"enemies":"downfall:FleeingMerchant","floor":14,"turns":4},{"damage":15,"enemies":"Large Slime","floor":15,"turns":5},{"damage":100,"enemies":"downfall:Defect","floor":16,"turns":8}],"seed_played":"7315098137980391890","potions_obtained":[{"floor":3,"key":"AttackPotion"},{"floor":4,"key":"Slimebound:SpawnSlimePotion"},{"floor":10,"key":"LifebloodPotion"},{"floor":13,"key":"PowerPotion"}],"is_trial":false,"path_per_floor":["R","M","M","M","?","M","T","?","?","M","M","R","M","$","M","B"],"character_chosen":"SLIMEBOUND","items_purchased":["Slimebound:OneTwoCombo+1","Slimebound:LeadByExample"],"campfire_rested":1,"item_purchase_floors":[14,14],"current_hp_per_floor":[66,66,64,64,64,54,54,54,54,28,26,45,41,62,66,0,0,0],"gold":141,"neow_bonus":"TEN_PERCENT_HP_BONUS","is_daily":false,"chose_seed":false,"campfire_upgraded":1,"win_rate":0.0,"timestamp":1609447945,"path_taken":["R","M","M","?","?","M","T","?","?","M","M","R","?","$","M","BOSS"],"items_purchased_type":["Card","Card"],"build_version":"2020-12-22","purchased_purges":1,"victory":false,"max_hp_per_floor":[66,66,66,66,66,66,66,66,66,66,66,66,66,66,66,66,66,66],"card_choices":[{"not_picked":["Slimebound:Schlurp","Slimebound:SplitAcid"],"picked":"Slimebound:PressTheAttack","floor":2},{"not_picked":["Slimebound:RejuvenatingLick","Slimebound:GrowthPunch"],"picked":"Slimebound:Repurpose","floor":3},{"not_picked":["Slimebound:SlimeSpikes","Slimebound:GoopSpray"],"picked":"Slimebound:Equalize","floor":4},{"not_picked":["Slimebound:FlameTackle","Slimebound:SamplingLick"],"picked":"Slimebound:GrowthPunch","floor":6},{"not_picked":["Slimebound:FinishingTackle+1","Slimebound:SamplingLick"],"picked":"Slimebound:FirmFortitude","floor":10},{"not_picked":["Slimebound:LeechEnergy+1","Slimebound:SamplingLick"],"picked":"Slimebound:ForwardTackle+1","floor":11},{"not_picked":["Slimebound:Gluttony","Slimebound:RejuvenatingLick"],"picked":"Slimebound:SlimeTap","floor":13},{"not_picked":["Slimebound:PressTheAttack+1","Slimebound:ItLooksTasty+1"],"picked":"Slimebound:LeechEnergy+1","floor":14},{"not_picked":["Slimebound:Equalize+1","Slimebound:MegaLick"],"picked":"Slimebound:LeechLife+1","floor":15}],"player_experience":338988,"relics_obtained":[{"floor":7,"key":"Molten Egg 2"}],"event_choices":[{"damage_healed":0,"gold_gain":0,"player_choice":"Box","damage_taken":0,"relics_obtained":["Counterbalance"],"max_hp_gain":0,"max_hp_loss":0,"event_name":"Big Fish","floor":9,"gold_loss":0,"cards_obtained":["Regret"]}],"is_beta":false,"boss_relics":[],"items_purged_floors":[14],"is_endless":false,"potions_floor_spawned":[3,4,10,13],"killed_by":"downfall:Defect","ascension_level":0}}