{"host":"tq7pufgtqftqw8yr","time":1609408441,"event":{"mods":["BaseMod","Downfall","Minty Spire (QoL Compilation)","StSLib"],"gold_per_floor":[99,99,99,99,99,24,100,200,226,27,27,62,62,82,96,193,193,193,193,193,193,193,193,193,193,193,193,193,193,193,193,193,193,193,193,193,193,193,193,193,193,193,193,33,33,33,33,33,33,33],"floor_reached":51,"playtime":4458,"items_purged":[],"score":729,"play_id":"a862013b-76f8-4a4c-8470-03c2b1140ae9","local_time":"20201231175401","is_ascension_mode":true,"campfire_choices":[{"floor":1,"key":"RECALL"},{"floor":6,"key":"REST"},{"data":"Slimebound:CorrosiveSpit","floor":11,"key":"SMITH"},{"data":"Slimebound:DuplicatedForm","floor":18,"key":"SMITH"},{"data":"Slimebound:LevelUp","floor":25,"key":"SMITH"},{"floor":28,"key":"REST"},{"data":"Slimebound:Chomp","floor":35,"key":"SMITH"},{"floor":43,"key":"REST"},{"floor":46,"key":"REST"}],"circlet_count":0,"master_deck":["Slimebound:Tackle+1","Slimebound:Defend_Slimebound","Slimebound:Defend_Slimebound","Slimebound:Defend_Slimebound","Slimebound:Split+1","Slimebound:CorrosiveSpit+1","Slimebound:LeechEnergy+1","Slimebound:Schlurp","Slimebound:LeechLife","Slimebound:OozeBath","Slimebound:SlimeSpikes","Slimebound:SpikyOuterGoop","Slimebound:SplitMire+1","Slimebound:RejuvenatingLick+1","Slimebound:DuplicatedForm+1","Slimebound:SlimeSpikes+1","Slimebound:SlimeBarrage+1","Slimebound:SplitLeeching+1","Slimebound:Tackle+1","Slimebound:Tackle+1","Slimebound:Tackle+1","Slimebound:LevelUp+1","Slimebound:Repurpose+1","Slimebound:SplitLeeching+1","Slimebound:PressTheAttack","Slimebound:GrowthPunch+1","Slimebound:Chomp+1","Slimebound:OozeBath+1","Slimebound:Repurpose+1","Slimebound:Darklings+1","Slimebound:SplitSpecialist+1","Slimebound:MinionMaster","Slimebound:SlimeSpikes+1","Slimebound:SplitSpecialist+1"],"relics":["Slimebound:AbsorbEndCombatUpgraded","downfall:HeartsMalice","downfall:ShatteredFragment","downfall:HeartBlessingRed","Blue Candle","Bottled Lightning","Slimebound:SelfDamagePreventRelic","Toxic Egg 2","downfall:Hecktoplasm","PreservedInsect","Omamori","Bird Faced Urn","Gambling Chip","CaptainsWheel","Mummified Hand","Pen Nib"],"acts_visited":["Exordium","TheCity","TheBeyond"],"potions_floor_usage":[14,15,15,26,38,38,42,50,50,50],"damage_taken":[{"damage":0,"enemies":"2 Louse","floor":2,"turns":1},{"damage":0,"enemies":"Small Slimes","floor":4,"turns":1},{"damage":0,"enemies":"downfall:Heads","floor":8,"turns":1},{"damage":43,"enemies":"Gremlin Nob","floor":9,"turns":4},{"damage":8,"enemies":"downfall:FleeingMerchant","floor":10,"turns":4},{"damage":15,"enemies":"Lagavulin","floor":12,"turns":5},{"damage":0,"enemies":"Jaw Worm","floor":14,"turns":1},{"damage":12,"enemies":"Exordium Wildlife","floor":15,"turns":3},{"damage":13,"enemies":"downfall:Watcher","floor":16,"turns":8},{"damage":34,"enemies":"Shell Parasite","floor":19,"turns":4},{"damage":29,"enemies":"3 Byrds","floor":20,"turns":3},{"damage":36,"enemies":"Centurion and Healer","floor":21,"turns":4},{"damage":55,"enemies":"Slavers","floor":26,"turns":3},{"damage":29,"enemies":"Snake Plant","floor":29,"turns":4},{"damage":31,"enemies":"Gremlin Leader","floor":30,"turns":4},{"damage":34,"enemies":"Chosen and Byrds","floor":31,"turns":4},{"damage":36,"enemies":"Snecko","floor":32,"turns":3},{"damage":55,"enemies":"downfall:Defect","floor":33,"turns":7},{"damage":36,"enemies":"3 Shapes","floor":38,"turns":5},{"damage":50,"enemies":"Mind Bloom Boss Battle","floor":40,"turns":6},{"damage":82,"enemies":"Reptomancer","floor":42,"turns":5},{"damage":39,"enemies":"downfall:FleeingMerchant","floor":44,"turns":4},{"damage":31,"enemies":"downfall:FleeingMerchant","floor":45,"turns":3},{"damage":13,"enemies":"Orb Walker","floor":47,"turns":3},{"damage":17,"enemies":"Sphere and 2 Shapes","floor":48,"turns":3},{"damage":50,"enemies":"Maw","floor":49,"turns":6},{"damage":88,"enemies":"downfall:Silent","floor":50,"turns":7}],"seed_played":"-2972258017186092806","potions_obtained":[{"floor":9,"key":"Fire Potion"},{"floor":12,"key":"Fire Potion"},{"floor":14,"key":"Fire Potion"},{"floor":16,"key":"Slimebound:ThreeZeroPotion"},{"floor":19,"key":"SpeedPotion"},{"floor":21,"key":"AttackPotion"},{"floor":31,"key":"Swift Potion"},{"floor":32,"key":"Explosive Potion"},{"floor":40,"key":"Regen Potion"},{"floor":42,"key":"LiquidBronze"},{"floor":48,"key":"Energy Potion"}],"is_trial":false,"path_per_floor":["R","M","?","M","?","R","T","?","E","$","R","E","?","M","M","B",null,"R","M","M","M","?","?","T","R","E","?","R","M","E","M","M","B",null,"R","?","?","M","?","?","T","E","R","?","$","R","M","M","M","B",null],"character_chosen":"SLIMEBOUND","items_purchased":["Slimebound:SelfDamagePreventRelic","Slimebound:SpikyOuterGoop","Pen Nib"],"campfire_rested":4,"item_purchase_floors":[10,10,44],"current_hp_per_floor":[60,60,60,60,42,60,60,60,29,47,47,57,57,60,60,60,60,60,60,60,60,60,60,60,60,56,46,65,61,65,61,57,54,65,65,65,65,58,58,47,47,46,65,65,57,65,63,65,65,56],"gold":33,"neow_bonus":"THREE_ENEMY_KILL","is_daily":false,"chose_seed":false,"campfire_upgraded":4,"win_rate":0.0,"timestamp":1609408441,"path_taken":["R","M","?","M","?","R","T","?","E","$","R","E","?","?","M","BOSS","R","M","M","M","?","?","T","R","E","?","R","M","E","M","M","BOSS","R","?","?","M","?","?","T","E","R","?","$","R","?","M","M","BOSS"],"items_purchased_type":["Relic","Card","Relic"],"build_version":"2020-12-22","purchased_purges":0,"victory":true,"max_hp_per_floor":[60,60,60,60,60,60,60,60,60,60,60,60,60,60,60,60,60,60,60,60,60,60,60,60,60,60,65,65,65,65,65,65,65,65,65,65,65,65,65,65,65,65,65,65,65,65,65,65,65,65],"card_choices":[{"not_picked":["Slimebound:SplitBruiser","Slimebound:PressTheAttack"],"picked":"Slimebound:LeechEnergy","floor":2},{"not_picked":["Slimebound:GoopSpray","Slimebound:BestDefense"],"picked":"Slimebound:Schlurp","floor":4},{"not_picked":["Slimebound:LeechingTouch","Slimebound:GoopSpray"],"picked":"Slimebound:OozeBath","floor":8},{"not_picked":["Slimebound:Schlurp","Slimebound:CheckThePlaybook"],"picked":"Slimebound:SlimeSpikes","floor":9},{"not_picked":["Slimebound:SamplingLick","Slimebound:ViciousTackle"],"picked":"Slimebound:RollThrough","floor":10},{"not_picked":["Slimebound:LivingWall+1","Slimebound:DisruptingSlam","Slimebound:FormOfPuddle+1"],"picked":"SKIP","floor":12},{"not_picked":["Slimebound:GoopSpray+1","Slimebound:ComboTackle"],"picked":"Slimebound:SplitMire+1","floor":14},{"not_picked":["Slimebound:LeechEnergy","Slimebound:DisruptingSlam"],"picked":"Slimebound:RejuvenatingLick+1","floor":15},{"not_picked":["Slimebound:WasteNot+1","Slimebound:TagTeam"],"picked":"Slimebound:DuplicatedForm","floor":16},{"not_picked":["Slimebound:ComboTackle","Slimebound:SpikyOuterGoop+1"],"picked":"Slimebound:SlimeSpikes+1","floor":19},{"not_picked":["Slimebound:FinishingTackle","Slimebound:SlimeBrawl+1"],"picked":"Slimebound:SlimeBarrage+1","floor":20},{"not_picked":["Slimebound:PrepareCrush+1","Slimebound:RollThrough+1"],"picked":"Slimebound:SplitLeeching+1","floor":21},{"not_picked":["Slimebound:LeechEnergy+1","Slimebound:FlameTackle+1"],"picked":"Slimebound:Repurpose+1","floor":26},{"not_picked":["Slimebound:FinishingTackle","Slimebound:ProtectTheBoss"],"picked":"Slimebound:SplitLeeching+1","floor":29},{"not_picked":["Slimebound:DisruptingSlam","Slimebound:SplitLeeching+1"],"picked":"Slimebound:PressTheAttack","floor":30},{"not_picked":["Slimebound:SplitLeeching+1","Slimebound:SpikyOuterGoop"],"picked":"Slimebound:GrowthPunch+1","floor":31},{"not_picked":["Slimebound:DuplicatedForm","Slimebound:FinishingTackle"],"picked":"Slimebound:Chomp","floor":32},{"not_picked":["Slimebound:SlimeSlap","Slimebound:RallyTheTroops"],"picked":"Slimebound:OozeBath+1","floor":33},{"not_picked":["Slimebound:SlimeSpikes+1","Slimebound:Chomp"],"picked":"Slimebound:Repurpose+1","floor":38},{"not_picked":["Slimebound:Schlurp+1","Slimebound:Grow+1"],"picked":"Slimebound:SplitSpecialist+1","floor":40},{"not_picked":["Slimebound:SplitBruiser+1","Slimebound:SlimeBarrage"],"picked":"Slimebound:MinionMaster","floor":42},{"not_picked":["Slimebound:SplitLeeching+1","Slimebound:ProtectTheBoss"],"picked":"Slimebound:SlimeSpikes+1","floor":44},{"not_picked":["Slimebound:RollThrough","Slimebound:AcidTongue+1","Slimebound:Schlurp+1"],"picked":"SKIP","floor":45},{"not_picked":["Slimebound:FormOfPuddle+1","Slimebound:GoopSpray+1"],"picked":"Slimebound:SplitSpecialist+1","floor":47},{"not_picked":["Slimebound:PressTheAttack","Slimebound:SplitLeeching+1","Slimebound:SplitAcid+1"],"picked":"SKIP","floor":48},{"not_picked":["Slimebound:FormOfPuddle+1","Slimebound:Dissolve+1","Slimebound:SplitBruiser+1"],"picked":"SKIP","floor":49}],"player_experience":783370,"relics_obtained":[{"floor":7,"key":"Blue Candle"},{"floor":9,"key":"Bottled Lightning"},{"floor":12,"key":"Toxic Egg 2"},{"floor":24,"key":"PreservedInsect"},{"floor":26,"key":"Omamori"},{"floor":30,"key":"Bird Faced Urn"},{"floor":40,"key":"Gambling Chip"},{"floor":41,"key":"CaptainsWheel"},{"floor":42,"key":"Mummified Hand"}],"event_choices":[{"cards_removed":["Slimebound:RollThrough"],"damage_healed":0,"gold_gain":0,"player_choice":"Card Removal","damage_taken":0,"max_hp_gain":0,"max_hp_loss":0,"event_name":"The Cleric","floor":13,"gold_loss":0},{"damage_healed":0,"gold_gain":0,"player_choice":"Read","damage_taken":0,"max_hp_gain":0,"max_hp_loss":0,"event_name":"The Library","floor":23,"gold_loss":0,"cards_obtained":["Slimebound:LevelUp"]},{"damage_healed":0,"gold_gain":0,"player_choice":"Ignored","damage_taken":0,"max_hp_gain":0,"max_hp_loss":0,"event_name":"Mysterious Sphere","floor":36,"gold_loss":0},{"cards_removed":["Slimebound:Defend_Slimebound"],"damage_healed":0,"gold_gain":0,"player_choice":"Removed Skill","damage_taken":0,"max_hp_gain":0,"max_hp_loss":0,"event_name":"Falling","floor":37,"gold_loss":0}],"is_beta":false,"boss_relics":[{"not_picked":["Fusion Hammer","Philosopher\u0027s Stone"],"picked":"downfall:Hecktoplasm"},{"not_picked":["Slimebound:TarBlob","Snecko Eye"],"picked":"Slimebound:AbsorbEndCombatUpgraded"}],"items_purged_floors":[],"is_endless":false,"potions_floor_spawned":[9,12,14,16,19,21,31,32,40,42,48],"ascension_level":1}}