{"host":"8u7tvcybuv0u72fd","time":1609397409,"event":{"mods":["BaseMod","BetterRewards","Colored Map","Colored Powertips","Minty Spire (QoL Compilation)","Quick Restart","Shop Mod"],"gold_per_floor":[114,127,127,142,153,153,171,171,195,195,225,236,90,90,90,187,187,199,213,213,213,213,241,241,241,321,321,340,358,358,374,374,478,478,489,188,199,216,230,230,255,255,255,270,270,302,302,318,318,318,318,318,47,74,74],"floor_reached":56,"playtime":3078,"items_purged":["Strike_R","Strike_R"],"score":1279,"play_id":"8e09e68d-7da9-4fd0-9593-0d119b17fb70","local_time":"20201231015009","is_ascension_mode":false,"campfire_choices":[{"data":"Body Slam","floor":6.0,"key":"SMITH"},{"data":"Bash","floor":8.0,"key":"SMITH"},{"data":"Uppercut","floor":10.0,"key":"SMITH"},{"data":"Rampage","floor":15.0,"key":"SMITH"},{"data":"Bludgeon","floor":24.0,"key":"SMITH"},{"data":"Shrug It Off","floor":27.0,"key":"SMITH"},{"data":"Iron Wave","floor":30.0,"key":"SMITH"},{"data":"Defend_R","floor":32.0,"key":"SMITH"},{"data":"Defend_R","floor":40.0,"key":"SMITH"},{"data":"Seeing Red","floor":42,"key":"SMITH"},{"data":"Defend_R","floor":45,"key":"SMITH"},{"data":"Juggernaut","floor":47,"key":"SMITH"},{"floor":49,"key":"RECALL"},{"data":"Defend_R","floor":52,"key":"SMITH"}],"circlet_count":0,"master_deck":["Strike_R","Strike_R","Defend_R+1","Defend_R+1","Defend_R+1","Defend_R+1","Bash+1","Rampage+1","Shrug It Off+1","Headbutt","Uppercut+1","Body Slam+1","Iron Wave+1","Seeing Red+1","Bludgeon+1","Disarm+1","Impervious","Battle Trance+1","Rage+1","Clash+1","Juggernaut+1","Blind"],"relics":["Burning Blood","Ice Cream","Happy Flower","HandDrill","Vajra","Bag of Marbles","Velvet Choker","MealTicket","Pantograph","SacredBark","Thread and Needle","Sundial","StoneCalendar","Champion Belt","Mummified Hand"],"acts_visited":["Exordium","TheCity","TheBeyond","TheEnding"],"potions_floor_usage":[41,48,54],"damage_taken":[{"damage":0.0,"enemies":"Small Slimes","floor":1.0,"turns":3.0},{"damage":0.0,"enemies":"Cultist","floor":2.0,"turns":3.0},{"damage":0.0,"enemies":"Jaw Worm","floor":4.0,"turns":3.0},{"damage":2.0,"enemies":"Exordium Thugs","floor":5.0,"turns":3.0},{"damage":2.0,"enemies":"Blue Slaver","floor":7.0,"turns":3.0},{"damage":8.0,"enemies":"Gremlin Nob","floor":11.0,"turns":3.0},{"damage":4.0,"enemies":"3 Louse","floor":12.0,"turns":3.0},{"damage":28.0,"enemies":"The Guardian","floor":16.0,"turns":8.0},{"damage":0.0,"enemies":"Shell Parasite","floor":18.0,"turns":2.0},{"damage":3.0,"enemies":"3 Byrds","floor":19.0,"turns":4.0},{"damage":5.0,"enemies":"Slavers","floor":23.0,"turns":5.0},{"damage":9.0,"enemies":"3 Cultists","floor":28.0,"turns":4.0},{"damage":6.0,"enemies":"Snake Plant","floor":29.0,"turns":3.0},{"damage":6.0,"enemies":"Chosen and Byrds","floor":31.0,"turns":5.0},{"damage":52.0,"enemies":"Automaton","floor":33.0,"turns":8.0},{"damage":3.0,"enemies":"3 Shapes","floor":35.0,"turns":5.0},{"damage":0.0,"enemies":"3 Darklings","floor":37.0,"turns":6.0},{"damage":0.0,"enemies":"Spire Growth","floor":38.0,"turns":4.0},{"damage":8.0,"enemies":"Transient","floor":39.0,"turns":5.0},{"damage":7,"enemies":"Giant Head","floor":41,"turns":6},{"damage":0,"enemies":"Maw","floor":44,"turns":5},{"damage":17,"enemies":"Reptomancer","floor":46,"turns":6},{"damage":0,"enemies":"3 Darklings","floor":48,"turns":3},{"damage":40,"enemies":"Donu and Deca","floor":50,"turns":8},{"damage":55,"enemies":"Shield and Spear","floor":54,"turns":8},{"damage":128,"enemies":"The Heart","floor":55,"turns":11}],"seed_played":"-6540089007486651043","potions_obtained":[{"floor":4.0,"key":"DuplicationPotion"},{"floor":11.0,"key":"ColorlessPotion"},{"floor":12.0,"key":"SteroidPotion"},{"floor":23.0,"key":"Fire Potion"},{"floor":29.0,"key":"Strength Potion"},{"floor":38.0,"key":"EssenceOfSteel"},{"floor":44,"key":"FairyPotion"},{"floor":46,"key":"FairyPotion"}],"is_trial":false,"path_per_floor":["M","M","?","M","M","R","M","R","T","R","E","M","$","?","R","B",null,"M","M","?","?","?","E","R","$","T","R","M","M","R","M","R","B",null,"M","$","M","M","M","R","E","R","T","M","R","E","R","M","R","B",null,"R","$","E","B",null],"character_chosen":"IRONCLAD","items_purchased":["Ice Cream","Happy Flower","HandDrill","Rampage","Shrug It Off","Explosive Potion","Energy Potion","Bag of Marbles","Thread and Needle","Regen Potion","Blind"],"campfire_rested":0,"item_purchase_floors":[0,0,0,0,0,0,0,13,36,53,53],"current_hp_per_floor":[50,56,56,62,66,66,70,70,70,70,68,70,70,70,70,48,80,80,80,80,80,80,80,80,80,80,80,77,77,77,77,77,34,80,80,80,80,80,78,78,77,77,77,80,80,69,69,75,75,46,80,80,80,71,18],"gold":74,"neow_bonus":"","is_daily":false,"chose_seed":false,"campfire_upgraded":13,"win_rate":0.0,"timestamp":1609397409,"path_taken":["M","M","?","M","?","R","M","R","T","R","E","M","$","?","R","BOSS","M","M","?","?","?","E","R","$","T","R","?","M","R","M","R","BOSS","M","$","M","M","M","R","E","R","T","M","R","E","R","M","R","BOSS","R","$","E","BOSS"],"items_purchased_type":["Relic","Relic","Relic","Card","Card","Potion","Potion","Relic","Relic","Potion","Card"],"build_version":"2020-12-22","purchased_purges":2,"victory":true,"max_hp_per_floor":[80,80,80,80,80,80,80,80,80,80,80,80,80,80,80,80,80,80,80,80,80,80,80,80,80,80,80,80,80,80,80,80,80,80,80,80,80,80,80,80,80,80,80,80,80,80,80,80,80,80,80,80,80,80,80],"card_choices":[{"not_picked":["Clash","Armaments"],"picked":"Headbutt","floor":1.0},{"not_picked":["Clash","Intimidate","Heavy Blade"],"picked":"SKIP","floor":2.0},{"not_picked":["Havoc","Exhume"],"picked":"Uppercut","floor":4.0},{"not_picked":["Twin Strike","Shrug It Off"],"picked":"Body Slam","floor":5.0},{"not_picked":["Cleave","Armaments"],"picked":"Iron Wave","floor":7.0},{"not_picked":["Power Through","Ghostly Armor"],"picked":"Seeing Red","floor":11.0},{"not_picked":["Impervious","True Grit","Second Wind"],"picked":"SKIP","floor":12.0},{"not_picked":["Exhume","Impervious"],"picked":"Bludgeon","floor":16.0},{"not_picked":["Inflame","Flex+1"],"picked":"Disarm+1","floor":18.0},{"not_picked":["Reckless Charge","Warcry","True Grit"],"picked":"SKIP","floor":19.0},{"not_picked":["Flex","Shrug It Off","Heavy Blade"],"picked":"SKIP","floor":23.0},{"not_picked":["Clothesline+1","Anger+1","Twin Strike"],"picked":"SKIP","floor":28.0},{"not_picked":["Spot Weakness+1","Wild Strike","Headbutt"],"picked":"SKIP","floor":29.0},{"not_picked":["Second Wind","Anger+1","Thunderclap"],"picked":"SKIP","floor":31.0},{"not_picked":["Immolate","Fiend Fire"],"picked":"Impervious","floor":33.0},{"not_picked":["Shrug It Off+1","Twin Strike"],"picked":"Battle Trance+1","floor":35.0},{"not_picked":["Dark Embrace","Blood for Blood+1"],"picked":"Rage+1","floor":37.0},{"not_picked":["Anger+1","Pummel+1","Iron Wave"],"picked":"SKIP","floor":38.0},{"not_picked":["Iron Wave","Clothesline+1"],"picked":"Clash+1","floor":39.0},{"not_picked":["Metallicize","Flex+1","Wild Strike+1"],"picked":"SKIP","floor":41},{"not_picked":["Dropkick","Power Through+1","Clash"],"picked":"SKIP","floor":44},{"not_picked":["Juggernaut","Sever Soul","Spot Weakness+1"],"picked":"SKIP","floor":46},{"not_picked":["Sever Soul","Spot Weakness+1"],"picked":"Juggernaut","floor":46},{"not_picked":["Clothesline+1","Ghostly Armor+1","Pommel Strike"],"picked":"SKIP","floor":48},{"not_picked":["Sword Boomerang+1","Twin Strike+1","Rupture"],"picked":"SKIP","floor":54}],"player_experience":1247543,"relics_obtained":[{"floor":11.0,"key":"Vajra"},{"floor":23.0,"key":"MealTicket"},{"floor":26.0,"key":"Pantograph"},{"floor":41,"key":"Sundial"},{"floor":43,"key":"StoneCalendar"},{"floor":46,"key":"Champion Belt"},{"floor":54,"key":"Mummified Hand"}],"event_choices":[{"damage_healed":0.0,"max_hp_gain":0.0,"max_hp_loss":0.0,"gold_gain":0.0,"event_name":"Transmorgrifier","player_choice":"Ignored","floor":3.0,"gold_loss":0.0,"damage_taken":0.0},{"damage_healed":0.0,"max_hp_gain":0.0,"max_hp_loss":0.0,"gold_gain":0.0,"event_name":"NoteForYourself","player_choice":"Ignored","floor":14.0,"gold_loss":0.0,"damage_taken":0.0},{"damage_healed":0.0,"max_hp_gain":0.0,"max_hp_loss":0.0,"gold_gain":0.0,"event_name":"The Mausoleum","player_choice":"Ignored","floor":20.0,"gold_loss":0.0,"damage_taken":0.0},{"damage_healed":0.0,"max_hp_gain":0.0,"max_hp_loss":0.0,"gold_gain":0.0,"event_name":"Vampires","player_choice":"Ignored","floor":21.0,"gold_loss":0.0,"damage_taken":0.0},{"cards_removed":["Strike_R"],"damage_healed":0.0,"max_hp_gain":0.0,"max_hp_loss":0.0,"gold_gain":0.0,"event_name":"Purifier","player_choice":"Purged","floor":22.0,"gold_loss":0.0,"damage_taken":0.0}],"is_beta":false,"boss_relics":[{"not_picked":["Ectoplasm","Coffee Dripper"],"picked":"Velvet Choker"},{"not_picked":["Runic Cube","Runic Pyramid"],"picked":"SacredBark"}],"items_purged_floors":[0,53],"is_endless":false,"potions_floor_spawned":[4,11,12,23,29,33,38,39,44,46],"ascension_level":0}}