{"host":"15dd7v8o90xso62x","time":1609446229,"event":{"mods":["BaseMod","Minty Spire (QoL Compilation)","Quick Restart","StSLib","SuperFastMode"],"gold_per_floor":[113,133,151,162,172,172,198,223,223,223,223,240,240,258,258,332,332,343,343,21,38,50,50,50,50,50],"floor_reached":25,"playtime":788,"items_purged":[],"score":410,"play_id":"9d398b87-af5d-46fc-a593-305ce3ab790b","local_time":"20210101052349","is_ascension_mode":true,"campfire_choices":[{"data":"Deadly Poison","floor":6.0,"key":"SMITH"},{"data":"Noxious Fumes","floor":10.0,"key":"SMITH"},{"floor":13.0,"key":"REST"},{"data":"Neutralize","floor":15.0,"key":"SMITH"},{"floor":23,"key":"REST"}],"circlet_count":0,"master_deck":["AscendersBane","Strike_G","Strike_G","Defend_G","Defend_G","Defend_G","Defend_G","Defend_G","Survivor","Neutralize+1","Deadly Poison+1","Backstab","Dagger Spray","Footwork+1","Noxious Fumes+1","PiercingWail","Dodge and Roll","Setup+1","Infinite Blades+1","Noxious Fumes+1","Backflip","Catalyst","Footwork","Footwork"],"relics":["Ring of the Snake","NeowsBlessing","Bag of Preparation","Odd Mushroom","InkBottle","Astrolabe","TwistedFunnel"],"acts_visited":["Exordium","TheCity"],"potions_floor_usage":[21,22],"damage_taken":[{"damage":0.0,"enemies":"Small Slimes","floor":1.0,"turns":1.0},{"damage":0.0,"enemies":"2 Louse","floor":2.0,"turns":1.0},{"damage":0.0,"enemies":"Cultist","floor":3.0,"turns":1.0},{"damage":4.0,"enemies":"Looter","floor":4.0,"turns":3.0},{"damage":18.0,"enemies":"Exordium Thugs","floor":5.0,"turns":6.0},{"damage":3.0,"enemies":"3 Sentries","floor":7.0,"turns":8.0},{"damage":19.0,"enemies":"The Mushroom Lair","floor":8.0,"turns":5.0},{"damage":13.0,"enemies":"Red Slaver","floor":12.0,"turns":4.0},{"damage":0.0,"enemies":"2 Fungi Beasts","floor":14.0,"turns":4.0},{"damage":5.0,"enemies":"The Guardian","floor":16.0,"turns":11.0},{"damage":33.0,"enemies":"2 Thieves","floor":18.0,"turns":5.0},{"damage":4,"enemies":"Shell Parasite","floor":21,"turns":5},{"damage":5,"enemies":"Centurion and Healer","floor":22,"turns":7},{"damage":33,"enemies":"Slavers","floor":25,"turns":2}],"seed_played":"1959454827993941765","potions_obtained":[{"floor":1.0,"key":"AttackPotion"},{"floor":3.0,"key":"PowerPotion"},{"floor":14.0,"key":"Swift Potion"},{"floor":19.0,"key":"GhostInAJar"},{"floor":19.0,"key":"SneckoOil"}],"is_trial":false,"path_per_floor":["M","M","M","M","M","R","E","?","T","R","?","M","R","M","R","B",null,"M","?","$","M","M","R","$","E"],"character_chosen":"THE_SILENT","items_purchased":["Catalyst","TwistedFunnel","Footwork"],"campfire_rested":2,"item_purchase_floors":[20,20,20],"current_hp_per_floor":[59,59,59,55,37,37,34,15,15,15,15,2,21,21,21,16,54,21,21,21,17,12,31,31,0,0],"gold":50,"neow_bonus":"THREE_ENEMY_KILL","is_daily":false,"chose_seed":false,"campfire_upgraded":3,"win_rate":0.0,"timestamp":1609446229,"path_taken":["M","M","M","M","M","R","E","?","T","R","?","?","R","M","R","BOSS","M","?","?","M","M","R","$","E"],"items_purchased_type":["Card","Relic","Card"],"build_version":"2020-12-22","purchased_purges":0,"victory":false,"max_hp_per_floor":[66,66,66,66,66,66,66,66,66,66,66,66,66,66,66,66,66,66,66,66,66,66,66,66,66,66],"card_choices":[{"not_picked":["Eviscerate","Dagger Throw"],"picked":"Deadly Poison","floor":1.0},{"not_picked":["Bane","Flying Knee"],"picked":"Backstab","floor":2.0},{"not_picked":["Deflect","Dodge and Roll"],"picked":"Dagger Spray","floor":3.0},{"not_picked":["Slice","Sucker Punch"],"picked":"Footwork","floor":4.0},{"not_picked":["Distraction","Sucker Punch","Expertise"],"picked":"SKIP","floor":5.0},{"not_picked":["Deflect","Cloak And Dagger"],"picked":"Noxious Fumes","floor":7.0},{"not_picked":["Phantasmal Killer","Underhanded Strike"],"picked":"PiercingWail","floor":12.0},{"not_picked":["Bane","Dagger Throw"],"picked":"Dodge and Roll","floor":14.0},{"not_picked":["Endless Agony","Dagger Throw"],"picked":"Backflip","floor":18.0},{"not_picked":["Accuracy","Finisher+1","Choke"],"picked":"SKIP","floor":21},{"not_picked":["Sucker Punch","Acrobatics"],"picked":"Footwork","floor":22}],"player_experience":974962,"relics_obtained":[{"floor":7.0,"key":"Bag of Preparation"},{"floor":8.0,"key":"Odd Mushroom"},{"floor":9.0,"key":"InkBottle"}],"event_choices":[{"damage_healed":0.0,"max_hp_gain":0.0,"max_hp_loss":0.0,"gold_gain":0.0,"event_name":"Mushrooms","player_choice":"Fought Mushrooms","floor":8.0,"gold_loss":0.0,"damage_taken":0.0},{"damage_healed":0.0,"max_hp_gain":0.0,"max_hp_loss":0.0,"gold_gain":0.0,"event_name":"Accursed Blacksmith","player_choice":"Forge","floor":11.0,"gold_loss":0.0,"damage_taken":0.0,"cards_upgraded":["Footwork"]},{"damage_healed":0.0,"max_hp_gain":0.0,"max_hp_loss":0.0,"gold_gain":0.0,"event_name":"Lab","player_choice":"Got Potions","floor":19.0,"gold_loss":0.0,"damage_taken":0.0}],"is_beta":false,"boss_relics":[{"not_picked":["Busted Crown","SacredBark"],"picked":"Astrolabe"}],"items_purged_floors":[],"is_endless":false,"potions_floor_spawned":[1,3,5,14],"killed_by":"Slavers","ascension_level":20}}