{"host":"pr6x8hyknev46vut","time":1609408433,"event":{"mods":["Aspiration","BaseMod","CCEM","Colored Map","Colored Powertips","Downfall","Googly Eyes","Hermit","Highlight Path","Hubris","Minty Spire (QoL Compilation)","Permanent Neow","Replay The Spire","Shop Mod","Spicy Shops","StSLib","The Bug Knight","The Construct","The Cursed","The Disciple","The Necromancer","The Runesmith","The Servant 0.9.4"],"gold_per_floor":[99,115,115,129,142,168,168,178,103,116,116,142,142,158,176,273,273,273,286,298,344,360,360,383,410,26,36,44,44,58,58,72,174,174,99,113,38,38,58,13,40,74,74,74,74,74,74,74,86,86],"floor_reached":51,"playtime":3987,"items_purged":["ReplayTheSpireMod:Splinters"],"score":936,"play_id":"18c34eb4-3e8a-452f-9b25-d9e67ffd36ed","local_time":"20201231105353","is_ascension_mode":false,"campfire_choices":[{"floor":1,"key":"RECALL"},{"floor":9,"key":"REST"},{"floor":13,"key":"REST"},{"data":"hexamod:VolcanoVisage","floor":18,"key":"SMITH"},{"data":"hexamod:DynamicBlow","floor":23,"key":"SMITH"},{"data":"hexamod:FastForward","floor":29,"key":"SMITH"},{"data":"hexamod:NightmareStrike","floor":35,"key":"SMITH"},{"floor":43,"key":"REST"},{"data":"hexamod:SpectersWail","floor":47,"key":"SMITH"}],"circlet_count":0,"master_deck":["hexamod:Strike","hexamod:Strike","hexamod:Strike+1","hexamod:Strike","hexamod:Defend","hexamod:Defend","hexamod:Defend","hexamod:Defend","hexamod:Sear","hexamod:Float","Dark Shackles","hexamod:FastForward+1","hexamod:SwordOfDarkness","hexamod:DynamicBlow+1","hexamod:Hexaguard+1","hexamod:ThermalTransfer","hexamod:InspiringFlames","hexamod:EtherealExpedition","hexamod:ShieldOfDarkness","hexamod:SpectersWail+1","hexamod:VolcanoVisage+1","hexamod:SkipABeat","Go for the Eyes+1","hexamod:SpectersWail+1","hexamod:StepThrough+1","Auto Shields","hexamod:ChargedBarrage+1","hexamod:PowerFromBeyond+1","Pain","hexamod:NightmareStrike+1","hexamod:SixthSeal","hexamod:GhostLash+1","hexamod:FastForward","hexamod:SoulSteal","hexamod:SpectersWail+1"],"relics":["hexamod:SpiritBrand","CCEMRelics:Pendulum","Shuriken","downfall:HeartBlessingRed","Bronze Scales","CaptainsWheel","Replay:Grab Bag","hexamod:IceCube","hubris:GrandSneckoEye","aspiration:DefectSkillbook","aspiration:RunicSpoon","Quantum Egg","Eternal Feather","Lantern","hubris:HerbalPaste","Calipers","OrangePellets","Ornamental Fan","aspiration:Stellarator","downfall:HeartBlessingBlue","Ancient Tea Set","Oddly Smooth Stone","Incense Burner"],"acts_visited":["Exordium","TheCity","TheBeyond"],"potions_floor_usage":[6,16],"damage_taken":[{"damage":0,"enemies":"Small Slimes","floor":2,"turns":3},{"damage":0,"enemies":"Cultist","floor":4,"turns":3},{"damage":0,"enemies":"Jaw Worm","floor":5,"turns":3},{"damage":21,"enemies":"3 Sentries","floor":6,"turns":7},{"damage":0,"enemies":"3 Louse","floor":8,"turns":3},{"damage":1,"enemies":"Blue Slaver","floor":10,"turns":3},{"damage":10,"enemies":"Lagavulin","floor":12,"turns":6},{"damage":12,"enemies":"Gremlin Gang","floor":14,"turns":4},{"damage":14,"enemies":"Exordium Thugs","floor":15,"turns":5},{"damage":28,"enemies":"downfall:Watcher","floor":16,"turns":14},{"damage":0,"enemies":"3 Byrds","floor":19,"turns":3},{"damage":0,"enemies":"Shell Parasite","floor":20,"turns":4},{"damage":2,"enemies":"Snecko","floor":22,"turns":2},{"damage":0,"enemies":"Book of Stabbing","floor":25,"turns":4},{"damage":0,"enemies":"downfall:FleeingMerchant","floor":26,"turns":4},{"damage":15,"enemies":"Snake Plant","floor":27,"turns":3},{"damage":0,"enemies":"downfall:FleeingMerchant","floor":28,"turns":4},{"damage":0,"enemies":"Cultist and Chosen","floor":30,"turns":5},{"damage":0,"enemies":"3 Cultists","floor":32,"turns":3},{"damage":30,"enemies":"downfall:Silent","floor":33,"turns":8},{"damage":4,"enemies":"Orb Walker","floor":36,"turns":3},{"damage":18,"enemies":"3 Shapes","floor":39,"turns":3},{"damage":41,"enemies":"Giant Head","floor":42,"turns":8},{"damage":5,"enemies":"4 Shapes","floor":45,"turns":4},{"damage":0,"enemies":"3 Darklings","floor":48,"turns":4},{"damage":12,"enemies":"Maw","floor":49,"turns":7},{"damage":28,"enemies":"downfall:Ironclad","floor":50,"turns":8}],"seed_played":"-8885098619890733809","potions_obtained":[{"floor":5,"key":"LifebloodPotion"},{"floor":8,"key":"hexamod:EctoCoolerPotion"},{"floor":12,"key":"Adrenaline Potion"},{"floor":14,"key":"Explosive Potion"},{"floor":20,"key":"Dexterity Potion"},{"floor":22,"key":"Death Potion"}],"is_trial":false,"path_per_floor":["R","M","?","M","M","E","T","M","R","M","T","E","R","M","M","B",null,"R","M","M","?","M","R","T","E","$","M","$","R","M","?","M","B",null,"R","M","$","?","M","$","T","E","R","?","M","T","R","M","M","B",null],"character_chosen":"THE_SPIRIT","items_purchased":["Lantern","hubris:HerbalPaste","Calipers","OrangePellets","Ornamental Fan","hexamod:GhostLash"],"campfire_rested":3,"item_purchase_floors":[26,26,26,28,28,40],"current_hp_per_floor":[70,70,70,70,70,49,49,49,70,69,69,59,70,58,44,16,70,70,70,70,70,68,68,68,68,68,57,63,70,70,70,70,43,70,80,76,76,76,63,63,63,35,77,77,78,78,80,80,71,49],"gold":86,"neow_bonus":"RANDOM_COLORLESS","is_daily":false,"chose_seed":false,"campfire_upgraded":5,"win_rate":0.0,"timestamp":1609408433,"path_taken":["R","M","?","M","?","E","T","M","R","M","?","E","R","?","M","BOSS","R","M","M","?","M","R","T","E","$","M","$","R","M","?","M","BOSS","R","M","$","?","?","$","T","E","R","?","M","?","R","M","M","BOSS"],"items_purchased_type":["Relic","Relic","Relic","Relic","Relic","Card"],"build_version":"2020-12-22","purchased_purges":1,"victory":true,"max_hp_per_floor":[70,70,70,70,70,70,70,70,70,70,70,70,70,70,70,70,70,70,70,70,70,70,70,70,70,70,70,70,70,70,70,70,70,70,80,80,80,80,80,80,80,80,80,80,80,80,80,80,80,80],"card_choices":[{"not_picked":["ReplayTheSpireMod:Uncanny Aura","expansioncontent:Flail"],"picked":"Dark Shackles","floor":0},{"not_picked":["hexamod:RainOfEmbers","hexamod:Haunt"],"picked":"hexamod:FastForward","floor":2},{"not_picked":["hexamod:AdvancingGuard","hexamod:HeatCrush"],"picked":"hexamod:SwordOfDarkness","floor":4},{"not_picked":["hexamod:CatchUp","hexamod:SecondSeal"],"picked":"hexamod:DynamicBlow","floor":5},{"not_picked":["hexamod:ShieldOfDarkness","hexamod:HeatShield"],"picked":"hexamod:Hexaguard","floor":6},{"not_picked":["hexamod:Hexaguard","hexamod:NightmareStrike"],"picked":"hexamod:ThermalTransfer","floor":8},{"not_picked":["hexamod:Firestarter","hexamod:EmpoweredFlame"],"picked":"hexamod:InspiringFlames","floor":10},{"not_picked":["hexamod:ThermalTransfer","hexamod:BacktrackSmack"],"picked":"hexamod:EtherealExpedition","floor":12},{"not_picked":["hexamod:SoulSteal","hexamod:FastForward"],"picked":"hexamod:ShieldOfDarkness","floor":14},{"not_picked":["hexamod:SkipABeat","hexamod:SpectralAdrenaline"],"picked":"hexamod:SpectersWail","floor":15},{"not_picked":["hexamod:TurnItUp","hexamod:EmpoweringStance"],"picked":"hexamod:VolcanoVisage","floor":16},{"not_picked":["Reprogram","Sunder","hexamod:SwordOfDarkness+1"],"picked":"hexamod:SkipABeat","floor":19},{"not_picked":["Turbo","Hello World+1","hexamod:SwordOfDarkness","Defragment"],"picked":"SKIP","floor":20},{"not_picked":["hexamod:Firestarter","Compile Driver+1","Hologram"],"picked":"Go for the Eyes+1","floor":21},{"not_picked":["Sweeping Beam","Gash","Leap"],"picked":"hexamod:SpectersWail+1","floor":21},{"not_picked":["Streamline","hexamod:InspiringFlames","Beam Cell"],"picked":"hexamod:StepThrough","floor":22},{"not_picked":["hexamod:NightmareGuise","Turbo","Panic Button+1","Ball Lightning"],"picked":"SKIP","floor":22},{"not_picked":["Chaos","Beam Cell","Lockon"],"picked":"Auto Shields","floor":25},{"not_picked":["ReplayTheSpireMod:Omega Cannon","Crystallizer+1","BasicCrystalCard","Rebound+1"],"picked":"SKIP","floor":26},{"not_picked":["Streamline","hexamod:GhostShield+1","hexamod:FirstSeal"],"picked":"hexamod:ChargedBarrage+1","floor":27},{"not_picked":["Redo+1","hexamod:NecessarySacrifice","hexamod:HeatShield"],"picked":"hexamod:PowerFromBeyond","floor":28},{"not_picked":["Glacier","Chill+1","hexamod:EtherealExpedition"],"picked":"hexamod:NightmareStrike","floor":30},{"not_picked":["Steam Power","Sweeping Beam+1","Hologram","Beam Cell"],"picked":"SKIP","floor":32},{"not_picked":["hexamod:EmpoweringStance","ReplayRNGCard","Biased Cognition"],"picked":"hexamod:SixthSeal","floor":33},{"not_picked":["Steam","hubris:Ukulele+1","Force Field","Blizzard+1"],"picked":"SKIP","floor":36},{"not_picked":["hexamod:SecondSeal","hexamod:BurningTouch+1","Undo+1","ReplayGash+1"],"picked":"SKIP","floor":39},{"not_picked":["Panic Button+1","FIFO Queue","hexamod:Haunt+1","Biased Cognition"],"picked":"SKIP","floor":42},{"not_picked":["Auto Shields","Sweeping Beam+1","Heatsinks+1"],"picked":"hexamod:FastForward","floor":45},{"not_picked":["Sweeping Beam","Stack","hexamod:RadiantFlame+1"],"picked":"hexamod:SoulSteal","floor":48},{"not_picked":["BasicCrystalCard+1","Storm","hexamod:SpectralAdrenaline+1"],"picked":"hexamod:SpectersWail+1","floor":49}],"player_experience":61876,"relics_obtained":[{"floor":6,"key":"CCEMRelics:Pendulum"},{"floor":7,"key":"Shuriken"},{"floor":11,"key":"Bronze Scales"},{"floor":12,"key":"CaptainsWheel"},{"floor":21,"key":"Quantum Egg"},{"floor":25,"key":"Eternal Feather"},{"floor":41,"key":"Ancient Tea Set"},{"floor":42,"key":"Oddly Smooth Stone"},{"floor":46,"key":"Incense Burner"}],"event_choices":[{"damage_healed":0,"gold_gain":0,"player_choice":"Ignored","damage_taken":0,"max_hp_gain":0,"max_hp_loss":0,"event_name":"Purifier","floor":3,"gold_loss":0},{"damage_healed":0,"gold_gain":0,"player_choice":"Ignored","damage_taken":0,"max_hp_gain":0,"max_hp_loss":0,"event_name":"Vampires","floor":31,"gold_loss":0},{"damage_healed":0,"gold_gain":0,"player_choice":"Upgraded","damage_taken":0,"max_hp_gain":0,"max_hp_loss":0,"event_name":"Upgrade Shrine","floor":38,"gold_loss":0,"cards_upgraded":["hexamod:PowerFromBeyond"]}],"is_beta":false,"boss_relics":[{"not_picked":["aspiration:RitualDagger","hubris:ScarierMask"],"picked":"Replay:Grab Bag"},{"not_picked":["Sozu","hubris:CrackedHourglass"],"picked":"hexamod:IceCube"},{"not_picked":["CCEMRelics:GreenEgg","Replay:Bronze Core"],"picked":"hubris:GrandSneckoEye"},{"not_picked":["Empty Cage","hubris:HollowSoul"],"picked":"aspiration:DefectSkillbook"},{"not_picked":["Replay:Drink Me","Kintsugi"],"picked":"aspiration:RunicSpoon"},{"not_picked":["hubris:VirtuousBlindfold","ChewingGum"],"picked":"aspiration:Stellarator"}],"items_purged_floors":[37],"is_endless":false,"potions_floor_spawned":[5,8,12,14,20,22,32,36,45,49],"ascension_level":0}}