{"host":"er8s5flrc5z1a07t","time":1609375344,"event":{"mods":["2.2 Compatiblity","Act Like it!","Bard","BaseMod","Better Note","Better Third Choice","Downfall","Duelist Mod","Elementarium","Energized Spire","GifTheSpireLib","Hermit","Hubris","Infinite Spire","Minty Spire (QoL Compilation)","Relic Stats","Replay The Spire","Shop Mod","StSLib","Stuff the Spire","Synergy Search","The Cursed","The Disciple","The Mystic"],"gold_per_floor":[114,171,188,188,201,229,229,244,244,244,244],"floor_reached":10,"playtime":301,"items_purged":[],"score":133,"play_id":"6dfb2f35-9e87-4ca0-8d57-ebcfb10d066d","local_time":"20201230194224","is_ascension_mode":true,"campfire_choices":[{"floor":7,"key":"REST"}],"circlet_count":0,"master_deck":["AscendersBane","Strike_B","Strike_B","Strike_B","Strike_B","Defend_B","Defend_B","Defend_B","Defend_B","Zap","Dualcast","StuffTheSpire:ForEach","Conserve Battery","StuffTheSpire:LoadUp","Sweeping Beam","Conserve Battery","Mirror Shield","Barrage"],"relics":["Cracked Core","hubris:ToyBattleship","hubris:DisguiseKit","Smiling Mask"],"acts_visited":["Exordium"],"potions_floor_usage":[6,8],"damage_taken":[{"damage":3,"enemies":"2 Louse","floor":1,"turns":2},{"damage":10,"enemies":"Small Slimes","floor":3,"turns":4},{"damage":1,"enemies":"Cultist","floor":5,"turns":3},{"damage":47,"enemies":"Gremlin Nob","floor":6,"turns":4},{"damage":16,"enemies":"Exordium Wildlife","floor":8,"turns":8},{"damage":0,"enemies":"3 Sentries","floor":10,"turns":1}],"seed_played":"1629821927762284014","potions_obtained":[{"floor":2,"key":"Milkshake"},{"floor":2,"key":"DistilledChaos"},{"floor":6,"key":"ColorlessPotion"},{"floor":8,"key":"Toxic Potion"}],"is_trial":false,"path_per_floor":["M","?","M","?","M","E","R","M","T","E"],"character_chosen":"DEFECT","items_purchased":[],"campfire_rested":1,"item_purchase_floors":[],"current_hp_per_floor":[61,61,51,51,50,3,24,8,8,8,8],"gold":244,"neow_bonus":"ONE_RANDOM_RARE_CARD","is_daily":false,"chose_seed":false,"campfire_upgraded":0,"win_rate":0.0,"timestamp":1609375344,"path_taken":["M","?","?","?","M","E","R","M","T","E"],"items_purchased_type":[],"build_version":"2020-12-22","purchased_purges":0,"victory":false,"max_hp_per_floor":[71,71,71,71,71,71,71,71,71,71,71],"relic_stats":{"counters":[6,22],"Smiling Mask":0,"obtain_stats":[{"hubris:DisguiseKit":6,"hubris:ToyBattleship":2,"Cracked Core":0,"Smiling Mask":9},{"hubris:DisguiseKit":4,"hubris:ToyBattleship":1,"Cracked Core":0,"Smiling Mask":5},{"hubris:DisguiseKit":13,"hubris:ToyBattleship":2,"Cracked Core":0,"Smiling Mask":21}]},"card_choices":[{"not_picked":["Stack","StuffTheSpire:LoadUp"],"picked":"Conserve Battery","floor":1},{"not_picked":["Streamline","Beam Cell"],"picked":"StuffTheSpire:LoadUp","floor":2},{"not_picked":["Compile Driver","Rebound"],"picked":"Sweeping Beam","floor":3},{"not_picked":["Double Energy","StuffTheSpire:Rend"],"picked":"Conserve Battery","floor":5},{"not_picked":["Loop","Rip and Tear"],"picked":"Mirror Shield","floor":6},{"not_picked":["Reprogram","Steam"],"picked":"Barrage","floor":8}],"player_experience":1192631,"relics_obtained":[{"floor":2,"key":"hubris:ToyBattleship"},{"floor":6,"key":"hubris:DisguiseKit"},{"floor":9,"key":"Smiling Mask"}],"event_choices":[{"cards_removed":["Pain"],"damage_healed":0,"gold_gain":0,"player_choice":"Purged","damage_taken":0,"max_hp_gain":0,"max_hp_loss":0,"event_name":"Purifier","floor":4,"gold_loss":0}],"is_beta":false,"boss_relics":[],"items_purged_floors":[],"is_endless":false,"potions_floor_spawned":[3,6,8],"killed_by":"3 Sentries","ascension_level":19}}