{"host":"h5golg54dem4i27y","time":1609378233,"event":{"mods":["BaseMod","Colored Map","Colored Powertips","Minty Spire (QoL Compilation)","Replay The Spire","StSLib","SuperFastMode","The Hierophant"],"gold_per_floor":[214,214,9,9,9,43,43,5,5,5,5,19,19,63,63,132,132,150,249,49,34,59,59,59,59,59,68,27,38,77,101,101,177,177,189,216,221,47,380,380,387,286,286,265,265,111,92,99,99,85],"floor_reached":51,"playtime":2087,"items_purged":["hierophant:Punish","hierophant:Strike_Hierophant","hierophant:FlamingChariot","hierophant:Defend_Hierophant","hierophant:Charity+1"],"score":1278,"play_id":"06daca4b-b0c2-4439-853a-c7597ef3f8a5","local_time":"20201231103033","is_ascension_mode":true,"campfire_choices":[{"floor":10.0,"key":"REST"},{"floor":13.0,"key":"REST"},{"data":"hierophant:ChurchCoffers","floor":15.0,"key":"SMITH"},{"data":"hierophant:DisplayOfPower","floor":23.0,"key":"SMITH"},{"data":"hierophant:Sermon","floor":25.0,"key":"SMITH"},{"data":"hierophant:ArchangelShield","floor":32.0,"key":"SMITH"},{"data":"hierophant:Kindle","floor":40.0,"key":"SMITH"},{"data":"Deep Breath","floor":49,"key":"SMITH"}],"circlet_count":0,"master_deck":["hierophant:Defend_Hierophant","hierophant:Defend_Hierophant","hierophant:ChurchCoffers+1","hierophant:DisplayOfPower+1","hierophant:Sermon","hierophant:Sermon+1","hierophant:SolarFlare","hierophant:ChurchCoffers+1","hierophant:ArchangelShield+1","hierophant:Kindle+1","hierophant:ConvertCurrency+1","hierophant:DisplayOfPower+1","hierophant:Doubloon","hierophant:Doubloon","hierophant:Doubloon+1","Master of Strategy","Dark Shackles+1","Deep Breath+1"],"relics":["hierophant:PropheticMaskRelic","Membership Card","Divine Protection","Thread and Needle","Boot","Torii","Sundial","Anchor","Blue Doll","Astrolabe","BargainBundle","Bronze Scales","Girya","Shuriken"],"acts_visited":["Exordium","TheCity","TheBeyond"],"potions_floor_usage":[41,41,48,50],"damage_taken":[{"damage":10.0,"enemies":"Cultist","floor":1.0,"turns":4.0},{"damage":44.0,"enemies":"3 Sentries","floor":6.0,"turns":17.0},{"damage":0.0,"enemies":"Jaw Worm","floor":12.0,"turns":4.0},{"damage":13.0,"enemies":"Gremlin Nob","floor":14.0,"turns":4.0},{"damage":11.0,"enemies":"Hexaghost","floor":16.0,"turns":10.0},{"damage":0.0,"enemies":"3 Byrds","floor":18.0,"turns":7.0},{"damage":0.0,"enemies":"Chosen","floor":21.0,"turns":3.0},{"damage":0.0,"enemies":"Snecko","floor":22.0,"turns":2.0},{"damage":3.0,"enemies":"Slavers","floor":27.0,"turns":6.0},{"damage":0.0,"enemies":"Cultist and Chosen","floor":29.0,"turns":5.0},{"damage":0.0,"enemies":"Book of Stabbing","floor":30.0,"turns":6.0},{"damage":0.0,"enemies":"Snake Plant","floor":31.0,"turns":2.0},{"damage":0.0,"enemies":"Pondfish","floor":33.0,"turns":8.0},{"damage":0.0,"enemies":"3 Darklings","floor":35.0,"turns":4.0},{"damage":0.0,"enemies":"3 Shapes","floor":36.0,"turns":3.0},{"damage":0.0,"enemies":"Sphere and 2 Shapes","floor":37.0,"turns":3.0},{"damage":0,"enemies":"Reptomancer","floor":41,"turns":2},{"damage":17,"enemies":"4 Shapes","floor":44,"turns":4},{"damage":0,"enemies":"Maw","floor":47,"turns":3},{"damage":0,"enemies":"Sphere and 2 Shapes","floor":48,"turns":3},{"damage":25,"enemies":"Donu and Deca","floor":50,"turns":8}],"seed_played":"-445798254926262122","potions_obtained":[{"floor":14.0,"key":"Dexterity Potion"},{"floor":16.0,"key":"LiquidMemories"},{"floor":18.0,"key":"DistilledChaos"},{"floor":22.0,"key":"Venom Potion"},{"floor":27.0,"key":"LifebloodPotion"},{"floor":33.0,"key":"Elixir"},{"floor":35.0,"key":"Elixir"}],"is_trial":false,"path_per_floor":["M","?","$","?","?","E","?","$","T","R","$","M","R","E","R","B",null,"M","?","$","M","M","R","?","R","T","E","$","M","E","M","R","B",null,"M","M","M","$","?","R","E","$","T","M","?","$","M","M","R","B",null],"character_chosen":"HIEROPHANT","items_purchased":["Membership Card","hierophant:Sermon","hierophant:FlamingChariot","Fire Potion","Torii","hierophant:ArchangelShield","Fire Potion","BargainBundle","Master of Strategy","FearPotion","ColorlessPotion","Bronze Scales","Dark Shackles+1","FearPotion","Deep Breath","Swift Potion"],"campfire_rested":2,"item_purchase_floors":[3,3,8,8,20,28,28,38,38,38,38,38,38,42,46,46],"current_hp_per_floor":[65,65,65,47,47,3,3,3,3,25,25,25,47,34,34,23,75,75,75,75,75,75,75,75,75,75,72,72,72,72,72,72,72,75,75,75,75,75,75,75,75,75,75,58,58,58,58,58,58,33],"gold":85,"neow_bonus":"HUNDRED_GOLD","is_daily":false,"chose_seed":false,"campfire_upgraded":6,"win_rate":0.0,"timestamp":1609378233,"path_taken":["M","?","$","?","?","E","?","$","T","R","?","M","R","E","R","BOSS","M","?","$","M","M","R","?","R","T","E","$","?","E","M","R","BOSS","M","M","M","$","?","R","E","?","T","?","?","$","M","M","R","BOSS"],"items_purchased_type":["Relic","Card","Card","Potion","Relic","Card","Potion","Relic","Card","Potion","Potion","Relic","Card","Potion","Card","Potion"],"build_version":"2020-12-22","purchased_purges":5,"victory":true,"max_hp_per_floor":[75,75,75,75,75,75,75,75,75,75,75,75,75,75,75,75,75,75,75,75,75,75,75,75,75,75,75,75,75,75,75,75,75,75,75,75,75,75,75,75,75,75,75,75,71,71,71,71,71,71],"card_choices":[{"not_picked":["hierophant:Sermon","hierophant:Exaltation"],"picked":"hierophant:DisplayOfPower","floor":1.0},{"not_picked":["hierophant:Flagellation","hierophant:RustyCrate","hierophant:HolyVerse"],"picked":"SKIP","floor":6.0},{"not_picked":["hierophant:ThreeLashes","hierophant:SealAway"],"picked":"hierophant:Sermon","floor":12.0},{"not_picked":["hierophant:RepressedViolence","hierophant:LocustPlague"],"picked":"hierophant:SolarFlare","floor":14.0},{"not_picked":["hierophant:HammerAndAnvil","hierophant:MorningPrayer","hierophant:PristineSoul"],"picked":"SKIP","floor":18.0},{"not_picked":["hierophant:Purify","hierophant:SealAway+1","hierophant:RepressedViolence+1"],"picked":"SKIP","floor":21.0},{"not_picked":["hierophant:Rebuild","hierophant:Purify","hierophant:RecallFunds"],"picked":"SKIP","floor":22.0},{"not_picked":["hierophant:AuricBeam","hierophant:AuricShield","hierophant:DisplayOfPower"],"picked":"SKIP","floor":27.0},{"not_picked":["hierophant:Patience","hierophant:Glossolalia","hierophant:SealAway"],"picked":"SKIP","floor":29.0},{"not_picked":["hierophant:ConvertCurrency+1","hierophant:DisplayOfPower","hierophant:Embezzle"],"picked":"SKIP","floor":30.0},{"not_picked":["hierophant:Remorse","hierophant:Generosity","hierophant:Shelter"],"picked":"SKIP","floor":31.0},{"not_picked":["hierophant:Cornucopia","hierophant:Determination"],"picked":"hierophant:Kindle","floor":33.0},{"not_picked":["hierophant:SealAway+1","hierophant:Purify","hierophant:Refuge+1"],"picked":"SKIP","floor":35.0},{"not_picked":["hierophant:Patience","hierophant:Blessing","hierophant:FlamingChariot+1"],"picked":"SKIP","floor":36.0},{"not_picked":["hierophant:FieryStrike+1","hierophant:FaithHealing+1"],"picked":"hierophant:Doubloon+1","floor":37.0},{"not_picked":["hierophant:Cornucopia","hierophant:OrnateJavelin","hierophant:Remorse"],"picked":"SKIP","floor":41},{"not_picked":["hierophant:MirrorShield+1","hierophant:SealAway","hierophant:OrnateJavelin"],"picked":"SKIP","floor":44},{"not_picked":["hierophant:MirrorShield+1","hierophant:SealAway","hierophant:OrnateJavelin"],"picked":"SKIP","floor":44},{"not_picked":["hierophant:SolarFlare+1","hierophant:Shelter+1","hierophant:Embezzle"],"picked":"SKIP","floor":47},{"not_picked":["hierophant:Rebuild","hierophant:CursedGold+1","hierophant:PassingBell+1"],"picked":"SKIP","floor":48}],"player_experience":633633,"relics_obtained":[{"floor":6.0,"key":"Divine Protection"},{"floor":9.0,"key":"Thread and Needle"},{"floor":14.0,"key":"Boot"},{"floor":26.0,"key":"Sundial"},{"floor":27.0,"key":"Anchor"},{"floor":30.0,"key":"Blue Doll"},{"floor":41,"key":"Girya"},{"floor":43,"key":"Shuriken"}],"event_choices":[{"damage_healed":0.0,"max_hp_gain":0.0,"max_hp_loss":0.0,"gold_gain":0.0,"event_name":"Golden Idol","player_choice":"Take Damage","floor":4.0,"gold_loss":0.0,"damage_taken":18.0,"relics_obtained":["Golden Idol"]},{"cards_removed":["hierophant:Strike_Hierophant"],"damage_healed":0.0,"max_hp_gain":0.0,"max_hp_loss":0.0,"gold_gain":0.0,"event_name":"Living Wall","player_choice":"Forget","floor":5.0,"gold_loss":0.0,"damage_taken":0.0},{"damage_healed":0.0,"max_hp_gain":0.0,"max_hp_loss":0.0,"gold_gain":0.0,"event_name":"Dead Adventurer","player_choice":"Searched \u00270\u0027 times","floor":7.0,"gold_loss":0.0,"damage_taken":0.0},{"damage_healed":0.0,"max_hp_gain":0.0,"max_hp_loss":0.0,"gold_gain":99.0,"event_name":"Nest","player_choice":"Stole From Cult","floor":19.0,"gold_loss":0.0,"damage_taken":0.0},{"damage_healed":0.0,"max_hp_gain":0.0,"max_hp_loss":0.0,"gold_gain":0.0,"event_name":"Duplicator","player_choice":"Copied","floor":24.0,"gold_loss":0.0,"damage_taken":0.0,"cards_obtained":["hierophant:ChurchCoffers"]},{"damage_healed":0.0,"max_hp_gain":0.0,"max_hp_loss":0.0,"gold_gain":333.0,"event_name":"The Moai Head","player_choice":"Gave Idol","floor":39.0,"relics_lost":["Golden Idol"],"gold_loss":0.0,"damage_taken":0.0},{"damage_healed":0,"gold_gain":0,"player_choice":"Max HP","damage_taken":0,"max_hp_gain":0,"max_hp_loss":4,"event_name":"Winding Halls","floor":45,"gold_loss":0}],"is_beta":false,"boss_relics":[{"not_picked":["Kintsugi","Replay:Ancient Bell","Velvet Choker"]},{"not_picked":["Coffee Dripper","Fusion Hammer"],"picked":"Astrolabe"}],"items_purged_floors":[3,20,38,42,46],"is_endless":false,"potions_floor_spawned":[14,16,18,22,27,33,35,47],"ascension_level":3}}