{"host":"qdfumeom6htv8yxl","time":1609424979,"event":{"mods":["AchievementEnabler","BaseMod","Block Reminder","Minty Spire (QoL Compilation)","Quick Restart","Relic Stats"],"gold_per_floor":[115,265,265,265,282,311,311,329,384,410,23,23,0,0,0,96,96,110,110,110,110,110,110,144,167,193,193,118,142,42,42,42,131,131,146,146,146,174,186,198,198],"floor_reached":40,"playtime":5787,"items_purged":["Pain","Pain"],"score":846,"play_id":"d4446202-3d7a-4672-b503-d9542d6cee65","local_time":"20201231082939","is_ascension_mode":true,"campfire_choices":[{"data":"Deadly Poison","floor":7.0,"key":"SMITH"},{"floor":12.0,"key":"REST"},{"data":"Cloak And Dagger","floor":15.0,"key":"SMITH"},{"data":"Footwork","floor":23.0,"key":"SMITH"},{"floor":27.0,"key":"REST"},{"data":"Wraith Form v2","floor":32.0,"key":"SMITH"}],"circlet_count":0,"master_deck":["AscendersBane","Strike_G+1","Strike_G+1","Strike_G+1","Strike_G+1","Strike_G+1","Defend_G+1","Defend_G+1","Defend_G+1","Defend_G+1","Defend_G+1","Survivor","Neutralize","Dagger Spray","Doubt","Leg Sweep","Deadly Poison+1","Cloak And Dagger+1","Poisoned Stab","Wraith Form v2+1","Backstab","Footwork+1","Bane","Corpse Explosion","Escape Plan","Escape Plan","Envenom","PiercingWail","Decay","Writhe","Backflip+1","Deadly Poison+1"],"relics":["Ring of the Snake","NeowsBlessing","Bronze Scales","Prayer Wheel","Darkstone Periapt","Tiny Chest","Art of War","The Specimen","Golden Idol","Cursed Key","Ninja Scroll","MutagenicStrength","Thread and Needle","Strawberry","Black Star","Toxic Egg 2","MawBank"],"acts_visited":["Exordium","TheCity","TheBeyond"],"potions_floor_usage":[33,33],"damage_taken":[{"damage":0.0,"enemies":"2 Louse","floor":1.0,"turns":1.0},{"damage":0.0,"enemies":"Jaw Worm","floor":5.0,"turns":1.0},{"damage":0.0,"enemies":"3 Sentries","floor":6.0,"turns":2.0},{"damage":4.0,"enemies":"Small Slimes","floor":8.0,"turns":3.0},{"damage":21.0,"enemies":"Gremlin Nob","floor":10.0,"turns":6.0},{"damage":1.0,"enemies":"Looter","floor":13.0,"turns":4.0},{"damage":22.0,"enemies":"Hexaghost","floor":16.0,"turns":11.0},{"damage":11.0,"enemies":"Chosen","floor":18.0,"turns":4.0},{"damage":46.0,"enemies":"Gremlin Leader","floor":24.0,"turns":6.0},{"damage":0.0,"enemies":"2 Thieves","floor":25.0,"turns":1.0},{"damage":0.0,"enemies":"Cultist and Chosen","floor":29.0,"turns":2.0},{"damage":11,"enemies":"Automaton","floor":33,"turns":7},{"damage":0,"enemies":"3 Darklings","floor":35,"turns":6},{"damage":3,"enemies":"3 Shapes","floor":38,"turns":4},{"damage":123,"enemies":"Giant Head","floor":40,"turns":10}],"seed_played":"-7341084084492640069","potions_obtained":[{"floor":1.0,"key":"SpeedPotion"},{"floor":5.0,"key":"Strength Potion"},{"floor":8.0,"key":"GhostInAJar"},{"floor":18.0,"key":"PowerPotion"},{"floor":33,"key":"Dexterity Potion"},{"floor":38,"key":"FearPotion"},{"floor":39,"key":"Ancient Potion"}],"is_trial":false,"path_per_floor":["M","?","?","T","M","E","R","M","T","E","$","R","M","?","R","B",null,"M","?","T","?","?","R","E","M","T","R","$","M","$","?","R","B",null,"M","T","T","M","?","E"],"character_chosen":"THE_SILENT","items_purchased":["The Specimen","Footwork"],"campfire_rested":2,"item_purchase_floors":[11,11],"current_hp_per_floor":[59,59,41,41,41,41,41,37,37,16,16,35,34,34,34,12,48,37,49,55,55,55,55,9,9,22,45,45,45,45,45,45,34,68,68,74,80,77,77,0,0],"gold":198,"neow_bonus":"THREE_ENEMY_KILL","is_daily":false,"chose_seed":false,"campfire_upgraded":4,"win_rate":0.0,"timestamp":1609424979,"path_taken":["M","?","?","?","M","E","R","M","T","E","?","R","M","?","R","BOSS","M","?","?","?","?","R","E","M","T","R","$","M","$","?","R","BOSS","M","?","?","?","?","E"],"items_purchased_type":["Relic","Card"],"build_version":"2020-12-22","purchased_purges":2,"victory":false,"max_hp_per_floor":[66,66,66,66,66,66,66,66,66,66,66,66,66,60,60,60,60,60,60,66,66,66,66,66,66,79,79,79,79,79,79,79,79,79,79,85,91,91,91,91,91],"relic_stats":{"Darkstone Periapt":24,"counters":[15,68],"Golden Idol":63,"Bronze Scales":[192],"Prayer Wheel":8,"Tiny Chest":2,"Art of War":[6],"Black Star":0,"Cursed Key":4,"MawBank":36,"obtain_stats":[{"Darkstone Periapt":6,"NeowsBlessing":0,"The Specimen":11,"Golden Idol":14,"Thread and Needle":24,"Cursed Key":17,"MawBank":37,"Ninja Scroll":20,"Bronze Scales":3,"MutagenicStrength":22,"Strawberry":26,"Prayer Wheel":4,"Tiny Chest":9,"Art of War":10,"Black Star":34,"Toxic Egg 2":36,"Ring of the Snake":0},{"Darkstone Periapt":3,"NeowsBlessing":0,"The Specimen":5,"Golden Idol":6,"Thread and Needle":9,"Cursed Key":7,"MawBank":13,"Ninja Scroll":8,"Bronze Scales":1,"MutagenicStrength":8,"Strawberry":10,"Prayer Wheel":1,"Tiny Chest":4,"Art of War":5,"Black Star":12,"Toxic Egg 2":13,"Ring of the Snake":0},{"Darkstone Periapt":4,"NeowsBlessing":0,"The Specimen":13,"Golden Idol":17,"Thread and Needle":38,"Cursed Key":28,"MawBank":54,"Ninja Scroll":32,"Bronze Scales":1,"MutagenicStrength":32,"Strawberry":39,"Prayer Wheel":1,"Tiny Chest":7,"Art of War":13,"Black Star":48,"Toxic Egg 2":54,"Ring of the Snake":0}],"Ring of the Snake":[30]},"card_choices":[{"not_picked":["Underhanded Strike","Setup"],"picked":"Dagger Spray","floor":1.0},{"not_picked":["PiercingWail","Slice"],"picked":"Leg Sweep","floor":5.0},{"not_picked":["Bane","Distraction"],"picked":"Deadly Poison","floor":5.0},{"not_picked":["Eviscerate","Deflect"],"picked":"Cloak And Dagger","floor":6.0},{"not_picked":["Quick Slash","Prepared"],"picked":"Poisoned Stab","floor":8.0},{"not_picked":["Riddle With Holes","Slice"],"picked":"Wraith Form v2","floor":8.0},{"not_picked":["Slice","Acrobatics"],"picked":"Backstab","floor":10.0},{"not_picked":["Concentrate","Flying Knee"],"picked":"Bane","floor":13.0},{"not_picked":["Accuracy","Grand Finale","Prepared"],"picked":"SKIP","floor":13.0},{"not_picked":["Malaise","Night Terror"],"picked":"Corpse Explosion","floor":16.0},{"not_picked":["Underhanded Strike","Terror"],"picked":"Escape Plan","floor":18.0},{"not_picked":["Distraction","Dagger Throw","Underhanded Strike+1"],"picked":"SKIP","floor":18.0},{"not_picked":["Outmaneuver","Distraction","Endless Agony"],"picked":"SKIP","floor":24.0},{"not_picked":["Dagger Throw","Poisoned Stab"],"picked":"Escape Plan","floor":25.0},{"not_picked":["Sucker Punch","Storm of Steel","Cloak And Dagger"],"picked":"SKIP","floor":25.0},{"not_picked":["Predator","Well Laid Plans","Slice"],"picked":"SKIP","floor":29.0},{"not_picked":["Reflex","Outmaneuver","Dagger Throw"],"picked":"SKIP","floor":29.0},{"not_picked":["Wraith Form v2","Night Terror"],"picked":"Envenom","floor":33},{"not_picked":["Poisoned Stab","Accuracy"],"picked":"PiercingWail","floor":35},{"not_picked":["Dagger Spray","Expertise","Reflex"],"picked":"SKIP","floor":35},{"not_picked":["PiercingWail+1","Endless Agony"],"picked":"Backflip+1","floor":38},{"not_picked":["Blade Dance+1","Deflect+1"],"picked":"Deadly Poison+1","floor":38}],"player_experience":1689232,"relics_obtained":[{"floor":4.0,"key":"Prayer Wheel"},{"floor":6.0,"key":"Darkstone Periapt"},{"floor":9.0,"key":"Tiny Chest"},{"floor":10.0,"key":"Art of War"},{"floor":20.0,"key":"Ninja Scroll"},{"floor":24.0,"key":"Thread and Needle"},{"floor":26.0,"key":"Strawberry"},{"floor":36,"key":"Toxic Egg 2"},{"floor":37,"key":"MawBank"}],"event_choices":[{"damage_healed":0.0,"max_hp_gain":0.0,"max_hp_loss":0.0,"gold_gain":150.0,"event_name":"Liars Game","player_choice":"AGREE","floor":2.0,"gold_loss":0.0,"damage_taken":0.0,"cards_obtained":["Doubt"]},{"damage_healed":0.0,"max_hp_gain":0.0,"max_hp_loss":0.0,"gold_gain":0.0,"event_name":"Scrap Ooze","player_choice":"Success","floor":3.0,"gold_loss":0.0,"damage_taken":18.0,"relics_obtained":["Bronze Scales"]},{"damage_healed":0.0,"max_hp_gain":0.0,"max_hp_loss":6.0,"gold_gain":0.0,"event_name":"Golden Idol","player_choice":"Lose Max HP","floor":14.0,"gold_loss":0.0,"damage_taken":0.0,"relics_obtained":["Golden Idol"]},{"damage_healed":12.0,"max_hp_gain":0.0,"max_hp_loss":0.0,"gold_gain":0.0,"event_name":"The Library","player_choice":"Heal","floor":19.0,"gold_loss":0.0,"damage_taken":0.0},{"damage_healed":0.0,"max_hp_gain":0.0,"max_hp_loss":0.0,"gold_gain":0.0,"event_name":"Back to Basics","player_choice":"Simplicity","floor":21.0,"gold_loss":0.0,"damage_taken":0.0,"cards_upgraded":["Strike_G","Strike_G","Strike_G","Strike_G","Strike_G","Defend_G","Defend_G","Defend_G","Defend_G","Defend_G"]},{"damage_healed":0.0,"max_hp_gain":0.0,"max_hp_loss":0.0,"gold_gain":0.0,"event_name":"Drug Dealer","player_choice":"Inject Mutagens","floor":22.0,"gold_loss":0.0,"damage_taken":0.0,"relics_obtained":["MutagenicStrength"]},{"damage_healed":0,"gold_gain":0,"player_choice":"Got Potions","damage_taken":0,"max_hp_gain":0,"max_hp_loss":0,"event_name":"Lab","floor":39,"gold_loss":0}],"is_beta":false,"boss_relics":[{"not_picked":["Calling Bell","Pandora\u0027s Box"],"picked":"Cursed Key"},{"not_picked":["SacredBark","Runic Dome"],"picked":"Black Star"}],"items_purged_floors":[28,30],"is_endless":false,"potions_floor_spawned":[1,5,8,18,29,33,38],"killed_by":"Giant Head","ascension_level":16}}