{"host":"pfy6u49v5s5r680p","time":1609418793,"event":{"mods":["BaseMod","Colored Map","DeckTracker","Highlight Path","Keyboard Shortcuts","Minty Spire (QoL Compilation)","Permanent Neow","Quick Restart","StSLib","SuperFastMode","everything is the same but u backflip on backflip"],"gold_per_floor":[114,114,139,139,162,162,182,263,329,341,57,57,70,93,93,224,224,240,240,261,111,132,132,173,188,188,48,64,64,88,88,88,212,212,233,599,118,137,237,237,237,237],"floor_reached":41,"playtime":1457,"items_purged":["Strike_R","Strike_R"],"score":646,"play_id":"0a497bd6-fe81-40af-b6d7-36a375a6be90","local_time":"20201231214633","is_ascension_mode":true,"campfire_choices":[{"data":"Searing Blow","floor":6.0,"key":"SMITH"},{"data":"Searing Blow+1","floor":10.0,"key":"SMITH"},{"data":"Searing Blow+2","floor":12.0,"key":"SMITH"},{"data":"Searing Blow+3","floor":15.0,"key":"SMITH"},{"data":"Searing Blow+4","floor":23.0,"key":"SMITH"},{"data":"Searing Blow+5","floor":29.0,"key":"SMITH"},{"data":"Armaments","floor":32.0,"key":"SMITH"},{"data":"Searing Blow+6","floor":40.0,"key":"SMITH"}],"circlet_count":0,"master_deck":["Defend_R","Defend_R","Defend_R","Defend_R","Bash","Searing Blow+7","Spot Weakness","Sentinel","Exhume","Offering","Ghostly Armor","Fiend Fire","Shockwave","Flame Barrier","Thunderclap","Second Wind","Power Through","Fire Breathing","Evolve","Armaments+1","Barricade","Wild Strike+1","Power Through+1","Second Wind"],"relics":["Black Blood","NeowsBlessing","Golden Idol","MawBank","Pen Nib","Lee\u0027s Waffle","Happy Flower","Bird Faced Urn","Black Star","Old Coin","Anchor","Self Forming Clay"],"acts_visited":["Exordium","TheCity","TheBeyond"],"potions_floor_usage":[41,41],"damage_taken":[{"damage":0.0,"enemies":"Jaw Worm","floor":1.0,"turns":1.0},{"damage":0.0,"enemies":"Small Slimes","floor":3.0,"turns":1.0},{"damage":0.0,"enemies":"2 Louse","floor":5.0,"turns":1.0},{"damage":12.0,"enemies":"Looter","floor":7.0,"turns":3.0},{"damage":55.0,"enemies":"Lagavulin Event","floor":8.0,"turns":7.0},{"damage":9.0,"enemies":"Blue Slaver","floor":13.0,"turns":2.0},{"damage":8.0,"enemies":"3 Louse","floor":14.0,"turns":3.0},{"damage":12.0,"enemies":"Slime Boss","floor":16.0,"turns":6.0},{"damage":33.0,"enemies":"2 Thieves","floor":18.0,"turns":4.0},{"damage":12.0,"enemies":"Shell Parasite","floor":20.0,"turns":1.0},{"damage":12.0,"enemies":"Cultist and Chosen","floor":22.0,"turns":3.0},{"damage":4.0,"enemies":"Book of Stabbing","floor":24.0,"turns":2.0},{"damage":17.0,"enemies":"Centurion and Healer","floor":25.0,"turns":5.0},{"damage":12.0,"enemies":"Snecko","floor":28.0,"turns":1.0},{"damage":37.0,"enemies":"Sentry and Sphere","floor":30.0,"turns":4.0},{"damage":39.0,"enemies":"Automaton","floor":33.0,"turns":6.0},{"damage":28.0,"enemies":"3 Shapes","floor":35.0,"turns":5.0},{"damage":50.0,"enemies":"2 Orb Walkers","floor":36.0,"turns":6.0},{"damage":0.0,"enemies":"Orb Walker","floor":38.0,"turns":4.0},{"damage":35,"enemies":"Reptomancer","floor":41,"turns":5}],"seed_played":"-4072524726189394197","potions_obtained":[{"floor":1.0,"key":"EntropicBrew"},{"floor":3.0,"key":"Fire Potion"},{"floor":8.0,"key":"FearPotion"},{"floor":20.0,"key":"DistilledChaos"},{"floor":28.0,"key":"GamblersBrew"},{"floor":30.0,"key":"Dexterity Potion"},{"floor":38.0,"key":"Explosive Potion"}],"is_trial":false,"path_per_floor":["M","?","M","?","M","R","M","?","T","R","$","R","M","M","R","B",null,"M","?","M","$","M","R","E","M","T","$","M","R","M","?","R","B",null,"M","?","$","M","?","R","E"],"character_chosen":"IRONCLAD","items_purchased":["Offering","Lee\u0027s Waffle","Second Wind","Evolve","Second Wind","Anchor","Self Forming Clay"],"campfire_rested":0,"item_purchase_floors":[11,11,21,27,37,37,37],"current_hp_per_floor":[78,74,74,67,73,73,67,18,18,18,81,81,78,76,76,70,78,57,57,57,57,57,57,65,60,60,60,62,62,41,41,41,14,64,54,18,18,30,30,30,0,0],"gold":237,"neow_bonus":"THREE_ENEMY_KILL","is_daily":false,"chose_seed":false,"campfire_upgraded":8,"win_rate":0.0,"timestamp":1609418793,"path_taken":["M","?","M","?","M","R","M","?","T","R","$","R","M","M","R","BOSS","M","?","M","$","M","R","E","M","T","$","M","R","M","?","R","BOSS","M","?","$","M","?","R","E"],"items_purchased_type":["Card","Relic","Card","Card","Card","Relic","Relic"],"build_version":"2020-12-22","purchased_purges":2,"victory":false,"max_hp_per_floor":[80,74,74,74,74,74,74,74,74,74,81,81,81,81,81,81,81,81,81,81,81,81,81,81,81,81,81,81,81,81,81,81,81,81,81,81,81,81,81,81,81,81],"card_choices":[{"not_picked":["Havoc","Anger"],"picked":"Searing Blow","floor":1.0},{"not_picked":["Heavy Blade","Metallicize"],"picked":"Spot Weakness","floor":3.0},{"not_picked":["Rage","Warcry"],"picked":"Sentinel","floor":5.0},{"not_picked":["Wild Strike","Sword Boomerang","Twin Strike"],"picked":"SKIP","floor":7.0},{"not_picked":["Perfected Strike","Cleave"],"picked":"Exhume","floor":8.0},{"not_picked":["Warcry","Feel No Pain","Wild Strike"],"picked":"SKIP","floor":13.0},{"not_picked":["Warcry","Twin Strike"],"picked":"Ghostly Armor","floor":14.0},{"not_picked":["Immolate","Limit Break"],"picked":"Fiend Fire","floor":16.0},{"not_picked":["Rampage","Anger","Wild Strike"],"picked":"SKIP","floor":18.0},{"not_picked":["Searing Blow","Combust"],"picked":"Thunderclap","floor":20.0},{"not_picked":["Spot Weakness","Perfected Strike","Feed"],"picked":"SKIP","floor":22.0},{"not_picked":["Sword Boomerang","Headbutt"],"picked":"Power Through","floor":24.0},{"not_picked":["Dual Wield","Headbutt"],"picked":"Fire Breathing","floor":25.0},{"not_picked":["Warcry","Sword Boomerang+1","Cleave"],"picked":"SKIP","floor":28.0},{"not_picked":["Infernal Blade","Iron Wave"],"picked":"Armaments","floor":30.0},{"not_picked":["Brutality","Offering"],"picked":"Barricade","floor":33.0},{"not_picked":["Evolve","Iron Wave+1"],"picked":"Wild Strike+1","floor":35.0},{"not_picked":["Uppercut+1","Perfected Strike"],"picked":"Power Through+1","floor":36.0},{"not_picked":["Clash","Spot Weakness","Perfected Strike+1"],"picked":"SKIP","floor":38.0}],"player_experience":72081,"relics_obtained":[{"floor":8.0,"key":"MawBank"},{"floor":9.0,"key":"Pen Nib"},{"floor":24.0,"key":"Happy Flower"},{"floor":26.0,"key":"Bird Faced Urn"},{"floor":36.0,"key":"Old Coin"}],"event_choices":[{"damage_healed":0.0,"max_hp_gain":0.0,"max_hp_loss":6.0,"gold_gain":0.0,"event_name":"Golden Idol","player_choice":"Lose Max HP","floor":2.0,"gold_loss":0.0,"damage_taken":0.0,"relics_obtained":["Golden Idol"]},{"cards_removed":["Strike_R"],"damage_healed":0.0,"max_hp_gain":0.0,"max_hp_loss":0.0,"gold_gain":0.0,"event_name":"Golden Wing","player_choice":"Card Removal","floor":4.0,"gold_loss":0.0,"damage_taken":7.0},{"damage_healed":0.0,"max_hp_gain":0.0,"max_hp_loss":0.0,"gold_gain":0.0,"event_name":"Dead Adventurer","player_choice":"Searched \u00272\u0027 times","floor":8.0,"gold_loss":0.0,"damage_taken":0.0},{"damage_healed":0.0,"max_hp_gain":0.0,"max_hp_loss":0.0,"gold_gain":0.0,"cards_transformed":["Strike_R","Strike_R"],"event_name":"Drug Dealer","player_choice":"Became Test Subject","floor":19.0,"gold_loss":0.0,"damage_taken":0.0,"cards_obtained":["Shockwave","Flame Barrier"]},{"damage_healed":0.0,"max_hp_gain":0.0,"max_hp_loss":0.0,"gold_gain":0.0,"event_name":"Vampires","player_choice":"Ignored","floor":31.0,"gold_loss":0.0,"damage_taken":0.0},{"damage_healed":0.0,"max_hp_gain":0.0,"max_hp_loss":0.0,"gold_gain":0.0,"event_name":"Mysterious Sphere","player_choice":"Fight","floor":36.0,"gold_loss":0.0,"damage_taken":0.0},{"damage_healed":0.0,"max_hp_gain":0.0,"max_hp_loss":0.0,"gold_gain":100.0,"event_name":"Golden Shrine","player_choice":"Pray","floor":39.0,"gold_loss":0.0,"damage_taken":0.0}],"is_beta":false,"boss_relics":[{"not_picked":["Busted Crown","Tiny House"],"picked":"Black Blood"},{"not_picked":["Runic Dome","Fusion Hammer"],"picked":"Black Star"}],"items_purged_floors":[21,27],"is_endless":false,"potions_floor_spawned":[1,3,8,20,22,28,30,38],"killed_by":"Reptomancer","ascension_level":6}}