{"host":"watt8gvwfmxuscaf","time":1609453534,"event":{"mods":["BaseMod","CatGirl Mod","Colored Map","Colored Powertips","Conspire","Downfall","GifTheSpireLib","Hermit","Hubris","Infinite Spire","Marisa????????","Minty Spire (QoL Compilation)","Quick Restart","Rare Cards Sparkle","Relic Stats","Replay The Spire","Shop Mod","StSLib","Stuff the Spire","SuperFastMode","The Animator","The Cursed","The Hierophant","The Mystic","The Necromancer","The Poker Player","The Runesmith","The Servant 0.9.4","The Wild Card"],"gold_per_floor":[117,72,72,93,93,119,119,151,151,180,180,196,196,210,210,308,308,320,326,326],"floor_reached":19,"playtime":513,"items_purged":["Delirium"],"score":315,"play_id":"339efb99-1a4c-4e78-8a9b-c63cf899b09a","local_time":"20201231172534","is_ascension_mode":true,"campfire_choices":[{"floor":7,"key":"REST"},{"floor":11,"key":"REST"},{"floor":13,"key":"REST"},{"floor":15,"key":"REST"}],"circlet_count":0,"master_deck":["Strike_B","Strike_B+1","Strike_B+1","Strike_B","Defend_B","Defend_B","Defend_B","Zap+1","Dualcast","ReplayGash+1","Beam Cell","Blizzard+1","Double Energy+1","Steam","Leap","Sweeping Beam","Scrape","Cold Snap"],"relics":["Cracked Core","NeowsBlessing","ReplayTheSpireMod:CursedCoin","StuffTheSpire:EmeraldSignet","Gremlin Food","infinitespire:Bottled Soul","StuffTheSpire:Nightcore","DataDisk","conspire:RoyalGoblet","Prayer Wheel"],"acts_visited":["Exordium","TheCity"],"potions_floor_usage":[10,16,19],"damage_taken":[{"damage":0,"enemies":"Jaw Worm","floor":1,"turns":1},{"damage":0,"enemies":"Gremlin Nob","floor":6,"turns":1},{"damage":0,"enemies":"3 Sentries","floor":8,"turns":1},{"damage":46,"enemies":"Lagavulin","floor":10,"turns":7},{"damage":0,"enemies":"Cultist","floor":12,"turns":2},{"damage":0,"enemies":"Small Slimes","floor":14,"turns":2},{"damage":56,"enemies":"Fading Forest","floor":16,"turns":11},{"damage":21,"enemies":"3 Byrds","floor":18,"turns":5},{"damage":50,"enemies":"conspire:MimicChest","floor":19,"turns":5}],"seed_played":"7676058563480204776","potions_obtained":[{"floor":1,"key":"hexamod:EctoCoolerPotion"},{"floor":14,"key":"EssenceOfDarkness"},{"floor":18,"key":"PowerPotion"}],"is_trial":false,"path_per_floor":["M","$","?","$","T","E","R","E","T","E","R","M","R","M","R","B",null,"M","?"],"character_chosen":"DEFECT","items_purchased":["Beam Cell","ReplayTheSpireMod:CursedCoin","Double Energy+1"],"campfire_rested":4,"item_purchase_floors":[2,4,4],"current_hp_per_floor":[68,68,68,68,68,68,75,75,75,29,51,51,73,73,75,27,63,42,0,0],"gold":326,"neow_bonus":"THREE_ENEMY_KILL","is_daily":false,"chose_seed":false,"campfire_upgraded":0,"win_rate":0.0,"timestamp":1609453534,"path_taken":["M","$","?","?","?","E","R","E","T","E","R","M","R","?","R","BOSS","M","?"],"items_purchased_type":["Card","Relic","Card"],"build_version":"2020-12-22","purchased_purges":1,"victory":false,"max_hp_per_floor":[75,75,75,75,75,75,75,75,75,75,75,75,75,75,75,75,75,75,75,75],"relic_stats":{"counters":[9,34],"Prayer Wheel":0,"obtain_stats":[{"Gremlin Food":6,"DataDisk":10,"NeowsBlessing":0,"conspire:RoyalGoblet":17,"ReplayTheSpireMod:CursedCoin":4,"infinitespire:Bottled Soul":8,"Prayer Wheel":19,"StuffTheSpire:EmeraldSignet":5,"StuffTheSpire:Nightcore":9,"Cracked Core":0},{"Gremlin Food":2,"DataDisk":4,"NeowsBlessing":0,"conspire:RoyalGoblet":7,"ReplayTheSpireMod:CursedCoin":1,"infinitespire:Bottled Soul":3,"Prayer Wheel":9,"StuffTheSpire:EmeraldSignet":1,"StuffTheSpire:Nightcore":3,"Cracked Core":0},{"Gremlin Food":2,"DataDisk":10,"NeowsBlessing":0,"conspire:RoyalGoblet":24,"ReplayTheSpireMod:CursedCoin":1,"infinitespire:Bottled Soul":3,"Prayer Wheel":30,"StuffTheSpire:EmeraldSignet":1,"StuffTheSpire:Nightcore":3,"Cracked Core":0}]},"card_choices":[{"not_picked":["ReplayTheSpireMod:Repulse","Streamline"],"picked":"ReplayGash","floor":1},{"not_picked":["Panic Button","Conserve Battery"],"picked":"Steam","floor":6},{"not_picked":["Ball Lightning","Barrage"],"picked":"Leap","floor":8},{"not_picked":["StuffTheSpire:CleanHardDrive","Beam Cell"],"picked":"Sweeping Beam","floor":10},{"not_picked":["Leap","ReplayTheSpireMod:Repulse"],"picked":"Scrape","floor":12},{"not_picked":["Coolheaded","hubris:Ukulele","Stack"],"picked":"SKIP","floor":14},{"not_picked":["Machine Learning","Fission"],"picked":"ReplayTheSpireMod:Fabricate Wheel","floor":16},{"not_picked":["Genetic Algorithm","Reprogram+1"],"picked":"Cold Snap","floor":18}],"player_experience":533540,"relics_obtained":[{"floor":5,"key":"StuffTheSpire:EmeraldSignet"},{"floor":6,"key":"Gremlin Food"},{"floor":8,"key":"infinitespire:Bottled Soul"},{"floor":9,"key":"StuffTheSpire:Nightcore"},{"floor":10,"key":"DataDisk"}],"event_choices":[],"is_beta":false,"boss_relics":[{"not_picked":["Tiny House","Runesmith:UraniumAnvil"],"picked":"conspire:RoyalGoblet"}],"items_purged_floors":[4],"is_endless":false,"potions_floor_spawned":[1,14,18],"killed_by":"conspire:MimicChest","ascension_level":7}}