{"host":"uc0x0d8zaap3n3zi","time":1609425336,"event":{"mods":["2.2 Compatiblity","AchievementEnabler","Act Like it!","Alarm Clock","BaseMod","Colored Powertips","Downfall","Minty Spire (QoL Compilation)","Pale of the Ancients","Rare Cards Sparkle","Relic Stats","StSLib","The Cursed","The Marked","slay the spire mod where everything is the same but ironclad has a cowboy hat"],"gold_per_floor":[116,116,130,130,143,143,156,156,231,231,249,266,279,314,314,413,413,428,445,445,463,482,515,515,515,515],"floor_reached":25,"playtime":2085,"items_purged":[],"score":238,"play_id":"2d613ef2-c3bb-41bd-986c-5c042ea7debd","local_time":"20210101033535","is_ascension_mode":true,"campfire_choices":[{"data":"Redo","floor":6,"key":"SMITH"},{"data":"Zap","floor":8,"key":"SMITH"},{"data":"Coolheaded","floor":15,"key":"SMITH"},{"data":"Fission","floor":24,"key":"SMITH"}],"circlet_count":0,"master_deck":["Strike_B","Strike_B","Defend_B+1","Defend_B","Defend_B","Zap+1","Dualcast+1","Redo+1","Turbo","Self Repair","Coolheaded+1","Sweeping Beam","Chill","Fission+1","Buffer+1","Glacier+1","Coolheaded+1","Gash+1","BootSequence","Consume","Conserve Battery+1","Capacitor+1"],"relics":["Sozu","Pantograph","War Paint","Astrolabe","WingedGreaves"],"acts_visited":["Exordium","TheCity"],"potions_floor_usage":[],"damage_taken":[{"damage":6,"enemies":"Jaw Worm","floor":1,"turns":4},{"damage":0,"enemies":"Small Slimes","floor":3,"turns":3},{"damage":1,"enemies":"Cultist","floor":5,"turns":4},{"damage":7,"enemies":"Large Slime","floor":7,"turns":6},{"damage":11,"enemies":"Red Slaver","floor":11,"turns":5},{"damage":0,"enemies":"Blue Slaver","floor":12,"turns":4},{"damage":5,"enemies":"3 Louse","floor":13,"turns":3},{"damage":36,"enemies":"Gremlin Nob","floor":14,"turns":5},{"damage":62,"enemies":"Slime Boss","floor":16,"turns":16},{"damage":0,"enemies":"Shell Parasite","floor":18,"turns":17},{"damage":5,"enemies":"2 Thieves","floor":19,"turns":5},{"damage":4,"enemies":"Snecko","floor":21,"turns":11},{"damage":8,"enemies":"Shelled Parasite and Fungi","floor":22,"turns":10},{"damage":3,"enemies":"Slavers","floor":23,"turns":13},{"damage":87,"enemies":"Gremlin Leader","floor":25,"turns":13}],"seed_played":"-4704778386227413802","potions_obtained":[],"is_trial":false,"path_per_floor":["M","?","M","?","M","R","M","R","T","?","M","M","M","E","R","B",null,"M","M","?","M","M","E","R","E"],"character_chosen":"DEFECT","items_purchased":[],"campfire_rested":0,"item_purchase_floors":[],"current_hp_per_floor":[69,69,69,74,73,73,66,66,66,66,62,69,71,42,42,12,80,80,80,80,80,79,80,80,0,0],"gold":515,"neow_bonus":"BOSS_RELIC","is_daily":false,"chose_seed":false,"campfire_upgraded":4,"win_rate":0.0,"timestamp":1609425335,"path_taken":["M","?","M","?","M","R","M","R","T","?","M","M","?","E","R","BOSS","M","M","?","M","?","E","R","E"],"items_purchased_type":[],"build_version":"2020-12-22","purchased_purges":0,"victory":false,"max_hp_per_floor":[75,75,75,80,80,80,80,80,80,80,80,80,80,80,80,80,80,80,80,80,80,80,80,80,80,80],"relic_stats":{"Sozu":6,"counters":[15,119],"Pantograph":25,"Astrolabe":["Buffer","Glacier","Coolheaded"],"War Paint":["Dualcast","Defend_B"],"obtain_stats":[{"Sozu":0,"Pantograph":9,"Astrolabe":17,"WingedGreaves":23,"War Paint":14,"Cracked Core":0},{"Sozu":0,"Pantograph":4,"Astrolabe":9,"WingedGreaves":14,"War Paint":8,"Cracked Core":0},{"Sozu":0,"Pantograph":17,"Astrolabe":50,"WingedGreaves":106,"War Paint":34,"Cracked Core":0}]},"card_choices":[{"not_picked":["Stack","Streamline"],"picked":"Redo","floor":1},{"not_picked":["Scrape","Heatsinks"],"picked":"Turbo","floor":3},{"not_picked":["Ball Lightning","Static Discharge","Streamline"],"picked":"SKIP","floor":5},{"not_picked":["Leap","Melter"],"picked":"Self Repair","floor":7},{"not_picked":["Sunder","Chaos","Beam Cell"],"picked":"SKIP","floor":11},{"not_picked":["Hello World","Cold Snap"],"picked":"Sweeping Beam","floor":12},{"not_picked":["Multi-Cast","Tempest"],"picked":"Chill","floor":13},{"not_picked":["Tempest","Ball Lightning","Go for the Eyes"],"picked":"SKIP","floor":14},{"not_picked":["Biased Cognition","Reboot"],"picked":"Fission","floor":16},{"not_picked":["Rebound","Sweeping Beam"],"picked":"Gash+1","floor":18},{"not_picked":["Steam","Undo"],"picked":"BootSequence","floor":19},{"not_picked":["Cold Snap+1","Force Field"],"picked":"Consume","floor":21},{"not_picked":["Skim","White Noise+1"],"picked":"Conserve Battery+1","floor":22},{"not_picked":["Undo","Creative AI"],"picked":"Capacitor+1","floor":23}],"player_experience":243710,"relics_obtained":[{"floor":9,"key":"Pantograph"},{"floor":14,"key":"War Paint"},{"floor":23,"key":"WingedGreaves"}],"event_choices":[{"damage_healed":0,"gold_gain":0,"player_choice":"Leave","damage_taken":0,"max_hp_gain":0,"max_hp_loss":0,"event_name":"The Cleric","floor":2,"gold_loss":0},{"damage_healed":0,"gold_gain":0,"player_choice":"Donut","damage_taken":0,"max_hp_gain":5,"max_hp_loss":0,"event_name":"Big Fish","floor":4,"gold_loss":0},{"damage_healed":0,"gold_gain":0,"player_choice":"1 cards matched","damage_taken":0,"max_hp_gain":0,"max_hp_loss":0,"event_name":"Match and Keep!","floor":10,"gold_loss":0,"cards_obtained":["Coolheaded"]},{"damage_healed":0,"gold_gain":0,"player_choice":"Bought 0 Potions","damage_taken":0,"max_hp_gain":0,"max_hp_loss":0,"event_name":"The Woman in Blue","floor":20,"gold_loss":0}],"is_beta":false,"boss_relics":[{"not_picked":["Pandora\u0027s Box","Calling Bell"],"picked":"Astrolabe"}],"items_purged_floors":[],"is_endless":false,"potions_floor_spawned":[7,11,14,16,18,23],"killed_by":"Gremlin Leader","ascension_level":1}}