{"host":"foq4mrde4mssg7vt","time":1609434123,"event":{"mods":["AchievementEnabler","BaseMod","Colored Map","Colored Powertips","Highlight Path","Minty Spire (QoL Compilation)","Relic Stats","everything is the same but u backflip on backflip"],"gold_per_floor":[111,111,122,139,159,159,194,194,194,228,242,242,242,273,273,350,350,367,382,50,66,66,95,20,33,33,33,66,266,286,314,314,392,392,411,411,421,421,435,435,460,470,470,502,10,10,25,0,0,0,0,0,0,35,35],"floor_reached":56,"playtime":3837,"items_purged":["Normality"],"score":2463,"play_id":"85138281-2f23-4757-b10f-522ae22d9a54","local_time":"20210101010203","is_ascension_mode":true,"campfire_choices":[{"data":"Sucker Punch","floor":6.0,"key":"SMITH"},{"data":"Dash","floor":8.0,"key":"SMITH"},{"data":"Poisoned Stab","floor":12.0,"key":"SMITH"},{"data":"Deadly Poison","floor":15.0,"key":"SMITH"},{"floor":27.0,"key":"REST"},{"floor":32.0,"key":"REST"},{"data":"Wraith Form v2","floor":40.0,"key":"SMITH"},{"floor":49.0,"key":"RECALL"}],"circlet_count":0,"master_deck":["AscendersBane","Strike_G+1","Strike_G+1","Strike_G+1","Strike_G+1","Defend_G+1","Defend_G+1","Defend_G+1","Defend_G+1","Defend_G+1","Survivor+1","Neutralize+1","Sucker Punch+1","Dash+1","Cloak And Dagger+1","Backflip+1","Deadly Poison+1","Night Terror+1","Bouncing Flask+1","Crippling Poison+1","Catalyst+1","Wraith Form v2+1","PiercingWail+1","Heel Hook+1","Dagger Spray+1","Acrobatics+1","After Image+1","Calculated Gamble+1","Blur+1"],"relics":["Ring of the Snake","PreservedInsect","War Paint","Ancient Tea Set","Paper Crane","White Beast Statue","Cursed Key","Oddly Smooth Stone","Anchor","Akabeko","Nunchaku","Centennial Puzzle","Coffee Dripper","Incense Burner","Bag of Marbles","The Specimen","Mark of the Bloom","Red Mask","Vajra"],"acts_visited":["Exordium","TheCity","TheBeyond","TheEnding"],"potions_floor_usage":[55],"damage_taken":[{"damage":8.0,"enemies":"Jaw Worm","floor":1.0,"turns":8.0},{"damage":0.0,"enemies":"Cultist","floor":3.0,"turns":4.0},{"damage":0.0,"enemies":"Small Slimes","floor":4.0,"turns":3.0},{"damage":1.0,"enemies":"2 Fungi Beasts","floor":5.0,"turns":3.0},{"damage":13.0,"enemies":"Lagavulin","floor":7.0,"turns":7.0},{"damage":0.0,"enemies":"Gremlin Nob","floor":10.0,"turns":3.0},{"damage":0.0,"enemies":"Looter","floor":11.0,"turns":3.0},{"damage":2.0,"enemies":"3 Sentries","floor":14.0,"turns":8.0},{"damage":0.0,"enemies":"Hexaghost","floor":16.0,"turns":11.0},{"damage":13.0,"enemies":"2 Thieves","floor":18.0,"turns":5.0},{"damage":0.0,"enemies":"Shell Parasite","floor":19.0,"turns":4.0},{"damage":11.0,"enemies":"Sentry and Sphere","floor":21.0,"turns":9.0},{"damage":18.0,"enemies":"Gremlin Leader","floor":23.0,"turns":7.0},{"damage":0.0,"enemies":"Centurion and Healer","floor":25.0,"turns":5.0},{"damage":2.0,"enemies":"Book of Stabbing","floor":28.0,"turns":4.0},{"damage":2.0,"enemies":"Cultist and Chosen","floor":30.0,"turns":3.0},{"damage":8.0,"enemies":"Gremlin Leader","floor":31.0,"turns":4.0},{"damage":0.0,"enemies":"Automaton","floor":33.0,"turns":2.0},{"damage":0.0,"enemies":"3 Darklings","floor":35.0,"turns":7.0},{"damage":0.0,"enemies":"Orb Walker","floor":37.0,"turns":3.0},{"damage":9.0,"enemies":"Sphere and 2 Shapes","floor":39.0,"turns":10.0},{"damage":0.0,"enemies":"Reptomancer","floor":41.0,"turns":6.0},{"damage":1.0,"enemies":"4 Shapes","floor":42.0,"turns":7.0},{"damage":1.0,"enemies":"Giant Head","floor":44.0,"turns":9.0},{"damage":0.0,"enemies":"Spire Growth","floor":47.0,"turns":6.0},{"damage":17.0,"enemies":"Awakened One","floor":50.0,"turns":17.0},{"damage":0.0,"enemies":"Shield and Spear","floor":54.0,"turns":7.0},{"damage":29,"enemies":"The Heart","floor":55,"turns":6}],"seed_played":"4321337775160070499","potions_obtained":[{"floor":1.0,"key":"Fire Potion"},{"floor":3.0,"key":"PowerPotion"},{"floor":10.0,"key":"Energy Potion"},{"floor":25.0,"key":"Block Potion"},{"floor":35.0,"key":"FearPotion"},{"floor":37.0,"key":"LiquidBronze"},{"floor":41.0,"key":"Fruit Juice"},{"floor":42.0,"key":"Weak Potion"}],"is_trial":false,"path_per_floor":["M","?","M","M","M","R","E","R","T","E","M","R","?","E","R","B",null,"M","M","$","M","$","E","?","M","T","R","E","?","M","E","R","B",null,"M","?","M","?","M","R","E","M","T","E","$","?","M","?","R","B",null,"R","$","E","B",null],"character_chosen":"THE_SILENT","items_purchased":["Oddly Smooth Stone","Anchor","The Specimen","Calculated Gamble"],"campfire_rested":2,"item_purchase_floors":[20,20,45,45],"current_hp_per_floor":[51,51,51,51,50,50,37,37,37,37,37,37,37,35,35,35,58,45,45,45,34,34,16,16,16,16,35,33,33,31,23,42,42,60,60,60,60,60,51,51,51,55,55,54,54,54,54,54,54,37,37,37,37,37,8],"gold":35,"neow_bonus":"RANDOM_COMMON_RELIC","is_daily":false,"chose_seed":false,"campfire_upgraded":5,"win_rate":0.0,"timestamp":1609434123,"path_taken":["M","?","M","M","?","R","E","R","T","E","M","R","?","E","R","BOSS","M","M","$","M","$","E","?","M","T","R","E","?","M","E","R","BOSS","M","?","M","?","M","R","E","M","T","E","$","?","M","?","R","BOSS","R","$","E","BOSS"],"items_purchased_type":["Relic","Relic","Relic","Card"],"build_version":"2020-12-22","purchased_purges":1,"victory":true,"max_hp_per_floor":[66,66,66,66,66,66,66,66,66,66,66,66,66,66,66,66,66,66,66,66,66,66,66,66,66,66,66,66,66,66,66,66,66,66,66,66,66,66,66,66,66,71,71,71,71,71,71,71,71,71,71,71,71,71,71],"relic_stats":{"Nunchaku":[14],"Centennial Puzzle":[15],"Mark of the Bloom":26,"counters":[28,171],"PreservedInsect":489,"War Paint":["Defend_G","Defend_G"],"Cursed Key":1,"obtain_stats":[{"Mark of the Bloom":46,"The Specimen":45,"Oddly Smooth Stone":20,"Vajra":54,"PreservedInsect":0,"Incense Burner":41,"War Paint":7,"Paper Crane":10,"Ancient Tea Set":9,"Cursed Key":17,"White Beast Statue":14,"Akabeko":23,"Anchor":20,"Nunchaku":28,"Centennial Puzzle":31,"Coffee Dripper":34,"Bag of Marbles":44,"Red Mask":48,"Ring of the Snake":0},{"Mark of the Bloom":24,"The Specimen":24,"Oddly Smooth Stone":11,"Vajra":27,"PreservedInsect":0,"Incense Burner":22,"War Paint":5,"Paper Crane":6,"Ancient Tea Set":5,"Cursed Key":9,"White Beast Statue":8,"Akabeko":13,"Anchor":11,"Nunchaku":15,"Centennial Puzzle":17,"Coffee Dripper":18,"Bag of Marbles":24,"Red Mask":25,"Ring of the Snake":0},{"Mark of the Bloom":135,"The Specimen":135,"Oddly Smooth Stone":59,"Vajra":165,"PreservedInsect":0,"Incense Burner":119,"War Paint":25,"Paper Crane":28,"Ancient Tea Set":25,"Cursed Key":50,"White Beast Statue":39,"Akabeko":75,"Anchor":59,"Nunchaku":84,"Centennial Puzzle":91,"Coffee Dripper":93,"Bag of Marbles":135,"Red Mask":141,"Ring of the Snake":0}],"Ring of the Snake":[56]},"card_choices":[{"not_picked":["Calculated Gamble","Finisher"],"picked":"Poisoned Stab","floor":1.0},{"not_picked":["Blur","Acrobatics"],"picked":"Sucker Punch","floor":3.0},{"not_picked":["Prepared","Skewer"],"picked":"Dash","floor":4.0},{"not_picked":["Flying Knee","Catalyst"],"picked":"Cloak And Dagger","floor":5.0},{"not_picked":["Sucker Punch","Night Terror","Flying Knee"],"picked":"SKIP","floor":7.0},{"not_picked":["Setup","Slice"],"picked":"Backflip","floor":10.0},{"not_picked":["Flying Knee","Acrobatics","Poisoned Stab"],"picked":"SKIP","floor":11.0},{"not_picked":["Blade Dance","Burst"],"picked":"Deadly Poison","floor":14.0},{"not_picked":["Grand Finale","Storm of Steel"],"picked":"Night Terror","floor":16.0},{"not_picked":["Cloak And Dagger","Riddle With Holes"],"picked":"Bouncing Flask+1","floor":18.0},{"not_picked":["Underhanded Strike","Dodge and Roll"],"picked":"Crippling Poison","floor":19.0},{"not_picked":["Expertise","Cloak And Dagger"],"picked":"Catalyst+1","floor":21.0},{"not_picked":["Flying Knee","Catalyst","Concentrate"],"picked":"SKIP","floor":23.0},{"not_picked":["Prepared","Bane","Flying Knee"],"picked":"SKIP","floor":25.0},{"not_picked":["Concentrate","Outmaneuver+1"],"picked":"Wraith Form v2","floor":28.0},{"not_picked":["Catalyst","Deadly Poison+1"],"picked":"PiercingWail","floor":30.0},{"not_picked":["Bullet Time","Sucker Punch","Choke"],"picked":"SKIP","floor":31.0},{"not_picked":["Endless Agony+1","Slice"],"picked":"Heel Hook","floor":35.0},{"not_picked":["Underhanded Strike","Distraction","Blade Dance"],"picked":"SKIP","floor":37.0},{"not_picked":["Underhanded Strike","All Out Attack","Skewer+1"],"picked":"SKIP","floor":39.0},{"not_picked":["Prepared+1","Outmaneuver+1"],"picked":"Dagger Spray","floor":41.0},{"not_picked":["Escape Plan+1","Dagger Throw"],"picked":"Acrobatics","floor":42.0},{"not_picked":["Masterful Stab","Choke"],"picked":"After Image","floor":44.0},{"not_picked":["Bane","PiercingWail+1"],"picked":"Blur+1","floor":47.0},{"not_picked":["Endless Agony","Bouncing Flask","Expertise"],"picked":"SKIP","floor":54.0}],"player_experience":341474,"relics_obtained":[{"floor":7.0,"key":"War Paint"},{"floor":9.0,"key":"Ancient Tea Set"},{"floor":10.0,"key":"Paper Crane"},{"floor":14.0,"key":"White Beast Statue"},{"floor":23.0,"key":"Akabeko"},{"floor":28.0,"key":"Nunchaku"},{"floor":31.0,"key":"Centennial Puzzle"},{"floor":41.0,"key":"Incense Burner"},{"floor":44.0,"key":"Bag of Marbles"},{"floor":54.0,"key":"Vajra"}],"event_choices":[{"damage_healed":0.0,"max_hp_gain":0.0,"max_hp_loss":0.0,"gold_gain":0.0,"event_name":"Upgrade Shrine","player_choice":"Upgraded","floor":2.0,"gold_loss":0.0,"damage_taken":0.0,"cards_upgraded":["Neutralize"]},{"damage_healed":0.0,"max_hp_gain":0.0,"max_hp_loss":0.0,"gold_gain":0.0,"event_name":"Shining Light","player_choice":"Ignored","floor":13.0,"gold_loss":0.0,"damage_taken":0.0},{"cards_removed":["Strike_G"],"damage_healed":0.0,"max_hp_gain":0.0,"max_hp_loss":0.0,"gold_gain":0.0,"event_name":"Beggar","player_choice":"Gave Gold","floor":24.0,"gold_loss":75.0,"damage_taken":0.0},{"damage_healed":0.0,"max_hp_gain":0.0,"max_hp_loss":0.0,"gold_gain":250.0,"event_name":"The Joust","player_choice":"Bet on Owner","floor":29.0,"gold_loss":50.0,"damage_taken":0.0},{"damage_healed":0.0,"max_hp_gain":0.0,"max_hp_loss":0.0,"gold_gain":0.0,"event_name":"Mysterious Sphere","player_choice":"Ignored","floor":36.0,"gold_loss":0.0,"damage_taken":0.0},{"cards_removed":["Poisoned Stab"],"damage_healed":0.0,"max_hp_gain":0.0,"max_hp_loss":0.0,"gold_gain":0.0,"event_name":"Falling","player_choice":"Removed Attack","floor":38.0,"gold_loss":0.0,"damage_taken":0.0},{"damage_healed":0.0,"max_hp_gain":0.0,"max_hp_loss":0.0,"gold_gain":0.0,"event_name":"MindBloom","player_choice":"Upgrade","floor":46.0,"gold_loss":0.0,"damage_taken":0.0,"cards_upgraded":["Strike_G","Strike_G","Strike_G","Strike_G","Defend_G","Defend_G","Defend_G","Survivor","Cloak And Dagger","Backflip","Night Terror","Crippling Poison","PiercingWail","Heel Hook","Dagger Spray","Acrobatics","After Image","Calculated Gamble"],"relics_obtained":["Mark of the Bloom"]},{"damage_healed":0.0,"max_hp_gain":0.0,"max_hp_loss":0.0,"gold_gain":0.0,"event_name":"Tomb of Lord Red Mask","player_choice":"Paid","floor":48.0,"gold_loss":25.0,"damage_taken":0.0,"relics_obtained":["Red Mask"]}],"is_beta":false,"boss_relics":[{"not_picked":["Ectoplasm","Runic Dome"],"picked":"Cursed Key"},{"not_picked":["HoveringKite","Pandora\u0027s Box"],"picked":"Coffee Dripper"}],"items_purged_floors":[45],"is_endless":false,"potions_floor_spawned":[1,3,10,11,16,18,19,21,23,25,28,30,31,33,35,37,39,41,42,44,47,54],"ascension_level":16}}