{"host":"51qmnr9isyv85d0p","time":1609401608,"event":{"mods":["AchievementEnabler","BaseMod","Colored Map","Colored Powertips","Curses Come First","Downfall","Minty Spire (QoL Compilation)","Relic Stats","StSLib","TestMod","vexMod"],"gold_per_floor":[99,9999,9051,9151,9151,9178,9203,9222,9234,9251,9351,9351,9361,9390,9403,9501,9501,9501,9351,9362,9380,9380,8867,8892,8916,8928,8958,8392,7703,7732,7752,7765,7869,7869,7869,7888,7906,7921,7934,7949,7975,8375,8391,7664,7664,6819,6060,6060,6077,6077],"floor_reached":51,"playtime":893,"items_purged":["hexamod:Defend","Decay","hexamod:Strike","hexamod:Defend","hexamod:Strike","hexamod:Defend","hexamod:Strike"],"score":1133,"play_id":"95faa01d-63b6-41e1-b73f-3c6e984646b8","local_time":"20201231160008","is_ascension_mode":false,"campfire_choices":[{"data":"hexamod:TimeWarp","floor":1,"key":"SMITH"},{"data":"hexamod:GhostOfSpirePast","floor":12,"key":"SMITH"},{"data":"hexamod:TimeOfNeed","floor":18,"key":"SMITH"},{"data":"vexMod:StairwayStrike","floor":35,"key":"SMITH"},{"data":"testmod-PainDetonator","floor":45,"key":"SMITH"}],"circlet_count":0,"master_deck":["hexamod:Strike+1","hexamod:Defend+1","hexamod:Sear+1","hexamod:Float+1","hexamod:TimeWarp+1","hexamod:SkipABeat","hexamod:GhostOfSpirePast+1","hexamod:SecondSeal","Impatience","hexamod:GhostOfSpirePast+1","hexamod:WildfireWeapon+1","hexamod:DynamicBlow","hexamod:ThermalTransfer","hexamod:Sear","testmod-PainDetonator+1","hexamod:StepThrough","hexamod:TimeOfNeed+1","hexamod:NecessarySacrifice+1","vexMod:StairwayStrike+1","hexamod:GhostOfSpireFuture+1","hexamod:Rewind+1","hexamod:EmpoweringStance+1"],"relics":["hexamod:SpiritBrand","testmod-Brilliant","testmod-Fortitude","PreservedInsect","testmod-Antiphasic","Frozen Egg 2","War Paint","downfall:GremlinSack","testmod-StringDisintegrator","hexamod:InflammatoryLetter","Centennial Puzzle","vexMod:GhostlyGear","MawBank","Bag of Marbles","vexMod:FocusSash","Sling","InkBottle","Juzu Bracelet","vexMod:Spyglass","Strawberry","testmod-TimeTraveler","Guardian:PocketSentry","Orichalcum","Ornamental Fan","testmod-Charity","Kunai","Gremlin Horn","Lee\u0027s Waffle","testmod-Acrobat","vexMod:Dragonfruit","Chemical X","vexMod:InvisibilityCloak"],"acts_visited":["Exordium","TheCity","TheBeyond"],"potions_floor_usage":[50,50,50,50,50],"damage_taken":[{"damage":0,"enemies":"Small Slimes","floor":2,"turns":1},{"damage":0,"enemies":"downfall:FleeingMerchant","floor":3,"turns":4},{"damage":0,"enemies":"Gremlin Nob","floor":6,"turns":1},{"damage":0,"enemies":"Jaw Worm","floor":8,"turns":1},{"damage":0,"enemies":"2 Louse","floor":9,"turns":1},{"damage":0,"enemies":"Exordium Thugs","floor":10,"turns":1},{"damage":0,"enemies":"Exordium Thugs","floor":11,"turns":1},{"damage":0,"enemies":"Lots of Slimes","floor":13,"turns":1},{"damage":0,"enemies":"Lagavulin","floor":14,"turns":1},{"damage":0,"enemies":"Blue Slaver","floor":15,"turns":1},{"damage":0,"enemies":"downfall:Silent","floor":16,"turns":1},{"damage":0,"enemies":"Spheric Guardian","floor":20,"turns":1},{"damage":0,"enemies":"3 Byrds","floor":21,"turns":1},{"damage":0,"enemies":"downfall:FleeingMerchant","floor":23,"turns":1},{"damage":0,"enemies":"Snake Plant","floor":25,"turns":1},{"damage":0,"enemies":"Centurion and Healer","floor":27,"turns":1},{"damage":0,"enemies":"Book of Stabbing","floor":30,"turns":1},{"damage":0,"enemies":"Shelled Parasite and Fungi","floor":31,"turns":1},{"damage":0,"enemies":"Snake Plant","floor":32,"turns":1},{"damage":0,"enemies":"downfall:Ironclad","floor":33,"turns":2},{"damage":0,"enemies":"3 Darklings","floor":36,"turns":1},{"damage":0,"enemies":"Orb Walker","floor":37,"turns":1},{"damage":0,"enemies":"3 Darklings","floor":38,"turns":1},{"damage":0,"enemies":"4 Shapes","floor":39,"turns":1},{"damage":0,"enemies":"Maw","floor":40,"turns":3},{"damage":0,"enemies":"3 Darklings","floor":43,"turns":1},{"damage":0,"enemies":"Writhing Mass","floor":49,"turns":1},{"damage":0,"enemies":"downfall:Defect","floor":50,"turns":2}],"seed_played":"-4797320229330253097","potions_obtained":[{"floor":2,"key":"Fire Potion"},{"floor":26,"key":"CultistPotion"},{"floor":31,"key":"EntropicBrew"}],"is_trial":false,"path_per_floor":["R","M","$","?","?","E","T","M","M","M","?","R","M","E","M","B",null,"R","?","M","M","?","$","T","M","?","M","$","$","E","M","M","B",null,"R","M","M","M","M","M","T","?","M","$","R","$","$","T","M","B",null],"character_chosen":"THE_SPIRIT","items_purchased":["testmod-Fortitude","PreservedInsect","Medical Kit","hexamod:SecondSeal","Fire Potion","SkillPotion","Impatience","hexamod:InflammatoryLetter","Centennial Puzzle","vexMod:GhostlyGear","vexMod:StairwayStrike","Bag of Marbles","vexMod:FocusSash","Sling","InkBottle","Juzu Bracelet","vexMod:Spyglass","Orichalcum","Ornamental Fan","testmod-Charity","Kunai","Gremlin Horn","Lee\u0027s Waffle","testmod-Acrobat","vexMod:Dragonfruit","Chemical X"],"campfire_rested":0,"item_purchase_floors":[3,3,3,3,3,3,3,23,23,23,23,28,28,28,29,29,29,44,44,44,46,46,46,47,47,47],"current_hp_per_floor":[70,70,70,70,70,70,70,70,70,70,70,70,70,70,70,70,70,70,80,80,80,72,72,72,72,72,72,72,72,79,79,79,79,87,87,87,87,87,87,87,87,87,87,87,87,94,99,99,100,106],"gold":6077,"neow_bonus":"ONE_RANDOM_RARE_CARD","is_daily":false,"chose_seed":false,"campfire_upgraded":5,"win_rate":0.0,"timestamp":1609401608,"path_taken":["R","M","$","?","?","E","T","M","M","M","?","R","?","E","M","BOSS","R","?","?","?","?","$","T","?","?","M","?","$","E","?","M","BOSS","R","M","M","?","M","M","T","?","M","$","R","$","?","?","M","BOSS"],"items_purchased_type":["Relic","Relic","Relic","Card","Potion","Potion","Card","Relic","Relic","Relic","Card","Relic","Relic","Relic","Relic","Relic","Relic","Relic","Relic","Relic","Relic","Relic","Relic","Relic","Relic","Relic"],"build_version":"2020-12-22","purchased_purges":7,"victory":true,"max_hp_per_floor":[70,70,70,70,70,70,70,70,70,70,70,70,70,70,70,70,70,70,80,80,80,80,80,80,80,80,80,80,80,87,87,87,87,87,87,87,87,87,87,87,87,87,87,87,87,94,99,99,100,106],"relic_stats":{"Lee\u0027s Waffle":7,"Gremlin Horn":[0,0],"counters":[28,35],"PreservedInsect":115,"Juzu Bracelet":0,"War Paint":["hexamod:Defend","hexamod:Sear"],"Orichalcum":[6],"MawBank":48,"Centennial Puzzle":[0],"Ornamental Fan":[12],"Kunai":[3],"Chemical X":[1],"obtain_stats":[{"Gremlin Horn":46,"Juzu Bracelet":29,"Sling":28,"vexMod:Spyglass":29,"testmod-Charity":44,"testmod-Brilliant":0,"vexMod:InvisibilityCloak":48,"testmod-StringDisintegrator":17,"Centennial Puzzle":23,"Strawberry":30,"Kunai":46,"Chemical X":47,"hexamod:SpiritBrand":0,"InkBottle":29,"Lee\u0027s Waffle":46,"testmod-TestBox":0,"testmod-TimeTraveler":34,"PreservedInsect":3,"hexamod:InflammatoryLetter":23,"Guardian:PocketSentry":41,"vexMod:FocusSash":28,"Frozen Egg 2":6,"War Paint":7,"Orichalcum":44,"Medical Kit":3,"MawBank":24,"testmod-Fortitude":3,"vexMod:GhostlyGear":23,"vexMod:Dragonfruit":47,"testmod-Antiphasic":5,"downfall:GremlinSack":11,"Ornamental Fan":44,"testmod-Acrobat":47,"Bag of Marbles":28},{"Gremlin Horn":26,"Juzu Bracelet":16,"Sling":16,"vexMod:Spyglass":16,"testmod-Charity":26,"testmod-Brilliant":0,"vexMod:InvisibilityCloak":26,"testmod-StringDisintegrator":11,"Centennial Puzzle":14,"Strawberry":17,"Kunai":26,"Chemical X":26,"hexamod:SpiritBrand":0,"InkBottle":16,"Lee\u0027s Waffle":26,"testmod-TestBox":0,"testmod-TimeTraveler":20,"PreservedInsect":2,"hexamod:InflammatoryLetter":14,"Guardian:PocketSentry":25,"vexMod:FocusSash":16,"Frozen Egg 2":3,"War Paint":3,"Orichalcum":26,"Medical Kit":2,"MawBank":14,"testmod-Fortitude":2,"vexMod:GhostlyGear":14,"vexMod:Dragonfruit":26,"testmod-Antiphasic":2,"downfall:GremlinSack":7,"Ornamental Fan":26,"testmod-Acrobat":26,"Bag of Marbles":16},{"Gremlin Horn":32,"Juzu Bracelet":19,"Sling":19,"vexMod:Spyglass":19,"testmod-Charity":32,"testmod-Brilliant":0,"vexMod:InvisibilityCloak":32,"testmod-StringDisintegrator":14,"Centennial Puzzle":17,"Strawberry":20,"Kunai":32,"Chemical X":32,"hexamod:SpiritBrand":0,"InkBottle":19,"Lee\u0027s Waffle":32,"testmod-TestBox":0,"testmod-TimeTraveler":24,"PreservedInsect":5,"hexamod:InflammatoryLetter":17,"Guardian:PocketSentry":31,"vexMod:FocusSash":19,"Frozen Egg 2":6,"War Paint":6,"Orichalcum":32,"Medical Kit":5,"MawBank":17,"testmod-Fortitude":5,"vexMod:GhostlyGear":17,"vexMod:Dragonfruit":32,"testmod-Antiphasic":5,"downfall:GremlinSack":10,"Ornamental Fan":32,"testmod-Acrobat":32,"Bag of Marbles":19}],"InkBottle":[4]},"card_choices":[{"not_picked":["hexamod:GhostShield","hexamod:Incineration"],"picked":"hexamod:SkipABeat","floor":2},{"not_picked":["hexamod:DynamicBlow","hexamod:ThermalTransfer"],"picked":"hexamod:GhostOfSpirePast","floor":3},{"not_picked":["hexamod:RadiantFlame+1","hexamod:FastForward"],"picked":"hexamod:GhostOfSpirePast+1","floor":6},{"not_picked":["hexamod:HauntingEcho","hexamod:InspiringFlames","hexamod:NightmareStrike"],"picked":"SKIP","floor":8},{"not_picked":["hexamod:BurningTouch","hexamod:SkipABeat","hexamod:GhostLash"],"picked":"SKIP","floor":9},{"not_picked":["hexamod:GhostflameInferno","hexamod:EmpoweredFlame+1","hexamod:NecessarySacrifice"],"picked":"SKIP","floor":10},{"not_picked":["hexamod:RainOfEmbers","hexamod:HeatMetal","hexamod:ExtraCrispy+1"],"picked":"SKIP","floor":13},{"not_picked":["hexamod:EmpoweredFlame+1","hexamod:FastForward","hexamod:HauntingEcho"],"picked":"SKIP","floor":14},{"not_picked":["hexamod:RetreatToShadows","hexamod:BurningTouch"],"picked":"hexamod:StepThrough","floor":15},{"not_picked":["hexamod:SearingWound","hexamod:HexaLevel+1"],"picked":"hexamod:TimeOfNeed","floor":16},{"not_picked":["hexamod:ShieldOfDarkness+1","hexamod:EmpoweredFlame+1","hexamod:BacktrackSmack"],"picked":"SKIP","floor":20},{"not_picked":["hexamod:PhantomFireball","hexamod:HauntingEcho"],"picked":"hexamod:NecessarySacrifice+1","floor":21},{"not_picked":["hexamod:SpectersWail","hexamod:NightmareStrike","hexamod:FastForward"],"picked":"SKIP","floor":23},{"not_picked":["hexamod:InspiringFlames+1","hexamod:Haunt"],"picked":"hexamod:GhostOfSpireFuture+1","floor":25},{"not_picked":["hexamod:GhostLash","hexamod:Haunt","hexamod:HauntingEcho"],"picked":"SKIP","floor":27},{"not_picked":["hexamod:UnleashSpirits","hexamod:HeatMetal+1","hexamod:RainOfEmbers"],"picked":"SKIP","floor":30},{"not_picked":["hexamod:PhantomFireball+1","hexamod:HauntingEcho"],"picked":"hexamod:Rewind+1","floor":31},{"not_picked":["hexamod:AdvancingGuard","hexamod:Firestarter","hexamod:DynamicBlow"],"picked":"SKIP","floor":32},{"not_picked":["hexamod:NightmareStrike","hexamod:HeatMetal","hexamod:BurningTouch"],"picked":"SKIP","floor":36},{"not_picked":["hexamod:Haunt","hexamod:ShieldOfDarkness+1","hexamod:HeatCrush"],"picked":"SKIP","floor":37},{"not_picked":["hexamod:EmpoweredFlame+1","hexamod:HauntingEcho","hexamod:SpectersWail+1"],"picked":"SKIP","floor":38},{"not_picked":["hexamod:NightmareGuise","hexamod:Hexaguard","hexamod:HauntingEcho+1"],"picked":"SKIP","floor":39},{"not_picked":["hexamod:HeatCrush+1","hexamod:GhostLash","hexamod:RainOfEmbers"],"picked":"SKIP","floor":40},{"not_picked":["hexamod:SoulSteal","hexamod:FastForward+1"],"picked":"hexamod:EmpoweringStance+1","floor":43},{"not_picked":["hexamod:GhostLash+1","hexamod:ExtraCrispy+1","hexamod:NightmareStrike+1"],"picked":"SKIP","floor":49}],"player_experience":32232,"relics_obtained":[{"floor":6,"key":"Frozen Egg 2"},{"floor":7,"key":"War Paint"},{"floor":11,"key":"downfall:GremlinSack"},{"floor":24,"key":"MawBank"},{"floor":30,"key":"Strawberry"},{"floor":41,"key":"Guardian:PocketSentry"},{"floor":48,"key":"vexMod:InvisibilityCloak"}],"event_choices":[{"damage_healed":0,"gold_gain":0,"player_choice":"Swap Relic","damage_taken":0,"relics_obtained":["testmod-Antiphasic"],"max_hp_gain":0,"max_hp_loss":0,"event_name":"给自己的盒子","floor":5,"relics_lost":["Medical Kit"],"gold_loss":0},{"damage_healed":0,"gold_gain":400,"player_choice":"Sell","damage_taken":0,"max_hp_gain":0,"max_hp_loss":0,"event_name":"恩洛斯的盘子","floor":42,"relics_lost":["testmod-TestBox"],"gold_loss":0}],"is_beta":false,"boss_relics":[{"not_picked":["Empty Cage","SacredBark"],"picked":"testmod-StringDisintegrator"},{"not_picked":["vexMod:BigBerry","vexMod:DeviousBotling"],"picked":"testmod-TimeTraveler"}],"items_purged_floors":[3,23,28,29,44,46,47],"is_endless":false,"potions_floor_spawned":[2,6,10,13,15,16,25,27,30,31,32,38,43,49],"ascension_level":0}}