{"host":"8fjsnt81u6xsmhji","time":1609399681,"event":{"mods":["BaseMod","Beaked The Cultist","Colored Powertips","Downfall","Glutton Mod","Hermit","Minty Spire (QoL Compilation)","Quick Restart","StSLib","The Bug Knight","The Forsaken","The Hierophant"],"gold_per_floor":[119,294,49,61,80,80,106,120,120,120,133,98,112,162,162,266,266,282,296,296,311,361,361,391,402,402,402,402],"floor_reached":27,"playtime":1080,"items_purged":["Doubt"],"score":272,"play_id":"544b4410-b559-4f75-8cfd-72099a3b3aab","local_time":"20201231012801","is_ascension_mode":true,"campfire_choices":[{"floor":6.0,"key":"REST"},{"floor":10.0,"key":"REST"},{"data":"Apotheosis","floor":15.0,"key":"SMITH"},{"floor":23.0,"key":"REST"}],"circlet_count":0,"master_deck":["hermit:Strike_Hermit","hermit:Strike_Hermit","hermit:Strike_Hermit","hermit:Strike_Hermit","hermit:Defend_Hermit","hermit:Defend_Hermit","hermit:Defend_Hermit","hermit:Defend_Hermit","hermit:Snapshot","hermit:Covet","hermit:Quickdraw","Apotheosis+1","hermit:Manifest","hermit:Dive","hermit:Shortfuse","hermit:WideOpen","hermit:Gambit","hermit:Determination+1","hermit:Maintenance","hermit:Purgatory","hermit:Deadeye","hermit:Quickdraw+1"],"relics":["hermit:Momento","Mango","Oddly Smooth Stone","Mummified Hand","Black Star","Question Card","Bottled Flame","hermit:Horseshoe"],"acts_visited":["Exordium","TheCity"],"potions_floor_usage":[25,27],"damage_taken":[{"damage":3.0,"enemies":"2 Louse","floor":1.0,"turns":3.0},{"damage":0.0,"enemies":"Jaw Worm","floor":4.0,"turns":2.0},{"damage":0.0,"enemies":"Cultist","floor":5.0,"turns":3.0},{"damage":27.0,"enemies":"Gremlin Nob","floor":7.0,"turns":5.0},{"damage":4.0,"enemies":"Exordium Wildlife","floor":8.0,"turns":3.0},{"damage":15.0,"enemies":"Exordium Thugs","floor":11.0,"turns":4.0},{"damage":2.0,"enemies":"3 Louse","floor":13.0,"turns":4.0},{"damage":20.0,"enemies":"Hexaghost","floor":16.0,"turns":9.0},{"damage":0.0,"enemies":"Chosen","floor":18.0,"turns":4.0},{"damage":14.0,"enemies":"3 Byrds","floor":19.0,"turns":8.0},{"damage":6.0,"enemies":"Shelled Parasite and Fungi","floor":21.0,"turns":6.0},{"damage":60.0,"enemies":"Gremlin Leader","floor":24.0,"turns":8.0},{"damage":21,"enemies":"Centurion and Healer","floor":25,"turns":8},{"damage":0,"enemies":"Slavers","floor":27,"turns":1}],"seed_played":"-8823457618265416458","potions_obtained":[{"floor":5.0,"key":"GamblersBrew"},{"floor":8.0,"key":"Strength Potion"},{"floor":13.0,"key":"Swift Potion"},{"floor":21.0,"key":"Fruit Juice"},{"floor":24,"key":"LiquidBronze"}],"is_trial":false,"path_per_floor":["M","?","$","M","M","R","E","M","T","R","M","?","M","?","R","B",null,"M","M","?","M","?","R","E","M","T","E"],"character_chosen":"HERMIT","items_purchased":["Apotheosis"],"campfire_rested":3,"item_purchase_floors":[3],"current_hp_per_floor":[65,65,65,65,65,89,62,58,58,84,69,89,87,87,87,67,89,89,75,75,69,69,94,34,13,13,13,13],"gold":402,"neow_bonus":"ONE_RARE_RELIC","is_daily":false,"chose_seed":false,"campfire_upgraded":1,"win_rate":0.0,"timestamp":1609399681,"path_taken":["M","?","$","M","M","R","E","M","T","R","M","?","M","?","R","BOSS","M","M","?","?","?","R","E","M","T","E"],"items_purchased_type":["Card"],"build_version":"2020-12-22","purchased_purges":1,"victory":false,"max_hp_per_floor":[89,89,89,89,89,89,89,89,89,89,89,89,89,89,89,89,89,89,89,89,89,89,94,94,94,94,94,94],"card_choices":[{"not_picked":["hermit:HighCaliber","hermit:LowProfile"],"picked":"hermit:Quickdraw","floor":1.0},{"not_picked":["hermit:Combo","hermit:HighCaliber"],"picked":"hermit:Manifest","floor":4.0},{"not_picked":["hermit:ItchyTrigger","hermit:Vantage"],"picked":"hermit:Dive","floor":5.0},{"not_picked":["hermit:Roulette","hermit:Misfire"],"picked":"hermit:Shortfuse","floor":7.0},{"not_picked":["hermit:TrackingShot","hermit:CalledShot","hermit:Dive"],"picked":"SKIP","floor":8.0},{"not_picked":["hermit:Ricochet","hermit:LuckOfTheDraw"],"picked":"hermit:Glare","floor":11.0},{"not_picked":["hermit:Desperado","hermit:Roulette"],"picked":"hermit:WideOpen","floor":13.0},{"not_picked":["hermit:OverwhelmingPower","hermit:FromBeyond"],"picked":"hermit:Gambit","floor":16.0},{"not_picked":["hermit:Roulette+1","hermit:LowProfile"],"picked":"hermit:Determination+1","floor":18.0},{"not_picked":["hermit:ItchyTrigger","hermit:HoleUp"],"picked":"hermit:Maintenance","floor":19.0},{"not_picked":["hermit:Feint","hermit:Glare"],"picked":"hermit:Deadeye","floor":21.0},{"not_picked":["hermit:SprayPray+1","hermit:Roulette+1","hermit:Magnum"],"picked":"SKIP","floor":24},{"not_picked":["hermit:Determination+1","hermit:Deadeye","hermit:WideOpen+1"],"picked":"hermit:Quickdraw+1","floor":25}],"player_experience":641033,"relics_obtained":[{"floor":7.0,"key":"Oddly Smooth Stone"},{"floor":9.0,"key":"Mummified Hand"},{"floor":24,"key":"Question Card"},{"floor":24,"key":"Bottled Flame"},{"floor":26,"key":"hermit:Horseshoe"}],"event_choices":[{"damage_healed":0.0,"max_hp_gain":0.0,"max_hp_loss":0.0,"gold_gain":175.0,"event_name":"Liars Game","player_choice":"AGREE","floor":2.0,"gold_loss":0.0,"damage_taken":0.0,"cards_obtained":["Doubt"]},{"damage_healed":22.0,"max_hp_gain":0.0,"max_hp_loss":0.0,"gold_gain":0.0,"event_name":"The Cleric","player_choice":"Healed","floor":12.0,"gold_loss":35.0,"damage_taken":0.0},{"damage_healed":0.0,"max_hp_gain":0.0,"max_hp_loss":0.0,"gold_gain":50.0,"event_name":"Golden Wing","player_choice":"Gained Gold","floor":14.0,"gold_loss":0.0,"damage_taken":0.0},{"damage_healed":0.0,"max_hp_gain":0.0,"max_hp_loss":0.0,"gold_gain":0.0,"cards_transformed":["hermit:Glare"],"event_name":"Transmorgrifier","player_choice":"Transformed","floor":20.0,"gold_loss":0.0,"damage_taken":0.0,"cards_obtained":["hermit:Purgatory"]},{"damage_healed":0.0,"max_hp_gain":0.0,"max_hp_loss":0.0,"gold_gain":100.0,"event_name":"The Joust","player_choice":"Bet on Murderer","floor":22.0,"gold_loss":50.0,"damage_taken":0.0}],"is_beta":false,"boss_relics":[{"not_picked":["Busted Crown","beaked:SacredDeck"],"picked":"Black Star"}],"items_purged_floors":[3],"is_endless":false,"potions_floor_spawned":[5,8,13,19,21,24],"killed_by":"Slavers","ascension_level":1}}