{"host":"4sl6z5xrlou33vwc","time":1609417762,"event":{"mods":["AchievementEnabler","BaseMod","Colored Powertips","DeckTracker","Minty Spire (QoL Compilation)"],"gold_per_floor":[109,34,34,34,51,76,76,93,120,120,120],"floor_reached":10,"playtime":188,"items_purged":["Strike_P"],"score":105,"play_id":"b8b4e30b-c6a7-48b6-aa00-ef4c5af6b539","local_time":"20201231132922","is_ascension_mode":true,"campfire_choices":[{"data":"CarveReality","floor":7,"key":"SMITH"}],"circlet_count":0,"master_deck":["Strike_P","Strike_P","Defend_P","Defend_P","Defend_P","Defend_P","Eruption","Vigilance","CarveReality+1"],"relics":["Black Star","Centennial Puzzle","HornCleat","Ornamental Fan","Omamori"],"acts_visited":["Exordium"],"potions_floor_usage":[6,6],"damage_taken":[{"damage":15,"enemies":"Jaw Worm","floor":1,"turns":6},{"damage":0,"enemies":"2 Louse","floor":5,"turns":2},{"damage":0,"enemies":"Gremlin Nob","floor":6,"turns":2},{"damage":0,"enemies":"Cultist","floor":8,"turns":2},{"damage":52,"enemies":"Lagavulin","floor":10,"turns":3}],"seed_played":"2196819885502660893","potions_obtained":[{"floor":1,"key":"SneckoOil"},{"floor":5,"key":"AttackPotion"},{"floor":8,"key":"Explosive Potion"}],"is_trial":false,"path_per_floor":["M","$","?","?","M","E","R","M","T","E"],"character_chosen":"WATCHER","items_purchased":[],"campfire_rested":0,"item_purchase_floors":[],"current_hp_per_floor":[57,57,50,43,43,43,43,43,43,0,0],"gold":120,"neow_bonus":"BOSS_RELIC","is_daily":false,"chose_seed":false,"campfire_upgraded":1,"win_rate":0.0,"timestamp":1609417762,"path_taken":["M","$","?","?","M","E","R","M","T","E"],"items_purchased_type":[],"build_version":"2020-12-22","purchased_purges":1,"victory":false,"max_hp_per_floor":[72,72,72,72,72,72,72,72,72,72,72],"card_choices":[{"not_picked":["SignatureMove","InnerPeace"],"picked":"CarveReality","floor":1},{"not_picked":["PathToVictory","SignatureMove","Nirvana"],"picked":"SKIP","floor":5},{"not_picked":["SignatureMove","Vengeance","BowlingBash"],"picked":"SKIP","floor":6},{"not_picked":["PathToVictory","Halt","ThirdEye"],"picked":"SKIP","floor":8}],"player_experience":350177,"relics_obtained":[{"floor":6,"key":"HornCleat"},{"floor":6,"key":"Ornamental Fan"},{"floor":9,"key":"Omamori"}],"event_choices":[{"cards_removed":["Strike_P"],"damage_healed":0,"gold_gain":0,"player_choice":"Card Removal","damage_taken":7,"max_hp_gain":0,"max_hp_loss":0,"event_name":"Golden Wing","floor":3,"gold_loss":0},{"damage_healed":0,"gold_gain":0,"player_choice":"Success","damage_taken":7,"relics_obtained":["Centennial Puzzle"],"max_hp_gain":0,"max_hp_loss":0,"event_name":"Scrap Ooze","floor":4,"gold_loss":0}],"is_beta":false,"boss_relics":[],"items_purged_floors":[2],"is_endless":false,"potions_floor_spawned":[1,5,8],"killed_by":"Lagavulin","ascension_level":3}}