{"host":"pfy6u49v5s5r680p","time":1609387156,"event":{"mods":["BaseMod","Colored Map","DeckTracker","Highlight Path","Keyboard Shortcuts","Minty Spire (QoL Compilation)","Permanent Neow","Quick Restart","StSLib","SuperFastMode","everything is the same but u backflip on backflip"],"gold_per_floor":[109,122,122,142,142,142,158,172,172,172,24,49,13,32,32,157,157,173,196,212,32,52,52,67,67,67,90,90,113,137,12,12,137,137,161,184,208,231,231,231,244,577,577,577,587,128,159,43,43,43],"floor_reached":51,"playtime":6578,"items_purged":["Strike_R","Strike_R","Defend_R","Dropkick"],"score":677,"play_id":"ce4d7644-e76b-40d7-b1db-76f6724aa670","local_time":"20201231125916","is_ascension_mode":false,"campfire_choices":[{"data":"Barricade","floor":6.0,"key":"SMITH"},{"data":"Disarm","floor":10.0,"key":"SMITH"},{"data":"Burning Pact","floor":15.0,"key":"SMITH"},{"data":"Entrench","floor":23.0,"key":"SMITH"},{"data":"Armaments","floor":25.0,"key":"SMITH"},{"data":"Body Slam","floor":32.0,"key":"SMITH"},{"data":"Searing Blow+1","floor":40.0,"key":"SMITH"},{"data":"Offering","floor":44.0,"key":"SMITH"},{"data":"Searing Blow+2","floor":49,"key":"SMITH"}],"circlet_count":0,"master_deck":["Strike_R+1","Defend_R","Defend_R","Defend_R","Bash","Barricade+1","Dropkick","Shockwave+1","Disarm+1","Flame Barrier","Fiend Fire","Armaments+1","Burning Pact+1","Impervious","Second Wind+1","Reckless Charge+1","Warcry+1","Entrench+1","Searing Blow+3","Body Slam+1","Offering+1","Ghostly Armor","Armaments+1","Madness","Madness","Feel No Pain+1","Metallicize+1","Chrysalis","Metallicize"],"relics":["Burning Blood","HornCleat","Empty Cage","Ornamental Fan","SlaversCollar","Mercury Hourglass","Lee\u0027s Waffle","White Beast Statue"],"acts_visited":["Exordium","TheCity","TheBeyond"],"potions_floor_usage":[50,50],"damage_taken":[{"damage":13.0,"enemies":"2 Louse","floor":1.0,"turns":2.0},{"damage":6.0,"enemies":"Jaw Worm","floor":2.0,"turns":3.0},{"damage":10.0,"enemies":"Cultist","floor":4.0,"turns":4.0},{"damage":16.0,"enemies":"Blue Slaver","floor":7.0,"turns":7.0},{"damage":14.0,"enemies":"Exordium Wildlife","floor":8.0,"turns":5.0},{"damage":11.0,"enemies":"Exordium Thugs","floor":12.0,"turns":4.0},{"damage":0.0,"enemies":"Blue Slaver","floor":14.0,"turns":3.0},{"damage":7.0,"enemies":"Hexaghost","floor":16.0,"turns":18.0},{"damage":7.0,"enemies":"Shell Parasite","floor":18.0,"turns":5.0},{"damage":0.0,"enemies":"3 Byrds","floor":19.0,"turns":6.0},{"damage":7.0,"enemies":"Snecko","floor":20.0,"turns":10.0},{"damage":0.0,"enemies":"Centurion and Healer","floor":22.0,"turns":12.0},{"damage":0.0,"enemies":"3 Cultists","floor":24.0,"turns":11.0},{"damage":21.0,"enemies":"Snake Plant","floor":27.0,"turns":7.0},{"damage":32.0,"enemies":"Shelled Parasite and Fungi","floor":29.0,"turns":15.0},{"damage":8.0,"enemies":"Centurion and Healer","floor":30.0,"turns":14.0},{"damage":44.0,"enemies":"Collector","floor":33.0,"turns":13.0},{"damage":7.0,"enemies":"3 Shapes","floor":35.0,"turns":5.0},{"damage":12.0,"enemies":"Orb Walker","floor":36.0,"turns":3.0},{"damage":6.0,"enemies":"Sphere and 2 Shapes","floor":37.0,"turns":8.0},{"damage":6.0,"enemies":"Maw","floor":38.0,"turns":8.0},{"damage":43.0,"enemies":"Spire Growth","floor":41.0,"turns":5.0},{"damage":6.0,"enemies":"4 Shapes","floor":45.0,"turns":8.0},{"damage":21,"enemies":"Reptomancer","floor":47,"turns":6},{"damage":10,"enemies":"Donu and Deca","floor":50,"turns":15}],"seed_played":"-3582441361480909298","potions_obtained":[{"floor":1.0,"key":"SpeedPotion"},{"floor":12.0,"key":"Ancient Potion"},{"floor":14.0,"key":"FearPotion"},{"floor":19.0,"key":"Dexterity Potion"},{"floor":27.0,"key":"BloodPotion"},{"floor":30.0,"key":"Fruit Juice"},{"floor":33.0,"key":"Dexterity Potion"},{"floor":35.0,"key":"DistilledChaos"},{"floor":41.0,"key":"SkillPotion"},{"floor":47,"key":"FearPotion"}],"is_trial":false,"path_per_floor":["M","M","?","M","?","R","M","M","T","R","$","M","$","M","R","B",null,"M","M","M","$","M","R","M","R","T","M","?","M","M","$","R","B",null,"M","M","M","M","?","R","M","?","T","R","M","$","E","$","R","B",null],"character_chosen":"IRONCLAD","items_purchased":["Dropkick","Burning Pact","Entrench","Lee\u0027s Waffle","Chrysalis","Metallicize","BloodPotion"],"campfire_rested":0,"item_purchase_floors":[11,13,21,46,46,48,48],"current_hp_per_floor":[73,73,73,69,54,54,44,36,36,36,36,31,31,37,37,36,74,73,74,73,73,74,74,74,74,74,59,59,33,45,45,45,12,79,78,72,72,72,62,62,25,25,25,25,25,86,71,71,71,84],"gold":43,"neow_bonus":"ONE_RANDOM_RARE_CARD","is_daily":false,"chose_seed":false,"campfire_upgraded":9,"win_rate":0.0,"timestamp":1609387156,"path_taken":["M","M","?","M","?","R","M","M","T","R","$","M","$","M","R","BOSS","M","M","M","$","M","R","M","R","T","M","?","M","M","$","R","BOSS","M","M","M","M","?","R","M","?","T","R","M","$","E","?","R","BOSS"],"items_purchased_type":["Card","Card","Card","Relic","Card","Card","Potion"],"build_version":"2020-12-22","purchased_purges":4,"victory":true,"max_hp_per_floor":[80,80,74,74,74,74,74,74,74,74,74,74,74,74,74,74,74,74,74,74,74,74,74,74,74,74,74,74,74,74,74,74,79,79,79,79,79,79,79,79,79,79,79,79,79,86,86,86,86,86],"card_choices":[{"not_picked":["Burning Pact","Cleave"],"picked":"Dropkick","floor":1.0},{"not_picked":["Whirlwind","Anger"],"picked":"Shockwave","floor":2.0},{"not_picked":["Clothesline","Rupture"],"picked":"Disarm","floor":4.0},{"not_picked":["Sever Soul","Heavy Blade"],"picked":"Flame Barrier","floor":7.0},{"not_picked":["Pommel Strike","Iron Wave"],"picked":"Fiend Fire","floor":8.0},{"not_picked":["Clothesline","Cleave"],"picked":"Armaments","floor":12.0},{"not_picked":["Pummel","Evolve","Dropkick"],"picked":"SKIP","floor":14.0},{"not_picked":["Demon Form","Reaper"],"picked":"Impervious","floor":16.0},{"not_picked":["Shrug It Off+1","Sever Soul+1"],"picked":"Second Wind+1","floor":18.0},{"not_picked":["Inflame+1","Twin Strike"],"picked":"Reckless Charge+1","floor":19.0},{"not_picked":["Iron Wave","Perfected Strike"],"picked":"Warcry+1","floor":20.0},{"not_picked":["Clash","Sever Soul","Infernal Blade"],"picked":"SKIP","floor":22.0},{"not_picked":["Clash","Sever Soul","Infernal Blade"],"picked":"SKIP","floor":22.0},{"not_picked":["Clash","Sever Soul","Infernal Blade"],"picked":"SKIP","floor":22.0},{"not_picked":["Clash","Sever Soul","Infernal Blade"],"picked":"SKIP","floor":22.0},{"not_picked":["Headbutt","Havoc"],"picked":"Searing Blow+1","floor":24.0},{"not_picked":["Reckless Charge","Burning Pact","Iron Wave"],"picked":"SKIP","floor":27.0},{"not_picked":["Clothesline","Warcry","Twin Strike"],"picked":"SKIP","floor":29.0},{"not_picked":["Exhume","Havoc"],"picked":"Body Slam","floor":30.0},{"not_picked":["Double Tap","Berserk"],"picked":"Offering","floor":33.0},{"not_picked":["Carnage+1","Armaments"],"picked":"Ghostly Armor","floor":35.0},{"not_picked":["Sword Boomerang","Inflame"],"picked":"Armaments+1","floor":36.0},{"not_picked":["Armaments+1","Disarm+1","Wild Strike"],"picked":"SKIP","floor":37.0},{"not_picked":["Metallicize+1","Anger+1","Havoc"],"picked":"SKIP","floor":38.0},{"not_picked":["Ghostly Armor+1","Pummel+1"],"picked":"Feel No Pain+1","floor":41.0},{"not_picked":["Rampage+1","Wild Strike"],"picked":"Metallicize+1","floor":45.0},{"not_picked":["Heavy Blade+1","Clothesline","Cleave"],"picked":"SKIP","floor":47}],"player_experience":59845,"relics_obtained":[{"floor":9.0,"key":"HornCleat"},{"floor":26.0,"key":"Ornamental Fan"},{"floor":43.0,"key":"Mercury Hourglass"},{"floor":47,"key":"White Beast Statue"}],"event_choices":[{"damage_healed":0.0,"max_hp_gain":0.0,"max_hp_loss":6.0,"gold_gain":0.0,"event_name":"Golden Idol","player_choice":"Lose Max HP","floor":3.0,"gold_loss":0.0,"damage_taken":0.0,"relics_obtained":["Golden Idol"]},{"damage_healed":0.0,"max_hp_gain":0.0,"max_hp_loss":0.0,"gold_gain":0.0,"event_name":"Shining Light","player_choice":"Entered Light","floor":5.0,"gold_loss":0.0,"damage_taken":15.0,"cards_upgraded":["Strike_R","Shockwave"]},{"damage_healed":0.0,"max_hp_gain":0.0,"max_hp_loss":0.0,"gold_gain":0.0,"event_name":"Vampires","player_choice":"Ignored","floor":28.0,"gold_loss":0.0,"damage_taken":0.0},{"damage_healed":0.0,"max_hp_gain":0.0,"max_hp_loss":0.0,"gold_gain":0.0,"event_name":"Winding Halls","player_choice":"Embrace Madness","floor":39.0,"gold_loss":0.0,"damage_taken":10.0,"cards_obtained":["Madness","Madness"]},{"damage_healed":0.0,"max_hp_gain":0.0,"max_hp_loss":0.0,"gold_gain":333.0,"event_name":"The Moai Head","player_choice":"Gave Idol","floor":42.0,"relics_lost":["Golden Idol"],"gold_loss":0.0,"damage_taken":0.0}],"is_beta":false,"boss_relics":[{"not_picked":["Cursed Key","Busted Crown"],"picked":"Empty Cage"},{"not_picked":["Fusion Hammer","Tiny House"],"picked":"SlaversCollar"}],"items_purged_floors":[11,21,31,46],"is_endless":false,"potions_floor_spawned":[1,12,14,19,27,30,33,35,41,47],"ascension_level":0}}