{"host":"1bnrkmg0bmhwam8n","time":1609401234,"event":{"mods":["2.2 Compatiblity","BaseMod","Colored Map","Hermit","Infinite Spire","Minty Spire (QoL Compilation)","Quick Restart","StSLib"],"gold_per_floor":[109,109,128,49,49,78,78,96,119,154,154,164,182,197,197,293,293,276,287,287,287,287,287],"floor_reached":22,"playtime":1119,"items_purged":[],"score":196,"play_id":"6edc76be-4807-4c23-9696-c024226fbc5d","local_time":"20201231015354","is_ascension_mode":false,"campfire_choices":[{"data":"hermit:Brawl","floor":7,"key":"SMITH"},{"data":"hermit:Dive","floor":11,"key":"SMITH"},{"data":"hermit:ShadowCloak","floor":15,"key":"SMITH"}],"circlet_count":0,"master_deck":["hermit:Strike_Hermit","hermit:Strike_Hermit","hermit:Strike_Hermit","hermit:Defend_Hermit","hermit:Defend_Hermit","hermit:Defend_Hermit","hermit:Defend_Hermit","hermit:Snapshot+1","hermit:Covet","hermit:Dive+1","hermit:Headshot","hermit:Deadeye","hermit:Spite","hermit:Brawl+1","hermit:Dive+1","hermit:Roughhouse","hermit:Combo","hermit:ShadowCloak+1","hermit:HighNoon","hermit:BigShot","Decay"],"relics":["hermit:ClaspedLocket","Blood Vial","Bag of Preparation","Strawberry","MutagenicStrength"],"acts_visited":["Exordium","TheCity"],"potions_floor_usage":[10,16,16,16,18,19],"damage_taken":[{"damage":0,"enemies":"2 Louse","floor":1,"turns":2},{"damage":0,"enemies":"Jaw Worm","floor":3,"turns":4},{"damage":18,"enemies":"3 Sentries","floor":6,"turns":7},{"damage":11,"enemies":"infinitespire:Voidling","floor":8,"turns":3},{"damage":9,"enemies":"Gremlin Nob","floor":10,"turns":4},{"damage":5,"enemies":"Exordium Wildlife","floor":12,"turns":3},{"damage":0,"enemies":"Looter","floor":13,"turns":3},{"damage":1,"enemies":"3 Louse","floor":14,"turns":4},{"damage":29,"enemies":"The Guardian","floor":16,"turns":10},{"damage":30,"enemies":"2 Thieves","floor":18,"turns":4},{"damage":36,"enemies":"3 Byrds","floor":19,"turns":8},{"damage":21,"enemies":"Cultist and Chosen","floor":22,"turns":4}],"seed_played":"2973850310041145051","potions_obtained":[{"floor":1,"key":"ColorlessPotion"},{"floor":6,"key":"LiquidBronze"},{"floor":8,"key":"ColorlessPotion"},{"floor":14,"key":"FearPotion"},{"floor":16,"key":"DuplicationPotion"},{"floor":18,"key":"ColorlessPotion"}],"is_trial":false,"path_per_floor":["M","?","M","$","?","E","R","M","T","E","R","M","M","M","R","B",null,"M","M","?","?","M"],"character_chosen":"HERMIT","items_purchased":["hermit:Deadeye"],"campfire_rested":0,"item_purchase_floors":[4],"current_hp_per_floor":[75,75,75,75,75,57,57,48,48,48,48,45,47,48,48,21,82,52,18,18,18,0,0],"gold":287,"neow_bonus":"UPGRADE_CARD","is_daily":false,"chose_seed":false,"campfire_upgraded":3,"win_rate":0.0,"timestamp":1609401234,"path_taken":["M","?","M","$","?","E","R","M","T","E","R","M","?","M","R","BOSS","M","M","?","?","M"],"items_purchased_type":["Card"],"build_version":"2020-12-22","purchased_purges":0,"victory":false,"max_hp_per_floor":[75,75,75,75,75,75,75,75,75,82,82,82,82,82,82,82,82,82,82,82,82,82,82],"card_choices":[{"not_picked":["hermit:NoHoldsBarred","hermit:Misfire"],"picked":"hermit:Dive","floor":1},{"not_picked":["hermit:Misfire","hermit:BodyArmor"],"picked":"hermit:Headshot","floor":3},{"not_picked":["hermit:Desperado","hermit:FlashPowder"],"picked":"hermit:Brawl","floor":6},{"not_picked":["hermit:LuckOfTheDraw","hermit:CalledShot"],"picked":"hermit:Dive","floor":8},{"not_picked":["hermit:LoneWolf","hermit:NoHoldsBarred","hermit:SprayPray"],"picked":"SKIP","floor":10},{"not_picked":["hermit:FlashPowder","hermit:ItchyTrigger"],"picked":"hermit:Roughhouse","floor":12},{"not_picked":["hermit:Gestalt","hermit:ItchyTrigger"],"picked":"hermit:Combo","floor":13},{"not_picked":["hermit:Coalescence","hermit:CalledShot"],"picked":"hermit:ShadowCloak","floor":14},{"not_picked":["hermit:FinalCanter","hermit:Roughhouse"],"picked":"hermit:HighNoon","floor":16},{"not_picked":["hermit:CalledShot","hermit:HoleUp"],"picked":"hermit:BigShot","floor":18},{"not_picked":["hermit:Misfire","hermit:Dive","hermit:Coalescence"],"picked":"SKIP","floor":19}],"player_experience":393365,"relics_obtained":[{"floor":6,"key":"Blood Vial"},{"floor":9,"key":"Bag of Preparation"},{"floor":10,"key":"Strawberry"}],"event_choices":[{"damage_healed":0,"gold_gain":0,"player_choice":"Grow","damage_taken":0,"max_hp_gain":0,"max_hp_loss":0,"event_name":"Living Wall","floor":2,"gold_loss":0,"cards_upgraded":["hermit:Dive"]},{"damage_healed":0,"gold_gain":0,"cards_transformed":["hermit:Strike_Hermit"],"player_choice":"Transformed","damage_taken":0,"max_hp_gain":0,"max_hp_loss":0,"event_name":"Transmorgrifier","floor":5,"gold_loss":0,"cards_obtained":["hermit:Spite"]},{"damage_healed":0,"gold_gain":0,"player_choice":"Smashed Altar","damage_taken":0,"max_hp_gain":0,"max_hp_loss":0,"event_name":"Forgotten Altar","floor":20,"gold_loss":0,"cards_obtained":["Decay"]},{"damage_healed":0,"gold_gain":0,"player_choice":"Inject Mutagens","damage_taken":0,"relics_obtained":["MutagenicStrength"],"max_hp_gain":0,"max_hp_loss":0,"event_name":"Drug Dealer","floor":21,"gold_loss":0}],"is_beta":false,"boss_relics":[{"not_picked":["hermit:DentedPlate","infinitespire:Cupcake"],"picked":"hermit:ClaspedLocket"}],"items_purged_floors":[],"is_endless":false,"potions_floor_spawned":[1,6,8,14,16,18],"killed_by":"Cultist and Chosen","ascension_level":0}}