{"host":"52zmxm0oht7x0uft","time":1609432091,"event":{"mods":["AchievementEnabler","BaseMod","Minty Spire (QoL Compilation)","Quick Restart"],"gold_per_floor":[112,129,79,79,94,94,126,126,126,126,126,139,157,82,82,182,182,201,201,211,227,245,277,292,304,304,19,44,56,56,70,70,171,171,187,236,236,246,99,99,128,128,174,174,174,174,174,200,200,200,200],"floor_reached":50,"playtime":6222,"items_purged":["Regret"],"score":648,"play_id":"747585ad-3f4b-42f1-92c0-84154ed893ad","local_time":"20201231172811","is_ascension_mode":true,"campfire_choices":[{"data":"Searing Blow","floor":6,"key":"SMITH"},{"floor":8,"key":"REST"},{"data":"Searing Blow+1","floor":11,"key":"SMITH"},{"data":"Searing Blow+2","floor":15,"key":"SMITH"},{"floor":32,"key":"DIG"},{"floor":40,"key":"DIG"},{"floor":44,"key":"RECALL"},{"floor":46,"key":"DIG"},{"floor":49,"key":"DIG"}],"circlet_count":0,"master_deck":["Strike_R","Defend_R","Defend_R+1","Bash","Searing Blow+3","Rage+1","Rage+1","Juggernaut","Rampage+1","Iron Wave","Armaments+1","Juggernaut","Finesse","Impervious"],"relics":["Burning Blood","HornCleat","Toy Ornithopter","Gremlin Horn","Coffee Dripper","FaceOfCleric","TungstenRod","Shovel","Mango","Mercury Hourglass","Empty Cage","StoneCalendar","War Paint","Nunchaku","MealTicket","Pen Nib","Self Forming Clay","Boot","Bottled Lightning"],"acts_visited":["Exordium","TheCity","TheBeyond"],"potions_floor_usage":[16,16,24,29,33,33,41],"damage_taken":[{"damage":3,"enemies":"2 Louse","floor":1,"turns":4},{"damage":11,"enemies":"Small Slimes","floor":2,"turns":4},{"damage":1,"enemies":"Cultist","floor":5,"turns":3},{"damage":32,"enemies":"Gremlin Nob","floor":7,"turns":4},{"damage":15,"enemies":"Red Slaver","floor":12,"turns":4},{"damage":4,"enemies":"Blue Slaver","floor":13,"turns":3},{"damage":33,"enemies":"Hexaghost","floor":16,"turns":10},{"damage":3,"enemies":"3 Byrds","floor":18,"turns":4},{"damage":8,"enemies":"Chosen","floor":20,"turns":4},{"damage":15,"enemies":"Sentry and Sphere","floor":21,"turns":5},{"damage":13,"enemies":"Snecko","floor":22,"turns":5},{"damage":15,"enemies":"Book of Stabbing","floor":23,"turns":5},{"damage":2,"enemies":"Centurion and Healer","floor":24,"turns":5},{"damage":0,"enemies":"Cultist and Chosen","floor":25,"turns":4},{"damage":14,"enemies":"Gremlin Leader","floor":28,"turns":7},{"damage":11,"enemies":"Snake Plant","floor":29,"turns":5},{"damage":7,"enemies":"Sentry and Sphere","floor":31,"turns":4},{"damage":58,"enemies":"Champ","floor":33,"turns":8},{"damage":9,"enemies":"Orb Walker","floor":35,"turns":3},{"damage":77,"enemies":"2 Orb Walkers","floor":36,"turns":5},{"damage":3,"enemies":"3 Shapes","floor":38,"turns":5},{"damage":63,"enemies":"Nemesis","floor":41,"turns":7},{"damage":33,"enemies":"Reptomancer","floor":48,"turns":5},{"damage":22,"enemies":"Donu and Deca","floor":50,"turns":3}],"seed_played":"7206800827193842635","potions_obtained":[{"floor":2,"key":"BlessingOfTheForge"},{"floor":5,"key":"Swift Potion"},{"floor":12,"key":"BlessingOfTheForge"},{"floor":13,"key":"DuplicationPotion"},{"floor":21,"key":"Block Potion"},{"floor":23,"key":"Block Potion"},{"floor":24,"key":"PowerPotion"},{"floor":29,"key":"SkillPotion"},{"floor":38,"key":"ColorlessPotion"},{"floor":41,"key":"Fire Potion"},{"floor":48,"key":"DistilledChaos"}],"is_trial":false,"path_per_floor":["M","M","?","?","M","R","E","R","T","?","R","M","M","$","R","B",null,"M","?","M","M","M","E","M","M","T","$","E","M","?","M","R","B",null,"M","?","?","M","$","R","E","?","T","R","?","R","?","E","R","B"],"character_chosen":"IRONCLAD","items_purchased":["Shovel","War Paint"],"campfire_rested":1,"item_purchase_floors":[27,39],"current_hp_per_floor":[59,54,54,38,43,43,17,41,41,41,41,32,34,34,34,17,80,80,80,79,71,65,57,67,74,74,74,81,82,82,82,82,41,104,102,32,93,94,94,94,43,43,43,43,39,39,39,13,13,0,0],"gold":200,"neow_bonus":"REMOVE_TWO","is_daily":false,"chose_seed":false,"campfire_upgraded":3,"win_rate":0.0,"timestamp":1609432091,"path_taken":["M","M","?","?","M","R","E","R","T","?","R","M","M","$","R","BOSS","M","?","M","M","?","E","M","M","T","?","E","M","?","M","R","BOSS","M","?","?","?","$","R","E","?","T","R","?","R","?","E","R","BOSS"],"items_purchased_type":["Relic","Relic"],"build_version":"2020-12-22","purchased_purges":1,"victory":false,"max_hp_per_floor":[80,80,80,80,80,80,80,80,80,80,80,80,80,80,80,80,80,80,80,81,82,83,84,85,86,86,86,101,102,102,103,103,104,104,105,106,93,94,94,94,95,95,95,95,95,95,90,91,91,91,91],"card_choices":[{"not_picked":["Anger","Sword Boomerang","Burning Pact"],"picked":"SKIP","floor":1},{"not_picked":["Anger","Sentinel"],"picked":"Searing Blow","floor":2},{"not_picked":["Perfected Strike","Anger","Twin Strike"],"picked":"SKIP","floor":5},{"not_picked":["Iron Wave","Exhume"],"picked":"Rage","floor":7},{"not_picked":["Searing Blow","Hemokinesis"],"picked":"Rage","floor":12},{"not_picked":["Dual Wield","Sword Boomerang","Thunderclap"],"picked":"SKIP","floor":13},{"not_picked":["Feed","Reaper"],"picked":"Juggernaut","floor":16},{"not_picked":["Sever Soul","Body Slam"],"picked":"Rampage+1","floor":18},{"not_picked":["Battle Trance","Warcry"],"picked":"Iron Wave","floor":20},{"not_picked":["Uppercut","Headbutt","Pommel Strike"],"picked":"SKIP","floor":21},{"not_picked":["Entrench","Cleave+1","Ghostly Armor"],"picked":"SKIP","floor":22},{"not_picked":["Shrug It Off","Searing Blow+1","Sentinel"],"picked":"SKIP","floor":23},{"not_picked":["Inflame","Spot Weakness"],"picked":"Armaments+1","floor":24},{"not_picked":["Twin Strike","Corruption","Hemokinesis"],"picked":"SKIP","floor":25},{"not_picked":["Sword Boomerang","Fire Breathing","Impervious"],"picked":"SKIP","floor":28},{"not_picked":["Heavy Blade+1","Thunderclap","Battle Trance"],"picked":"SKIP","floor":29},{"not_picked":["Thunderclap","Iron Wave","Rage"],"picked":"SKIP","floor":31},{"not_picked":["Exhume","Barricade"],"picked":"Juggernaut","floor":33},{"not_picked":["Seeing Red+1","Bloodletting+1","Iron Wave"],"picked":"SKIP","floor":35},{"not_picked":["Havoc","Perfected Strike","Cleave"],"picked":"SKIP","floor":38},{"not_picked":["Twin Strike","Thunderclap","Rupture+1"],"picked":"SKIP","floor":41},{"not_picked":["Sadistic Nature","Metamorphosis"],"picked":"Finesse","floor":45},{"not_picked":["True Grit+1","Ghostly Armor"],"picked":"Impervious","floor":48}],"player_experience":340849,"relics_obtained":[{"floor":7,"key":"HornCleat"},{"floor":9,"key":"Toy Ornithopter"},{"floor":23,"key":"TungstenRod"},{"floor":28,"key":"Mango"},{"floor":32,"key":"Mercury Hourglass"},{"floor":36,"key":"StoneCalendar"},{"floor":40,"key":"Nunchaku"},{"floor":41,"key":"MealTicket"},{"floor":43,"key":"Pen Nib"},{"floor":46,"key":"Self Forming Clay"},{"floor":48,"key":"Boot"},{"floor":49,"key":"Bottled Lightning"}],"event_choices":[{"cards_removed":["Strike_R"],"damage_healed":0,"gold_gain":0,"player_choice":"Card Removal","damage_taken":0,"max_hp_gain":0,"max_hp_loss":0,"event_name":"The Cleric","floor":3,"gold_loss":50},{"damage_healed":0,"gold_gain":0,"player_choice":"Entered Light","damage_taken":16,"max_hp_gain":0,"max_hp_loss":0,"event_name":"Shining Light","floor":4,"gold_loss":0,"cards_upgraded":["Strike_R","Defend_R"]},{"damage_healed":0,"gold_gain":0,"player_choice":"Box","damage_taken":0,"relics_obtained":["Gremlin Horn"],"max_hp_gain":0,"max_hp_loss":0,"event_name":"Big Fish","floor":10,"gold_loss":0,"cards_obtained":["Regret"]},{"damage_healed":0,"gold_gain":0,"player_choice":"Trade","damage_taken":0,"relics_obtained":["FaceOfCleric"],"max_hp_gain":0,"max_hp_loss":0,"event_name":"FaceTrader","floor":19,"gold_loss":0},{"damage_healed":0,"gold_gain":0,"player_choice":"Ignored","damage_taken":0,"max_hp_gain":0,"max_hp_loss":0,"event_name":"Ghosts","floor":30,"gold_loss":0},{"damage_healed":0,"gold_gain":0,"player_choice":"Fight","damage_taken":0,"max_hp_gain":0,"max_hp_loss":0,"event_name":"Mysterious Sphere","floor":36,"gold_loss":0},{"damage_healed":93,"gold_gain":0,"player_choice":"Heal","damage_taken":0,"max_hp_gain":0,"max_hp_loss":13,"event_name":"The Moai Head","floor":37,"gold_loss":0},{"cards_removed":["Strike_R"],"damage_healed":0,"gold_gain":0,"player_choice":"Removed Attack","damage_taken":0,"max_hp_gain":0,"max_hp_loss":0,"event_name":"Falling","floor":42,"gold_loss":0},{"damage_healed":0,"gold_gain":0,"player_choice":"Memory 2","damage_taken":5,"max_hp_gain":0,"max_hp_loss":0,"event_name":"SensoryStone","floor":45,"gold_loss":0},{"damage_healed":0,"gold_gain":0,"player_choice":"Max HP","damage_taken":0,"max_hp_gain":0,"max_hp_loss":5,"event_name":"Winding Halls","floor":47,"gold_loss":0}],"is_beta":false,"boss_relics":[{"not_picked":["Mark of Pain","SacredBark"],"picked":"Coffee Dripper"},{"not_picked":["Sozu","SlaversCollar"],"picked":"Empty Cage"}],"items_purged_floors":[14],"is_endless":false,"potions_floor_spawned":[2,5,12,13,21,23,24,29,31,38,41,48],"killed_by":"Donu and Deca","ascension_level":4}}