{"host":"359hz4210ybch7ku","time":1609449744,"event":{"mods":["BaseMod","Block Reminder","Colored Map","Colored Powertips","Highlight Path","Minty Spire (QoL Compilation)","Slay the Relics Exporter","StSLib"],"gold_per_floor":[412,412,32,207,222,254,264,277,331,356,368,368,381,392,392,392,392],"floor_reached":16,"playtime":2607,"items_purged":[],"score":114,"play_id":"2a8ab88d-6020-441e-af26-dde80a53de48","local_time":"20201231132224","is_ascension_mode":false,"campfire_choices":[{"data":"Eruption","floor":15,"key":"SMITH"}],"circlet_count":0,"master_deck":["Strike_P","Strike_P","Strike_P","Strike_P","Defend_P","Defend_P","Defend_P","Defend_P","Eruption+1","Vigilance","FollowUp","Wireheading+1","Doubt","EmptyBody","EmptyBody","Crescendo","FollowUp","Weave","Consecrate","Parasite","DeusExMachina","LikeWater+1"],"relics":["PureWater","Old Coin","Frozen Egg 2","Strange Spoon","Bronze Scales","Nunchaku","Boot","Yang"],"acts_visited":["Exordium"],"potions_floor_usage":[10],"damage_taken":[{"damage":0,"enemies":"Jaw Worm","floor":1,"turns":3},{"damage":0,"enemies":"Small Slimes","floor":5,"turns":3},{"damage":12,"enemies":"3 Sentries","floor":6,"turns":6},{"damage":0,"enemies":"Cultist","floor":7,"turns":2},{"damage":0,"enemies":"Exordium Wildlife","floor":8,"turns":5},{"damage":24,"enemies":"Lagavulin","floor":10,"turns":5},{"damage":0,"enemies":"2 Fungi Beasts","floor":11,"turns":3},{"damage":0,"enemies":"3 Louse","floor":13,"turns":3},{"damage":12,"enemies":"Looter","floor":14,"turns":4},{"damage":24,"enemies":"Hexaghost","floor":16,"turns":9}],"seed_played":"6466676386259075083","potions_obtained":[{"floor":6,"key":"Block Potion"},{"floor":7,"key":"Strength Potion"},{"floor":14,"key":"Ancient Potion"}],"is_trial":false,"path_per_floor":["M","?","$","?","M","E","M","M","T","E","M","?","M","M","R","B"],"character_chosen":"WATCHER","items_purchased":["Strange Spoon","Wireheading+1","Bronze Scales"],"campfire_rested":0,"item_purchase_floors":[3,3,3],"current_hp_per_floor":[65,53,53,53,53,41,41,41,41,17,17,33,33,21,21,0,0],"gold":392,"neow_bonus":"ONE_RARE_RELIC","is_daily":false,"chose_seed":false,"campfire_upgraded":1,"win_rate":0.0,"timestamp":1609449744,"path_taken":["M","?","$","?","M","E","M","M","T","E","M","?","M","M","R","BOSS"],"items_purchased_type":["Relic","Card","Relic"],"build_version":"2020-12-22","purchased_purges":0,"victory":false,"max_hp_per_floor":[65,65,65,65,65,65,65,65,65,65,65,65,65,65,65,65,65],"card_choices":[{"not_picked":["Halt","CutThroughFate"],"picked":"FollowUp","floor":1},{"not_picked":["ReachHeaven","PathToVictory"],"picked":"EmptyBody","floor":5},{"not_picked":["SpiritShield","Collect"],"picked":"EmptyBody","floor":6},{"not_picked":["Consecrate","Prostrate"],"picked":"Crescendo","floor":7},{"not_picked":["ClearTheMind","ForeignInfluence"],"picked":"FollowUp","floor":8},{"not_picked":["Protect","SignatureMove"],"picked":"Weave","floor":10},{"not_picked":["EmptyBody","PathToVictory"],"picked":"Consecrate","floor":11},{"not_picked":["FlyingSleeves","Prostrate"],"picked":"DeusExMachina","floor":13},{"not_picked":["FearNoEvil","JustLucky"],"picked":"LikeWater+1","floor":14}],"player_experience":101687,"relics_obtained":[{"floor":6,"key":"Nunchaku"},{"floor":9,"key":"Boot"},{"floor":10,"key":"Yang"}],"event_choices":[{"damage_healed":0,"gold_gain":0,"player_choice":"Success","damage_taken":12,"relics_obtained":["Frozen Egg 2"],"max_hp_gain":0,"max_hp_loss":0,"event_name":"Scrap Ooze","floor":2,"gold_loss":0},{"damage_healed":0,"gold_gain":175,"player_choice":"AGREE","damage_taken":0,"max_hp_gain":0,"max_hp_loss":0,"event_name":"Liars Game","floor":4,"gold_loss":0,"cards_obtained":["Doubt"]},{"damage_healed":16,"gold_gain":0,"player_choice":"Healed and dodged fight","damage_taken":0,"max_hp_gain":0,"max_hp_loss":0,"event_name":"Mushrooms","floor":12,"gold_loss":0,"cards_obtained":["Parasite"]}],"is_beta":false,"boss_relics":[],"items_purged_floors":[],"is_endless":false,"potions_floor_spawned":[6,7,14],"killed_by":"Hexaghost","ascension_level":0}}