{"host":"ygfasg9u7olr7skw","time":1609381416,"event":{"mods":["AchievementEnabler","BaseMod","Better Note","Better Vampires","Colored Powertips","Minty Spire (QoL Compilation)","Replay The Spire","Spicy Shops","StSLib","The IronCluck"],"gold_per_floor":[114,129,129,144,69,69,54,54,79,94,109,109,109,124,124,224,274,289,74,89,89,89,89,119,134,134,134,149,149,149,164,164,164,164],"floor_reached":33,"playtime":1694,"items_purged":["Strike_B","Strike_B"],"score":259,"play_id":"a55a6624-3d2c-4835-968e-15b472c33139","local_time":"20201230212336","daily_mods":["Heirloom","Time Dilation","Lethality"],"is_ascension_mode":false,"campfire_choices":[{"data":"Genetic Algorithm","floor":6,"key":"SMITH"},{"data":"ReplayGash","floor":8,"key":"SMITH"},{"floor":13,"key":"REST"},{"floor":15,"key":"REST"},{"floor":23,"key":"REST"},{"floor":27,"key":"REST"},{"floor":32,"key":"REST"}],"circlet_count":0,"master_deck":["Defend_B","Defend_B","Defend_B","Defend_B+1","Zap","Dualcast","ReplayGash+1","Go for the Eyes","Genetic Algorithm+1","Go for the Eyes","Beam Cell","Sweeping Beam+1","Hologram","Gash","Beam Cell+1","ReplayGash"],"relics":["Cracked Core","Turnip","Omamori","Solar Panel","Tiny House","ReplayTheSpireMod:CursedCoin","Bag of Marbles","Pen Nib","Dream Catcher","Divine Protection"],"acts_visited":["Exordium","TheCity"],"potions_floor_usage":[16,20],"damage_taken":[{"damage":0,"enemies":"Cultist","floor":1,"turns":2},{"damage":0,"enemies":"2 Louse","floor":2,"turns":1},{"damage":5,"enemies":"Jaw Worm","floor":4,"turns":2},{"damage":15,"enemies":"Exordium Thugs","floor":7,"turns":4},{"damage":11,"enemies":"Blue Slaver","floor":10,"turns":3},{"damage":0,"enemies":"Exordium Wildlife","floor":11,"turns":4},{"damage":11,"enemies":"Large Slime","floor":14,"turns":4},{"damage":16,"enemies":"Slime Boss","floor":16,"turns":7},{"damage":19,"enemies":"2 Thieves","floor":18,"turns":4},{"damage":41,"enemies":"3 Byrds","floor":20,"turns":4},{"damage":9,"enemies":"Gremlin Leader","floor":24,"turns":5},{"damage":11,"enemies":"Snake Plant","floor":25,"turns":3},{"damage":29,"enemies":"Sentry and Sphere","floor":28,"turns":4},{"damage":0,"enemies":"Centurion and Healer","floor":31,"turns":3},{"damage":62,"enemies":"Automaton","floor":33,"turns":6}],"seed_played":"-5051420239723459148","potions_obtained":[{"floor":1,"key":"Strength Potion"},{"floor":7,"key":"BlessingOfTheForge"},{"floor":11,"key":"EssenceOfSteel"},{"floor":16,"key":"Block Potion"},{"floor":17,"key":"FocusPotion"},{"floor":20,"key":"Explosive Potion"},{"floor":24,"key":"Swift Potion"}],"is_trial":false,"path_per_floor":["M","M","?","M","$","R","M","R","T","M","M","T","R","M","R","B",null,"M","$","M","?","$","R","E","M","T","R","M","?","?","M","R","B"],"character_chosen":"DEFECT","items_purchased":["ReplayTheSpireMod:CursedCoin","Sweeping Beam+1","Bag of Marbles","Pen Nib"],"campfire_rested":5,"item_purchase_floors":[19,19,19,19],"current_hp_per_floor":[75,75,75,70,70,70,55,55,55,44,44,44,66,55,75,59,80,63,63,24,24,24,48,43,34,34,58,29,29,29,29,53,0,0],"gold":164,"neow_bonus":"","is_daily":true,"chose_seed":false,"campfire_upgraded":2,"win_rate":0.0,"timestamp":1609381416,"path_taken":["M","?","?","M","$","R","M","R","T","M","?","?","R","M","R","BOSS","M","$","M","?","$","R","E","M","T","R","?","?","?","M","R","BOSS"],"items_purchased_type":["Relic","Card","Relic","Relic"],"build_version":"2020-12-22","purchased_purges":2,"victory":false,"max_hp_per_floor":[75,75,75,75,75,75,75,75,75,75,75,75,75,75,75,75,80,80,80,80,80,80,80,80,80,80,80,80,80,80,80,80,80,80],"card_choices":[{"not_picked":["Steam","Cold Snap"],"picked":"ReplayGash","floor":1},{"not_picked":["FIFO Queue","ReplaySolidLightProjector"],"picked":"Go for the Eyes","floor":2},{"not_picked":["Barrage","Rip and Tear"],"picked":"Genetic Algorithm","floor":4},{"not_picked":["Panic Button","Hologram","Streamline"],"picked":"SKIP","floor":7},{"not_picked":["Panic Button","Melter","Compile Driver"],"picked":"SKIP","floor":10},{"not_picked":["Sweeping Beam","Chill"],"picked":"Go for the Eyes","floor":11},{"not_picked":["BasicCrystalCard","Static Discharge","Amplify"],"picked":"SKIP","floor":14},{"not_picked":["Panic Button","ReplaySolidLightProjector"],"picked":"Beam Cell","floor":18},{"not_picked":["Hologram","Tempest","Ball Lightning"],"picked":"SKIP","floor":20},{"not_picked":["Machine Learning","Barrage","Hello World"],"picked":"SKIP","floor":24},{"not_picked":["Blizzard+1","Conserve Battery+1","Sweeping Beam"],"picked":"SKIP","floor":25},{"not_picked":["Stack+1","Coolheaded+1"],"picked":"Gash","floor":27},{"not_picked":["Hologram","Steam"],"picked":"Beam Cell+1","floor":28},{"not_picked":["Turbo+1","Barrage"],"picked":"ReplayGash","floor":31}],"player_experience":187202,"relics_obtained":[{"floor":9,"key":"Omamori"},{"floor":12,"key":"Solar Panel"},{"floor":24,"key":"Dream Catcher"},{"floor":26,"key":"Divine Protection"}],"event_choices":[{"cards_removed":["Strike_B"],"damage_healed":0,"gold_gain":0,"player_choice":"Offered Basic","damage_taken":0,"max_hp_gain":0,"max_hp_loss":0,"event_name":"Bonfire Elementals","floor":3,"gold_loss":0},{"damage_healed":0,"gold_gain":0,"cards_transformed":["Strike_B"],"player_choice":"Transformed","damage_taken":0,"max_hp_gain":0,"max_hp_loss":0,"event_name":"Transmorgrifier","floor":21,"gold_loss":0,"cards_obtained":["Hologram"]},{"damage_healed":0,"gold_gain":0,"player_choice":"Smashed Altar","damage_taken":0,"max_hp_gain":0,"max_hp_loss":0,"event_name":"Forgotten Altar","floor":29,"gold_loss":0,"cards_obtained":["Decay"]},{"damage_healed":0,"gold_gain":0,"player_choice":"Ignored","damage_taken":0,"max_hp_gain":0,"max_hp_loss":0,"event_name":"Ghosts","floor":30,"gold_loss":0}],"is_beta":false,"boss_relics":[{"not_picked":["Snecko Heart","Runic Dome"],"picked":"Tiny House"}],"items_purged_floors":[5,19],"is_endless":false,"potions_floor_spawned":[1,7,11,16,20,24,25],"killed_by":"Automaton","ascension_level":0}}