{"host":"s1vy8rtdj748rey3","time":1609399698,"event":{"mods":["Aspiration","BaseMod","Beaked The Cultist","BetterRewards","Block Reminder","Conspire","Downfall","Fiend Mod","Friendly Minions","GifTheSpireLib","Halation","Hermit","Hubris","Infinite Spire","Jorbs\u0027s Wanderer Trilogy","Minty Spire (QoL Compilation)","Rare Cards Sparkle","Replay The Spire","Small Relic Pack","StSLib","Stuff the Spire","The Hierophant","Transform Curses","Waifu the Spire","vexMod"],"gold_per_floor":[110,70,87,100,100,100,118,118,118,149,149,149,160,177,177,17,17,112,112,129,45,45,45,45,58,76,87,112,112,112],"floor_reached":29,"playtime":1986,"items_purged":["Pot Of Greed","Pot Of Greed"],"score":383,"play_id":"fd4a1eae-5675-4630-9c44-6e4d80037834","local_time":"20201231112818","is_ascension_mode":true,"campfire_choices":[{"data":"Apotheosis","floor":6,"key":"SMITH"},{"floor":12,"key":"REST"}],"circlet_count":0,"master_deck":["hermit:Strike_Hermit","hermit:Strike_Hermit","hermit:Strike_Hermit","hermit:Strike_Hermit","hermit:Defend_Hermit","hermit:Defend_Hermit","hermit:Defend_Hermit","hermit:Defend_Hermit","hermit:Snapshot","hermit:Covet","hermit:Headshot","hermit:Combo","hermit:Grudge","hermit:BigShot","hermit:Desperado","hermit:BodyArmor","Apotheosis+1","expansioncontent:StudyTheSpire+1","hermit:Malice","hermit:Cheat","hermit:Enervate","hermit:OverwhelmingPower","Pot Of Greed","hermit:OverwhelmingPower","hermit:CursedWeapon","hermit:Misfire","hermit:Ricochet","hermit:EternalForm","hermit:Ricochet","hermit:FatalDesire","hermit:Quickdraw+1","hermit:Headshot","hermit:Combo","Writhe","hermit:ShadowCloak+1","Pot Of Greed","hermit:HighCaliber","hermit:DeadOrAlive"],"relics":["hermit:Momento","Grinning Jar","Pondfish Scales","vexMod:HeadHunter","ReplayTheSpireMod:ShopPack","infinitespire:Golems Mask","StuffTheSpire:GrapeVine","StuffTheSpire:OldFever","hubris:Icosahedron","Painkiller Herb","Girya","Peace Pipe","StuffTheSpire:Barrel"],"acts_visited":["Exordium","TheCity"],"potions_floor_usage":[4,10,10,18,18,29],"damage_taken":[{"damage":7,"enemies":"Small Slimes","floor":1,"turns":3},{"damage":16,"enemies":"infinitespire:Voidling","floor":3,"turns":3},{"damage":6,"enemies":"Cultist","floor":4,"turns":4},{"damage":11,"enemies":"Looter","floor":7,"turns":2},{"damage":11,"enemies":"Gremlin Nob","floor":10,"turns":3},{"damage":11,"enemies":"Red Slaver","floor":13,"turns":3},{"damage":3,"enemies":"3 Louse","floor":14,"turns":2},{"damage":38,"enemies":"Hexaghost","floor":18,"turns":4},{"damage":23,"enemies":"2 Thieves","floor":20,"turns":3},{"damage":6,"enemies":"Chosen","floor":25,"turns":3},{"damage":35,"enemies":"Centurion and Healer","floor":26,"turns":4},{"damage":14,"enemies":"Chosen and Byrds","floor":27,"turns":3},{"damage":26,"enemies":"Slavers","floor":29,"turns":1}],"seed_played":"16899374482952345","potions_obtained":[{"floor":2,"key":"FearPotion"},{"floor":2,"key":"Flashbang"},{"floor":2,"key":"CultistPotion"},{"floor":3,"key":"SkillPotion"},{"floor":7,"key":"PowerPotion"},{"floor":14,"key":"Reflective Coating"},{"floor":26,"key":"Swift Potion"}],"is_trial":false,"path_per_floor":["M","?","M","M","?","R","M","PTL","PTL","E","T","R","M","M","?","$","R","B",null,"?","T","?","?","AVR","?","?","?","T","E"],"character_chosen":"HERMIT","items_purchased":["Grinning Jar","hermit:Headshot","hermit:Combo","ReplayTheSpireMod:ShopPack","hermit:Grudge","hermit:BigShot","hermit:Desperado","hermit:BodyArmor","hermit:EternalForm","hermit:Ricochet","hermit:Headshot","hermit:Combo"],"campfire_rested":1,"item_purchase_floors":[0,0,0,0,0,0,0,0,16,16,21,21],"current_hp_per_floor":[68,68,56,50,50,50,39,39,39,28,28,50,39,36,36,36,58,20,75,52,52,52,75,75,69,34,20,20,0,0],"gold":112,"neow_bonus":"","is_daily":false,"chose_seed":false,"campfire_upgraded":1,"win_rate":0.0,"timestamp":1609399698,"path_taken":["M","?","?","?","?","R","M","PTL","PTL","E","T","R","M","?","?","?","R","BOSS","?","T","?","?","AVR","?","?","?","T","E"],"items_purchased_type":["Relic","Card","Card","Relic","Card","Card","Card","Card","Card","Card","Card","Card"],"build_version":"2020-12-22","purchased_purges":2,"victory":false,"max_hp_per_floor":[75,75,75,75,75,75,75,75,75,75,75,75,75,75,75,75,75,75,75,75,75,75,75,75,75,75,75,75,75,75],"card_choices":[{"not_picked":["hubris:EnhanceAbility","Sadistic Nature"],"picked":"Apotheosis","floor":0},{"not_picked":["Impatience","StuffTheSpire:Recharge"],"picked":"expansioncontent:DefensiveMode","floor":0},{"not_picked":["expansioncontent:DonusPower","hubris:Ssssneak"],"picked":"expansioncontent:StudyTheSpire","floor":0},{"not_picked":["hermit:Vantage","hermit:Spite"],"picked":"hermit:TakeAim","floor":1},{"not_picked":["hermit:TrackingShot","hermit:Vantage"],"picked":"hermit:Malice","floor":3},{"not_picked":["hermit:Combo","hermit:Showdown"],"picked":"hermit:Cheat","floor":4},{"not_picked":["hermit:LowProfile","hermit:Brawl"],"picked":"hermit:OverwhelmingPower","floor":7},{"not_picked":["hermit:Magnum","hermit:FromBeyond"],"picked":"hermit:OverwhelmingPower","floor":10},{"not_picked":["hermit:Scavenge","hermit:LoneWolf"],"picked":"hermit:CursedWeapon","floor":10},{"not_picked":["hermit:LowProfile","hermit:ItchyTrigger"],"picked":"hermit:Misfire","floor":13},{"not_picked":["hermit:FullyLoaded","hermit:Misfire"],"picked":"hermit:Ricochet","floor":14},{"not_picked":["hermit:BlackWind","hermit:Roughhouse"],"picked":"hermit:FatalDesire","floor":18},{"not_picked":["hermit:Desperado","hermit:CalledShot"],"picked":"hermit:Quickdraw+1","floor":20},{"not_picked":["hermit:HighCaliber","hermit:Feint+1"],"picked":"hermit:ShadowCloak+1","floor":25},{"not_picked":["hermit:Ricochet","hermit:BodyArmor"],"picked":"hermit:HighCaliber","floor":26},{"not_picked":["hermit:Grudge","hermit:Coalescence"],"picked":"hermit:DeadOrAlive","floor":27}],"player_experience":205106,"relics_obtained":[{"floor":10,"key":"StuffTheSpire:GrapeVine"},{"floor":11,"key":"StuffTheSpire:OldFever"},{"floor":28,"key":"StuffTheSpire:Barrel"}],"event_choices":[{"damage_healed":0,"gold_gain":0,"player_choice":"Bought 3 Potions","damage_taken":0,"max_hp_gain":0,"max_hp_loss":0,"event_name":"The Woman in Blue","floor":2,"gold_loss":0},{"damage_healed":0,"gold_gain":0,"cards_transformed":["hermit:TakeAim"],"player_choice":"Transformed","damage_taken":0,"max_hp_gain":0,"max_hp_loss":0,"event_name":"Transmorgrifier","floor":5,"gold_loss":0,"cards_obtained":["hermit:Enervate"]},{"damage_healed":0,"gold_gain":0,"player_choice":"Opened","damage_taken":0,"relics_obtained":["Girya"],"max_hp_gain":0,"max_hp_loss":0,"event_name":"The Mausoleum","floor":22,"gold_loss":0,"cards_obtained":["Writhe"]},{"cards_removed":["expansioncontent:DefensiveMode"],"damage_healed":23,"gold_gain":0,"player_choice":"Offered Uncommon","damage_taken":0,"max_hp_gain":0,"max_hp_loss":0,"event_name":"Bonfire Elementals","floor":23,"gold_loss":0}],"is_beta":false,"boss_relics":[{"not_picked":["StuffTheSpire:Kangaroo","hermit:DentedPlate"],"picked":"Painkiller Herb"}],"items_purged_floors":[0,0],"is_endless":false,"potions_floor_spawned":[3,7,14,26],"killed_by":"Slavers","ascension_level":2}}