{"host":"m6aaltr68g9tvoay","time":1609398850,"event":{"mods":["AchievementEnabler","BaseMod","Colored Map","Minty Spire (QoL Compilation)","StSLib"],"gold_per_floor":[116,73,93,113,113,113,125,125,150,215,265,300,300,314,314,392,392,409,164,214,214],"floor_reached":20,"playtime":570,"items_purged":[],"score":331,"play_id":"434ab1f4-d3a0-4d8e-9f24-77c5f56079b8","local_time":"20201230231410","is_ascension_mode":true,"campfire_choices":[{"data":"Armaments","floor":6,"key":"SMITH"},{"floor":13,"key":"REST"},{"floor":15,"key":"REST"}],"circlet_count":0,"master_deck":["AscendersBane","Strike_R","Strike_R","Strike_R","Strike_R","Strike_R","Defend_R","Defend_R+1","Defend_R","Defend_R+1","Bash","Cleave","Feel No Pain","Clothesline","Armaments+1","Heavy Blade","Demon Form","Flame Barrier","Rampage"],"relics":["Burning Blood","SsserpentHead","War Paint","Vajra","Fusion Hammer","ClockworkSouvenir"],"acts_visited":["Exordium","TheCity"],"potions_floor_usage":[12,14,16],"damage_taken":[{"damage":2,"enemies":"Cultist","floor":1,"turns":4},{"damage":18,"enemies":"Jaw Worm","floor":3,"turns":4},{"damage":0,"enemies":"2 Louse","floor":4,"turns":2},{"damage":26,"enemies":"Exordium Thugs","floor":7,"turns":6},{"damage":9,"enemies":"3 Louse","floor":10,"turns":4},{"damage":24,"enemies":"Gremlin Nob","floor":12,"turns":4},{"damage":16,"enemies":"Looter","floor":14,"turns":3},{"damage":56,"enemies":"Slime Boss","floor":16,"turns":12},{"damage":31,"enemies":"3 Byrds","floor":18,"turns":6},{"damage":52,"enemies":"Masked Bandits","floor":20,"turns":3}],"seed_played":"8184800582012605690","potions_obtained":[{"floor":3,"key":"ColorlessPotion"},{"floor":10,"key":"BlessingOfTheForge"},{"floor":12,"key":"Swift Potion"}],"is_trial":false,"path_per_floor":["M","$","M","M","?","R","M","?","T","M","?","E","R","M","R","B",null,"M","$","?"],"character_chosen":"IRONCLAD","items_purchased":["Feel No Pain","ClockworkSouvenir","Rampage"],"campfire_rested":2,"item_purchase_floors":[2,19,19],"current_hp_per_floor":[79,79,67,73,73,73,53,53,53,50,55,37,63,53,79,29,73,48,48,0,0],"gold":214,"neow_bonus":"TEN_PERCENT_HP_BONUS","is_daily":false,"chose_seed":false,"campfire_upgraded":1,"win_rate":0.0,"timestamp":1609398850,"path_taken":["M","?","M","M","?","R","M","?","T","?","?","E","R","M","R","BOSS","M","$","?"],"items_purchased_type":["Card","Relic","Card"],"build_version":"2020-12-22","purchased_purges":0,"victory":false,"max_hp_per_floor":[82,82,82,82,82,82,82,82,82,82,87,87,87,87,87,87,87,87,87,87,87],"card_choices":[{"not_picked":["Thunderclap","True Grit"],"picked":"Cleave","floor":1},{"not_picked":["Perfected Strike","Power Through"],"picked":"Clothesline","floor":3},{"not_picked":["Clash","Cleave"],"picked":"Armaments","floor":4},{"not_picked":["Blood for Blood","Clash"],"picked":"Heavy Blade","floor":7},{"not_picked":["Anger","Thunderclap","Clothesline"],"picked":"SKIP","floor":10},{"not_picked":["Battle Trance","Clothesline","Brutality"],"picked":"SKIP","floor":12},{"not_picked":["Body Slam","Second Wind","Warcry"],"picked":"SKIP","floor":14},{"not_picked":["Bludgeon","Reaper"],"picked":"Demon Form","floor":16},{"not_picked":["Armaments","Iron Wave"],"picked":"Flame Barrier","floor":18}],"player_experience":1326410,"relics_obtained":[{"floor":9,"key":"War Paint"},{"floor":12,"key":"Vajra"}],"event_choices":[{"damage_healed":0,"gold_gain":0,"player_choice":"Leave","damage_taken":0,"max_hp_gain":0,"max_hp_loss":0,"event_name":"The Cleric","floor":5,"gold_loss":0},{"damage_healed":0,"gold_gain":0,"player_choice":"Trade","damage_taken":0,"relics_obtained":["SsserpentHead"],"max_hp_gain":0,"max_hp_loss":0,"event_name":"FaceTrader","floor":8,"gold_loss":0},{"damage_healed":0,"gold_gain":0,"player_choice":"Donut","damage_taken":0,"max_hp_gain":5,"max_hp_loss":0,"event_name":"Big Fish","floor":11,"gold_loss":0},{"damage_healed":0,"gold_gain":0,"player_choice":"Fought Bandits","damage_taken":0,"max_hp_gain":0,"max_hp_loss":0,"event_name":"Masked Bandits","floor":20,"gold_loss":0}],"is_beta":false,"boss_relics":[{"not_picked":["SlaversCollar","Runic Dome"],"picked":"Fusion Hammer"}],"items_purged_floors":[],"is_endless":false,"potions_floor_spawned":[3,10,12],"killed_by":"Masked Bandits","ascension_level":18}}