{"host":"5fasz840ryq7obdf","time":1609450451,"event":{"mods":["AchievementEnabler","BaseMod","Bestiary","Better Altar","Better Skull","Better Third Choice","BetterRewards","Block Reminder","Colored Powertips","Curses Come First","Downfall","Highlight Path","Minty Spire (QoL Compilation)","Quick Restart","Relic Sorter","Relic Stats","Shop Mod","Spicy Shops","StSLib","SuperFastMode"],"gold_per_floor":[99,118,118,133,147,20,20,50,68,103,120,155,155,40,51,152,152,152,163,180,198,198,223,223,223,223,256,256,141,169,187,206,304,304,304,321,321,18,68,68,93,93,107,117,150,150,164,191,204,204,204,204],"floor_reached":50,"playtime":5202,"items_purged":["Slimebound:Tackle"],"score":877,"play_id":"9de5a028-28c6-4087-bbab-b74b90ca3652","local_time":"20201231213411","is_ascension_mode":true,"campfire_choices":[{"data":"Slimebound:Split","floor":1.0,"key":"SMITH"},{"data":"Slimebound:Gluttony","floor":13.0,"key":"SMITH"},{"data":"Slimebound:OneTwoCombo","floor":18.0,"key":"SMITH"},{"data":"Slimebound:PrepareCrush","floor":25.0,"key":"SMITH"},{"data":"Slimebound:MassRepurpose","floor":35.0,"key":"SMITH"},{"data":"Slimebound:SlimeSlap","floor":46.0,"key":"SMITH"}],"circlet_count":0,"master_deck":["Slimebound:Split+1","Slimebound:CorrosiveSpit","Slimebound:SplitMire","Slimebound:SlimeBarrage","Slimebound:Gluttony+1","Slimebound:AcidTongue","Slimebound:Prepare","Slimebound:ForwardTackle","Slimebound:GrowthPunch","Slimebound:GoopSpray","Slimebound:LeadByExample","Slimebound:LeadByExample","Slimebound:SpikyOuterGoop","Slimebound:OneTwoCombo+1","Slimebound:GoopSpray","Slimebound:SpikyOuterGoop","Slimebound:MegaLick","Slimebound:SlimeSlap+1","Slimebound:TagTeam","Slimebound:Replication","Slimebound:OneTwoCombo","Slimebound:DivideAndConquer","Slimebound:OneTwoCombo","Slimebound:PrepareCrush+1","Slimebound:OneTwoCombo","Slimebound:LeechEnergy","Slimebound:SplitLeeching+1","Slimebound:PressTheAttack+1","Slimebound:MegaLick","Slimebound:LeechingTouch","Slimebound:LeechEnergy","Slimebound:LeadByExample","Slimebound:LeechingTouch","Slimebound:Gluttony","Slimebound:SlimeTap+1","Slimebound:MassRepurpose+1","Slimebound:GrowthPunch+1","expansioncontent:GuardianWhirl","expansioncontent:DefensiveStance","expansioncontent:PolyBeam","Slimebound:Equalize","Slimebound:LeechingTouch","Slimebound:Replication","Slimebound:SamplingLick+1","Guardian:Aged","Slimebound:SplitAcid","Slimebound:WasteNot","Slimebound:LeechingTouch+1","Slimebound:GoopSpray+1","Slimebound:SplitLeeching+1","Slimebound:LeechingTouch+1"],"relics":["Slimebound:AbsorbEndCombat","Meat on the Bone","Whetstone","Pocketwatch","Torii","Pandora\u0027s Box","Potion Belt","Peace Pipe","Dream Catcher","Slimebound:SlimedSkullRelic","Cursed Key","Mercury Hourglass","Akabeko","Unceasing Top","Art of War","Pear","Lizard Tail"],"acts_visited":["Exordium","TheCity","TheBeyond"],"potions_floor_usage":[50,50,50,50,50],"damage_taken":[{"damage":8.0,"enemies":"Small Slimes","floor":2.0,"turns":4.0},{"damage":13.0,"enemies":"Cultist","floor":4.0,"turns":3.0},{"damage":17.0,"enemies":"Jaw Worm","floor":5.0,"turns":3.0},{"damage":21.0,"enemies":"downfall:FleeingMerchant","floor":6.0,"turns":4.0},{"damage":19.0,"enemies":"Gremlin Nob","floor":8.0,"turns":3.0},{"damage":19.0,"enemies":"Large Slime","floor":9.0,"turns":6.0},{"damage":23.0,"enemies":"Lagavulin","floor":10.0,"turns":5.0},{"damage":26.0,"enemies":"Exordium Thugs","floor":11.0,"turns":3.0},{"damage":46.0,"enemies":"3 Sentries","floor":12.0,"turns":5.0},{"damage":18.0,"enemies":"downfall:FleeingMerchant","floor":14.0,"turns":4.0},{"damage":14.0,"enemies":"Blue Slaver","floor":15.0,"turns":3.0},{"damage":14.0,"enemies":"downfall:Watcher","floor":16.0,"turns":8.0},{"damage":17.0,"enemies":"Chosen","floor":19.0,"turns":3.0},{"damage":18.0,"enemies":"3 Byrds","floor":20.0,"turns":3.0},{"damage":28.0,"enemies":"Cultist and Chosen","floor":21.0,"turns":4.0},{"damage":33.0,"enemies":"Slavers","floor":23.0,"turns":3.0},{"damage":38.0,"enemies":"Book of Stabbing","floor":27.0,"turns":4.0},{"damage":16.0,"enemies":"downfall:FleeingMerchant","floor":29.0,"turns":4.0},{"damage":28.0,"enemies":"Slavers","floor":30.0,"turns":1.0},{"damage":28.0,"enemies":"Snake Plant","floor":31.0,"turns":2.0},{"damage":27.0,"enemies":"Centurion and Healer","floor":32.0,"turns":5.0},{"damage":34.0,"enemies":"downfall:Ironclad","floor":33.0,"turns":6.0},{"damage":17.0,"enemies":"3 Darklings","floor":36.0,"turns":4.0},{"damage":4.0,"enemies":"downfall:FleeingMerchant","floor":38.0,"turns":1.0},{"damage":8.0,"enemies":"Mind Bloom Boss Battle","floor":39.0,"turns":3.0},{"damage":8.0,"enemies":"Orb Walker","floor":43.0,"turns":2.0},{"damage":0.0,"enemies":"3 Darklings","floor":44.0,"turns":1.0},{"damage":20.0,"enemies":"Nemesis","floor":45.0,"turns":5.0},{"damage":24.0,"enemies":"Transient","floor":47.0,"turns":5.0},{"damage":44.0,"enemies":"Reptomancer","floor":48.0,"turns":4.0},{"damage":25.0,"enemies":"4 Shapes","floor":49.0,"turns":2.0},{"damage":113,"enemies":"downfall:Silent","floor":50,"turns":5}],"seed_played":"7521976901110419755","potions_obtained":[{"floor":3.0,"key":"Ancient Potion"},{"floor":3.0,"key":"Ancient Potion"},{"floor":3.0,"key":"DuplicationPotion"},{"floor":4.0,"key":"SmokeBomb"},{"floor":8.0,"key":"FearPotion"},{"floor":10.0,"key":"SteroidPotion"},{"floor":15.0,"key":"sneckomod:MuddlingPotion"},{"floor":20.0,"key":"CultistPotion"},{"floor":27.0,"key":"DuplicationPotion"},{"floor":30.0,"key":"SkillPotion"},{"floor":33.0,"key":"SteroidPotion"},{"floor":43.0,"key":"sneckomod:MuddlingPotion"},{"floor":44.0,"key":"Swift Potion"},{"floor":45.0,"key":"LiquidMemories"},{"floor":49.0,"key":"Slimebound:SpawnSlimePotion"}],"is_trial":false,"path_per_floor":["R","M","?","M","M","$","T","E","M","E","M","E","R","$","M","B",null,"R","M","M","M","?","E","T","R","?","E","?","$","E","M","M","B",null,"R","M","?","$","?","$","T","?","M","M","E","R","M","E","M","B"],"character_chosen":"SLIMEBOUND","items_purchased":["Slimebound:Prepare","Slimebound:ForwardTackle","Slimebound:GoopSpray","Slimebound:SpikyOuterGoop","Slimebound:LeadByExample","Slimebound:Equalize","Slimebound:LeechingTouch","Mercury Hourglass","Slimebound:Replication","Akabeko"],"campfire_rested":0,"item_purchase_floors":[6,6,14,14,29,38,38,38,38,38],"current_hp_per_floor":[66,66,66,66,65,66,66,63,62,57,49,35,35,49,53,66,66,66,63,66,64,52,51,51,51,51,51,51,71,71,55,50,64,71,71,71,61,69,71,71,71,71,71,71,81,81,81,65,52,0,0,0],"gold":204,"neow_bonus":"TEN_PERCENT_HP_BONUS","is_daily":false,"chose_seed":false,"campfire_upgraded":6,"win_rate":0.0,"timestamp":1609450451,"path_taken":["R","M","?","M","M","?","T","E","M","E","M","E","R","$","M","BOSS","R","M","M","M","?","E","T","R","?","E","?","$","E","M","M","BOSS","R","M","?","$","?","$","T","?","M","M","E","R","M","E","M","BOSS"],"items_purchased_type":["Card","Card","Card","Card","Card","Card","Card","Relic","Card","Relic"],"build_version":"2020-12-22","purchased_purges":1,"victory":false,"max_hp_per_floor":[66,66,66,66,66,66,66,66,66,66,66,66,66,66,66,66,66,66,66,66,66,71,71,71,71,71,71,71,71,71,71,71,71,71,71,71,71,71,71,71,71,71,71,71,81,81,81,81,81,81,81,81],"relic_stats":{"Torii":32,"counters":[32,114],"Whetstone":["Slimebound:Strike_Slimebound","Slimebound:Strike_Slimebound"],"Cursed Key":1,"Mercury Hourglass":[92],"Peace Pipe":0,"Dream Catcher":0,"Lizard Tail":40,"Pandora\u0027s Box":["Slimebound:TagTeam","Slimebound:Replication","Slimebound:OneTwoCombo","Slimebound:DivideAndConquer","Slimebound:OneTwoCombo","Slimebound:PrepareCrush","Slimebound:OneTwoCombo"],"Art of War":[0],"obtain_stats":[{"Potion Belt":23,"Pear":45,"Torii":12,"Whetstone":8,"Cursed Key":34,"Akabeko":38,"Mercury Hourglass":38,"Peace Pipe":24,"Dream Catcher":27,"Lizard Tail":48,"Pandora\u0027s Box":17,"Slimebound:AbsorbEndCombat":0,"Art of War":41,"Slimebound:SlimedSkullRelic":30,"Unceasing Top":39,"Meat on the Bone":7,"Pocketwatch":10},{"Potion Belt":16,"Pear":28,"Torii":9,"Whetstone":5,"Cursed Key":22,"Akabeko":24,"Mercury Hourglass":24,"Peace Pipe":16,"Dream Catcher":17,"Lizard Tail":30,"Pandora\u0027s Box":12,"Slimebound:AbsorbEndCombat":0,"Art of War":25,"Slimebound:SlimedSkullRelic":19,"Unceasing Top":25,"Meat on the Bone":4,"Pocketwatch":7},{"Potion Belt":62,"Pear":100,"Torii":34,"Whetstone":17,"Cursed Key":84,"Akabeko":89,"Mercury Hourglass":89,"Peace Pipe":62,"Dream Catcher":66,"Lizard Tail":109,"Pandora\u0027s Box":49,"Slimebound:AbsorbEndCombat":0,"Art of War":92,"Slimebound:SlimedSkullRelic":71,"Unceasing Top":92,"Meat on the Bone":14,"Pocketwatch":27}],"Unceasing Top":[1],"Meat on the Bone":36,"Pocketwatch":[51]},"card_choices":[{"not_picked":["Slimebound:GoopSpray","Slimebound:SamplingLick"],"picked":"Slimebound:SplitMire","floor":2.0},{"not_picked":["Slimebound:LeechEnergy","Slimebound:SamplingLick"],"picked":"Slimebound:SlimeBarrage","floor":4.0},{"not_picked":["Slimebound:SplitBruiser","Slimebound:ProtectTheBoss"],"picked":"Slimebound:Gluttony","floor":5.0},{"not_picked":["Slimebound:LivingWall","Slimebound:ProtectTheBoss"],"picked":"Slimebound:AcidTongue","floor":6.0},{"not_picked":["Slimebound:GoopTackle","Slimebound:BestDefense"],"picked":"Slimebound:GrowthPunch","floor":8.0},{"not_picked":["Slimebound:GrowthPunch","Slimebound:Chomp"],"picked":"Slimebound:GoopSpray","floor":9.0},{"not_picked":["Slimebound:SplitBruiser","Slimebound:Equalize"],"picked":"Slimebound:LeadByExample","floor":10.0},{"not_picked":["Slimebound:DivideAndConquer","Slimebound:RollThrough"],"picked":"Slimebound:LeadByExample","floor":11.0},{"not_picked":["Slimebound:ForwardTackle","Slimebound:SamplingLick"],"picked":"Slimebound:SpikyOuterGoop","floor":12.0},{"not_picked":["Slimebound:Dissolve","Slimebound:RainOfGoop"],"picked":"Slimebound:OneTwoCombo","floor":14.0},{"not_picked":["Slimebound:FlameTackle","Slimebound:SplitBruiser"],"picked":"Slimebound:MegaLick","floor":15.0},{"not_picked":["Slimebound:WasteNot","Slimebound:SelfFormingGoo"],"picked":"Slimebound:SlimeSlap","floor":16.0},{"not_picked":["Slimebound:AcidTongue","Slimebound:SlimeBrawl"],"picked":"Slimebound:LeechEnergy","floor":19.0},{"not_picked":["Slimebound:RainOfGoop","Slimebound:LeechEnergy"],"picked":"Slimebound:SplitLeeching+1","floor":20.0},{"not_picked":["Slimebound:RainOfGoop","Slimebound:SplitAcid"],"picked":"Slimebound:PressTheAttack+1","floor":21.0},{"not_picked":["Slimebound:BestDefense","Slimebound:DivideAndConquer"],"picked":"Slimebound:MegaLick","floor":23.0},{"not_picked":["Slimebound:SlimeSpikes","Slimebound:LivingWall"],"picked":"Slimebound:LeechingTouch","floor":27.0},{"not_picked":["Slimebound:SpikyOuterGoop","Slimebound:SplitAcid"],"picked":"Slimebound:LeechEnergy","floor":29.0},{"not_picked":["Slimebound:Repurpose","Slimebound:SlimeSlap"],"picked":"Slimebound:LeechingTouch","floor":30.0},{"not_picked":["Slimebound:SpikyOuterGoop","Slimebound:MegaLick+1"],"picked":"Slimebound:Gluttony","floor":31.0},{"not_picked":["Slimebound:GoopSpray","Slimebound:PressTheAttack"],"picked":"Slimebound:SlimeTap+1","floor":32.0},{"not_picked":["Slimebound:SelfFormingGoo","Slimebound:OozeBath"],"picked":"Slimebound:MassRepurpose","floor":33.0},{"not_picked":["Slimebound:ItLooksTasty","Slimebound:GoopSpray+1"],"picked":"Slimebound:GrowthPunch+1","floor":36.0},{"not_picked":["expansioncontent:FaceSlap","expansioncontent:DecasProtection"],"picked":"expansioncontent:GuardianWhirl","floor":37.0},{"not_picked":["expansioncontent:SuperHexaguard","expansioncontent:DonusPower"],"picked":"expansioncontent:DefensiveStance","floor":37.0},{"not_picked":["expansioncontent:FaceSlap","expansioncontent:YouAreMine"],"picked":"expansioncontent:PolyBeam","floor":37.0},{"not_picked":["Slimebound:LeechingTouch","Slimebound:ServeAndProtect+1"],"picked":"Slimebound:SamplingLick+1","floor":39.0},{"not_picked":["Slimebound:Prepare","Slimebound:LevelUp"],"picked":"Slimebound:SplitAcid","floor":43.0},{"not_picked":["Slimebound:LeechEnergy","Slimebound:DivideAndConquer"],"picked":"Slimebound:WasteNot","floor":44.0},{"not_picked":["Slimebound:RollThrough+1","Slimebound:PressTheAttack+1"],"picked":"Slimebound:LeechingTouch+1","floor":45.0},{"not_picked":["Slimebound:PressTheAttack+1","Slimebound:ProtectTheBoss"],"picked":"Slimebound:GoopSpray+1","floor":47.0},{"not_picked":["Slimebound:LivingWall+1","Slimebound:AcidTongue+1"],"picked":"Slimebound:SplitLeeching+1","floor":48.0},{"not_picked":["Slimebound:GoopSpray+1","Slimebound:ViciousTackle"],"picked":"Slimebound:LeechingTouch+1","floor":49.0}],"player_experience":1345935,"relics_obtained":[{"floor":7.0,"key":"Meat on the Bone"},{"floor":8.0,"key":"Whetstone"},{"floor":10.0,"key":"Pocketwatch"},{"floor":12.0,"key":"Torii"},{"floor":23.0,"key":"Potion Belt"},{"floor":24.0,"key":"Peace Pipe"},{"floor":27.0,"key":"Dream Catcher"},{"floor":30.0,"key":"Slimebound:SlimedSkullRelic"},{"floor":39.0,"key":"Unceasing Top"},{"floor":41.0,"key":"Art of War"},{"floor":45.0,"key":"Pear"},{"floor":48.0,"key":"Lizard Tail"}],"event_choices":[{"damage_healed":0.0,"max_hp_gain":0.0,"max_hp_loss":0.0,"gold_gain":0.0,"event_name":"Lab","player_choice":"Got Potions","floor":3.0,"gold_loss":0.0,"damage_taken":0.0}],"is_beta":false,"boss_relics":[{"not_picked":["Busted Crown","Slimebound:AbsorbEndCombatUpgraded"],"picked":"Pandora\u0027s Box"},{"not_picked":["Calling Bell","SacredBark"],"picked":"Cursed Key"}],"items_purged_floors":[38],"is_endless":false,"potions_floor_spawned":[4,8,10,11,15,20,27,30,33,43,44,45,49],"killed_by":"downfall:Silent","ascension_level":3}}