{"host":"jm9833yuloeli2yd","time":1609390534,"event":{"mods":["AchievementEnabler","BaseMod","Better Altar","Better Match","Better Note","Better Sensory Stone","Better Skull","Better Third Choice","Better Vampires","BetterRewards","Colored Map","Colored Powertips","DeckTracker","Marked Mod","Minty Spire (QoL Compilation)","Permanent Neow","Quick Restart","StSLib","SuperFastMode"],"gold_per_floor":[20,40,5,24,24,24,50,64,64,64,89,89,102,121,121,195,195,215,230,230,242,77,104,104,133,205,205,205],"floor_reached":27,"playtime":8020,"items_purged":["Strike_B"],"score":526,"play_id":"2675342d-a51a-42b5-a3cb-41c5a1414248","local_time":"20201230235534","is_ascension_mode":true,"campfire_choices":[{"floor":10.0,"key":"REST"},{"floor":12.0,"key":"REST"},{"data":"Apotheosis","floor":15.0,"key":"SMITH"},{"floor":24,"key":"REST"}],"circlet_count":0,"master_deck":["AscendersBane","Strike_B+1","Strike_B","Strike_B","Defend_B","Defend_B","Defend_B","Defend_B","Zap","Dualcast","Ball Lightning","Genetic Algorithm","Buffer+1","Apotheosis+1","Chaos","Consume","Cold Snap","Genetic Algorithm","Rainbow","Defragment","Loop"],"relics":["Cracked Core","Lizard Tail","Singing Bowl","Turnip","WingedGreaves","SacredBark","Nilry\u0027s Codex","Bottled Tornado","Ornamental Fan"],"acts_visited":["Exordium","TheCity"],"potions_floor_usage":[23,23,25],"damage_taken":[{"damage":5.0,"enemies":"Small Slimes","floor":1.0,"turns":3.0},{"damage":3.0,"enemies":"2 Louse","floor":2.0,"turns":2.0},{"damage":4.0,"enemies":"Jaw Worm","floor":4.0,"turns":3.0},{"damage":11.0,"enemies":"3 Sentries","floor":7.0,"turns":8.0},{"damage":16.0,"enemies":"Lots of Slimes","floor":8.0,"turns":6.0},{"damage":41.0,"enemies":"Gremlin Nob","floor":11.0,"turns":5.0},{"damage":0.0,"enemies":"Large Slime","floor":13.0,"turns":4.0},{"damage":4.0,"enemies":"3 Louse","floor":14.0,"turns":4.0},{"damage":14.0,"enemies":"Slime Boss","floor":16.0,"turns":15.0},{"damage":1.0,"enemies":"Spheric Guardian","floor":18.0,"turns":6.0},{"damage":9.0,"enemies":"3 Byrds","floor":19.0,"turns":5.0},{"damage":7.0,"enemies":"Centurion and Healer","floor":21.0,"turns":8.0},{"damage":50,"enemies":"Slavers","floor":23,"turns":6},{"damage":17,"enemies":"Gremlin Leader","floor":25,"turns":5},{"damage":33,"enemies":"Book of Stabbing","floor":27,"turns":5}],"seed_played":"-3136535484823741126","potions_obtained":[{"floor":2.0,"key":"AttackPotion"},{"floor":11.0,"key":"Dexterity Potion"},{"floor":13.0,"key":"ColorlessPotion"},{"floor":16.0,"key":"Dexterity Potion"},{"floor":23,"key":"Explosive Potion"}],"is_trial":false,"path_per_floor":["M","M","?","M","?","?","E","M","T","R","E","R","M","M","R","B",null,"M","M","?","M","$","E","R","E","T","E"],"character_chosen":"DEFECT","items_purchased":["Loop"],"campfire_rested":3,"item_purchase_floors":[22],"current_hp_per_floor":[59,56,71,67,67,46,35,21,21,42,1,22,22,18,18,4,56,57,48,27,22,22,23,46,31,31,0,0],"gold":205,"neow_bonus":"ONE_RARE_RELIC","is_daily":false,"chose_seed":false,"campfire_upgraded":1,"win_rate":0.0,"timestamp":1609390534,"path_taken":["M","M","?","M","?","?","E","M","T","R","E","R","M","M","R","BOSS","M","M","?","M","$","E","R","E","T","E"],"items_purchased_type":["Card"],"build_version":"2020-12-22","purchased_purges":1,"victory":false,"max_hp_per_floor":[71,71,71,71,71,71,71,73,73,73,73,73,73,73,73,73,73,75,75,75,77,77,79,79,81,81,81,81],"card_choices":[{"not_picked":["Gash","Go for the Eyes"],"picked":"Ball Lightning","floor":1.0},{"not_picked":["Chill","Stack"],"picked":"Genetic Algorithm","floor":2.0},{"not_picked":["Turbo","Melter"],"picked":"Buffer","floor":4.0},{"not_picked":["Impatience","Mind Blast"],"picked":"Apotheosis","floor":5.0},{"not_picked":["Beam Cell","Gash"],"picked":"Chaos","floor":7.0},{"not_picked":["Beam Cell","Redo","Cold Snap"],"picked":"Singing Bowl","floor":8.0},{"not_picked":["Streamline","Beam Cell"],"picked":"Consume","floor":11.0},{"not_picked":["Conserve Battery","Beam Cell"],"picked":"Cold Snap","floor":13.0},{"not_picked":["Creative AI","Go for the Eyes"],"picked":"Genetic Algorithm","floor":14.0},{"not_picked":["Creative AI","All For One"],"picked":"Rainbow","floor":16.0},{"not_picked":["Conserve Battery","Steam","Reinforced Body"],"picked":"Singing Bowl","floor":18.0},{"not_picked":["Beam Cell","Sunder"],"picked":"Defragment","floor":19.0},{"not_picked":["Compile Driver","Rebound","Chill"],"picked":"Singing Bowl","floor":21.0},{"not_picked":["Gash","Hologram","Coolheaded"],"picked":"Singing Bowl","floor":23},{"not_picked":["Rip and Tear","Undo","Scrape"],"picked":"Singing Bowl","floor":25}],"player_experience":1200588,"relics_obtained":[{"floor":7.0,"key":"Singing Bowl"},{"floor":9.0,"key":"Turnip"},{"floor":11.0,"key":"WingedGreaves"},{"floor":20.0,"key":"Nilry\u0027s Codex"},{"floor":23,"key":"Bottled Tornado"},{"floor":25,"key":"Ornamental Fan"}],"event_choices":[{"damage_healed":17.0,"max_hp_gain":0.0,"max_hp_loss":0.0,"gold_gain":0.0,"event_name":"The Cleric","player_choice":"Healed","floor":3.0,"gold_loss":35.0,"damage_taken":0.0},{"damage_healed":0.0,"max_hp_gain":0.0,"max_hp_loss":0.0,"gold_gain":1.0,"event_name":"betterStone:BetterStone","player_choice":"1","floor":5.0,"gold_loss":0.0,"damage_taken":0.0},{"damage_healed":67.0,"max_hp_gain":0.0,"max_hp_loss":71.0,"gold_gain":0.0,"event_name":"betterThird:BetterShining","player_choice":"Upgrade","floor":6.0,"gold_loss":0.0,"damage_taken":21.0,"cards_upgraded":["Buffer","Strike_B"]},{"damage_healed":0.0,"max_hp_gain":0.0,"max_hp_loss":0.0,"gold_gain":0.0,"event_name":"Cursed Tome","player_choice":"Obtained Book","floor":20.0,"gold_loss":0.0,"damage_taken":21.0}],"is_beta":false,"boss_relics":[{"not_picked":["Astrolabe","Calling Bell"],"picked":"SacredBark"}],"items_purged_floors":[22],"is_endless":false,"potions_floor_spawned":[2,11,13,16,19,21,23],"killed_by":"Book of Stabbing","ascension_level":20}}