{"host":"u0pt4wuoyrjgzhh2","time":1609395438,"event":{"mods":["ATMod(°¢èªMod)","AchievementEnabler","Act Like it!","Aspiration","BaseMod","Better Note","Better Vampires","BetterRewards","Block Reminder","Challenge The Spire","Colored Map","Colored Powertips","Conspire","Dota2Spire","Downfall","Gensokyo","Highlight Path","Hubris","Minty Spire (QoL Compilation)","Permanent Neow","Quick Restart","Relic Stats","Replay The Spire","RumiaBox-Â¶Ã×æ«µÄÉñÃØºÐ×Ó","Shop Mod","Spicy Shops","StSLib","SuperFastMode","TestMod","The Jungle","Wandering Minibosses","vexMod","¡¾ÒÅÎï¿¨ÅÆ¡¿REMEMod"],"gold_per_floor":[142,142,178,239,82,169,169,254,254,254,314,314,411,479,479,689,689,757,822,931,756,756,811,811,899,926,926,926,926,938,938,938,1090,1090,1090,1090],"floor_reached":35,"playtime":1834,"items_purged":["Strike_G","AT_ThistleTea","Strike_G","Strike_G","Strike_G"],"score":933,"play_id":"1b5b8cd8-b480-4d13-b2c5-996b9fcb0de5","local_time":"20201231141718","is_ascension_mode":true,"campfire_choices":[{"data":"AT_FamilyPortrait","floor":12,"key":"SMITH"},{"data":"Sneak Up","floor":15,"key":"SMITH"},{"data":"Adrenaline","floor":24,"key":"SMITH"},{"data":"Prepared","floor":27,"key":"SMITH"},{"data":"Acrobatics","floor":29,"key":"SMITH"},{"data":"AT_MyraUnstableElement","floor":31,"key":"SMITH"},{"data":"Reflex","floor":32,"key":"SMITH"}],"circlet_count":0,"master_deck":["Defend_G","Defend_G","Defend_G","Defend_G","Defend_G","Survivor","Neutralize","Sneak Up+1","Reflex+1","Acrobatics+1","hubris:TrickCloak","Malaise","AT_FamilyPortrait+1","AT_WomanClash","ReplayTheSpireMod:Scrap Shanks","Prepared","ReplayTheSpireMod:Scrap Shanks","Prepared+1","Adrenaline+1","Prepared+1","AT_ShadowStep+1","Calculated Gamble","AT_MyraUnstableElement+1"],"relics":["Ring of the Snake","testmod-TestBox","REME_ComplimentaryCards","AT_ATBox","Orrery","AT_BellowingDragoncrestRing","AT_MibuBalloonWealth","Singing Bowl","Toolbox","Dota2Spire:HandOfMidas","GodSword5","Dota2Spire:LinkenSphere","Onion Ring","Quantum Egg","vexMod:TanglingVine","hubris:Towel","Snack Pack","aspiration:Stabinomicon","testmod-Prudence"],"acts_visited":["Exordium","TheCity","TheBeyond"],"potions_floor_usage":[8,16,33],"damage_taken":[{"damage":2,"enemies":"conspire:RoseBush","floor":1,"turns":3},{"damage":8,"enemies":"Cultist","floor":3,"turns":5},{"damage":2,"enemies":"Small Slimes","floor":4,"turns":4},{"damage":16,"enemies":"Gremlin Nob","floor":6,"turns":3},{"damage":0,"enemies":"Lagavulin","floor":8,"turns":7},{"damage":6,"enemies":"Gremlin Nob","floor":11,"turns":3},{"damage":0,"enemies":"2 Fungi Beasts","floor":13,"turns":2},{"damage":15,"enemies":"conspire:2 RoseBushes","floor":14,"turns":3},{"damage":0,"enemies":"Slime Boss","floor":16,"turns":4},{"damage":0,"enemies":"conspire:FuzzyDice","floor":18,"turns":3},{"damage":0,"enemies":"Shell Parasite","floor":19,"turns":2},{"damage":1,"enemies":"conspire:SneckoGhost","floor":23,"turns":2},{"damage":0,"enemies":"Book of Stabbing","floor":25,"turns":3},{"damage":0,"enemies":"Snecko","floor":30,"turns":1},{"damage":0,"enemies":"Collector","floor":33,"turns":1},{"damage":0,"enemies":"3 Shapes","floor":35,"turns":1}],"seed_played":"3863455491922710208","potions_obtained":[{"floor":1,"key":"Poison Potion"},{"floor":4,"key":"FearPotion"},{"floor":6,"key":"Dota2Spire:HealingSalve"},{"floor":11,"key":"REME_GoldPotion"},{"floor":19,"key":"Dexterity Potion"},{"floor":30,"key":"REME_GoldPotion"}],"is_trial":false,"path_per_floor":["M","?","M","M","$","E","?","E","T","?","E","R","M","M","R","B",null,"M","M","?","$","?","E","R","E","T","R","?","R","M","R","R","B",null,"M"],"character_chosen":"THE_SILENT","items_purchased":["Orrery","AT_BellowingDragoncrestRing","AT_WomanClash","AT_MibuBalloonWealth","Singing Bowl","ReplayTheSpireMod:Scrap Shanks","Toolbox","Dota2Spire:HandOfMidas"],"campfire_rested":0,"item_purchase_floors":[0,0,0,0,0,0,0,5],"current_hp_per_floor":[28,28,20,20,20,10,41,43,43,43,39,39,41,26,26,26,82,82,84,65,65,65,66,66,82,82,82,82,82,82,82,82,92,92,92,92],"gold":1090,"neow_bonus":"","is_daily":false,"chose_seed":false,"campfire_upgraded":7,"win_rate":0.0,"timestamp":1609395438,"path_taken":["M","?","M","M","$","E","?","E","T","?","E","R","M","?","R","BOSS","M","?","?","$","?","E","R","E","T","R","?","R","M","E","R","BOSS","M"],"items_purchased_type":["Relic","Relic","Card","Relic","Relic","Card","Relic","Relic"],"build_version":"2020-12-22","purchased_purges":5,"victory":false,"max_hp_per_floor":[72,72,72,74,74,76,76,78,78,78,80,80,82,82,82,82,82,82,84,86,86,86,88,88,90,90,90,90,90,90,90,90,92,92,92,92],"relic_stats":{"Singing Bowl":22,"counters":[51,147],"obtain_stats":[{"Tiny House":17,"AT_MibuBalloonWealth":0,"testmod-PortableAltar":6,"testmod-LifeArmor":43,"BirthdayGift-Icosahedron":1,"aspiration:Stabinomicon":25,"Whetstone":10,"vexMod:TanglingVine":34,"testmod-Fanaticism":0,"testmod-Prudence":34,"Ccalipers":1,"DollysMirror":1,"Sundial":44,"Kunai":1,"Toxic Egg 2":0,"ImportantClient":16,"MerchantsRug":0,"Dota2Spire:HandOfMidas":5,"testmod-TestBox":0,"Dota2Spire:UrnOfShadows":7,"aspiration:Nostalgia":21,"Replay:Grab Bag":34,"Eternal Feather":38,"Letter Opener":3,"Question Card":1,"sneckomod:SneckoTalon":34,"Brimstone":28,"Molten Egg 2":0,"Onion Ring":9,"GodSword5":6,"ArrowTower":9,"Dota2Spire:PhaseBoots":1,"testmod-HeartOfDaVinci":9,"hubris:Metronome":7,"DaveBox":0,"Singing Bowl":0,"SynthV":7,"Bag of Preparation":7,"testmod-Charity":0,"conspire:TopHat":8,"ClockworkSouvenir":0,"Replay:Bandana":12,"testmod-Motorcycle":4,"Mummified Hand":40,"Toolbox":0,"Chemical X":0,"Cracked Core":21,"Ring of the Snake":0,"Lee\u0027s Waffle":53,"Quantum Egg":11,"The Courier":0,"Replay:WaspNest":31,"Frozen Egg 2":0,"hubris:Towel":22,"Medical Kit":53,"vexMod:Dragonfruit":30,"Anchor":21,"AT_BellowingDragoncrestRing":0,"TakeMeEscape":34,"testmod-AssaultLearning":36,"Orrery":0,"REME_HandOfSuture":42,"Dota2Spire:LinkenSphere":8,"Bag of Marbles":24,"Snack Pack":23,"Membership Card":7,"hexamod:BolsterEngine":5,"hexamod:IceCube":34,"REME_ComplimentaryCards":0},{"Tiny House":16,"AT_MibuBalloonWealth":35,"testmod-PortableAltar":3,"testmod-LifeArmor":29,"BirthdayGift-Icosahedron":0,"aspiration:Stabinomicon":48,"Whetstone":12,"vexMod:TanglingVine":24,"testmod-Fanaticism":5,"testmod-Prudence":50,"Ccalipers":0,"DollysMirror":0,"Sundial":30,"Kunai":0,"Toxic Egg 2":0,"ImportantClient":16,"MerchantsRug":5,"Dota2Spire:HandOfMidas":38,"testmod-TestBox":0,"Dota2Spire:UrnOfShadows":3,"aspiration:Nostalgia":18,"Replay:Grab Bag":24,"Eternal Feather":26,"Letter Opener":1,"Question Card":6,"sneckomod:SneckoTalon":24,"Brimstone":21,"Molten Egg 2":0,"Onion Ring":40,"GodSword5":39,"ArrowTower":4,"Dota2Spire:PhaseBoots":0,"testmod-HeartOfDaVinci":11,"hubris:Metronome":3,"DaveBox":0,"Singing Bowl":35,"SynthV":3,"Bag of Preparation":3,"testmod-Charity":0,"conspire:TopHat":11,"ClockworkSouvenir":5,"Replay:Bandana":14,"testmod-Motorcycle":2,"Mummified Hand":28,"Toolbox":35,"Chemical X":5,"Cracked Core":18,"Ring of the Snake":0,"Lee\u0027s Waffle":33,"Quantum Egg":41,"The Courier":0,"Replay:WaspNest":23,"Frozen Egg 2":0,"hubris:Towel":46,"Medical Kit":33,"vexMod:Dragonfruit":23,"Anchor":18,"AT_BellowingDragoncrestRing":35,"TakeMeEscape":24,"testmod-AssaultLearning":25,"Orrery":5,"REME_HandOfSuture":29,"Dota2Spire:LinkenSphere":40,"Bag of Marbles":20,"Snack Pack":47,"Membership Card":3,"hexamod:BolsterEngine":3,"hexamod:IceCube":24,"REME_ComplimentaryCards":0},{"Tiny House":55,"AT_MibuBalloonWealth":100,"testmod-PortableAltar":13,"testmod-LifeArmor":89,"BirthdayGift-Icosahedron":0,"aspiration:Stabinomicon":144,"Whetstone":44,"vexMod:TanglingVine":78,"testmod-Fanaticism":19,"testmod-Prudence":146,"Ccalipers":0,"DollysMirror":0,"Sundial":92,"Kunai":0,"Toxic Egg 2":0,"ImportantClient":55,"MerchantsRug":19,"Dota2Spire:HandOfMidas":112,"testmod-TestBox":0,"Dota2Spire:UrnOfShadows":13,"aspiration:Nostalgia":61,"Replay:Grab Bag":78,"Eternal Feather":80,"Letter Opener":6,"Question Card":23,"sneckomod:SneckoTalon":78,"Brimstone":72,"Molten Egg 2":0,"Onion Ring":122,"GodSword5":115,"ArrowTower":18,"Dota2Spire:PhaseBoots":0,"testmod-HeartOfDaVinci":39,"hubris:Metronome":13,"DaveBox":0,"Singing Bowl":100,"SynthV":13,"Bag of Preparation":13,"testmod-Charity":0,"conspire:TopHat":39,"ClockworkSouvenir":19,"Replay:Bandana":49,"testmod-Motorcycle":11,"Mummified Hand":86,"Toolbox":100,"Chemical X":19,"Cracked Core":61,"Ring of the Snake":0,"Lee\u0027s Waffle":95,"Quantum Egg":125,"The Courier":0,"Replay:WaspNest":76,"Frozen Egg 2":0,"hubris:Towel":139,"Medical Kit":95,"vexMod:Dragonfruit":76,"Anchor":61,"AT_BellowingDragoncrestRing":100,"TakeMeEscape":78,"testmod-AssaultLearning":79,"Orrery":19,"REME_HandOfSuture":89,"Dota2Spire:LinkenSphere":122,"Bag of Marbles":70,"Snack Pack":141,"Membership Card":13,"hexamod:BolsterEngine":13,"hexamod:IceCube":78,"REME_ComplimentaryCards":0}],"Ring of the Snake":[102]},"card_choices":[{"not_picked":["Skewer","Flying Knee"],"picked":"Sneak Up","floor":0},{"not_picked":["Catalyst","Outmaneuver"],"picked":"Reflex","floor":0},{"not_picked":["conspire:PoisonWeapons","Backstab"],"picked":"Acrobatics","floor":0},{"not_picked":["Leg Sweep","Poisoned Stab"],"picked":"hubris:TrickCloak","floor":0},{"not_picked":["Outmaneuver","Quick Slash"],"picked":"Malaise","floor":0},{"not_picked":["PiercingWail","AT_WindRun","Finisher"],"picked":"Singing Bowl","floor":1},{"not_picked":["All Out Attack","Cloak And Dagger"],"picked":"Prepared","floor":3},{"not_picked":["Sneak Up","Deflect","Bane"],"picked":"Singing Bowl","floor":4},{"not_picked":["Backstab","Deflect","Eviscerate"],"picked":"Singing Bowl","floor":6},{"not_picked":["hubris:SlightOfHand","PiercingWail","Tools of the Trade"],"picked":"Singing Bowl","floor":8},{"not_picked":["ReplayTheSpireMod:Exploit Weakness","Bouncing Flask","Masterful Stab"],"picked":"Singing Bowl","floor":11},{"not_picked":["Sucker Punch","Dodge and Roll","AT_TwilightShroud"],"picked":"Singing Bowl","floor":13},{"not_picked":["Blade Dance","ReplayTheSpireMod:Scrap Shanks"],"picked":"Prepared","floor":14},{"not_picked":["Corpse Explosion","Tools of the Trade"],"picked":"Adrenaline","floor":16},{"not_picked":["hubris:SlightOfHand+1","Cloak And Dagger+1"],"picked":"Prepared+1","floor":18},{"not_picked":["AT_WindRun","hubris:SlightOfHand","Dagger Throw"],"picked":"Singing Bowl","floor":19},{"not_picked":["Footwork","AT_TwilightShroud"],"picked":"AT_ShadowStep+1","floor":20},{"not_picked":["Blade Dance","AT_Desolate"],"picked":"Calculated Gamble","floor":20},{"not_picked":["Backflip","Slice","Tools of the Trade"],"picked":"Singing Bowl","floor":20},{"not_picked":["Underhanded Strike","Caltrops+1","Corpse Explosion"],"picked":"Singing Bowl","floor":23},{"not_picked":["Doppelganger","hubris:SlightOfHand","Deflect"],"picked":"Singing Bowl","floor":25},{"not_picked":["Quick Slash","PiercingWail"],"picked":"AT_MyraUnstableElement","floor":30},{"not_picked":["ReplayTheSpireMod:From All Sides","Glass Knife","ReplayTheSpireMod:Necrosis"],"picked":"Singing Bowl","floor":33}],"player_experience":148252,"relics_obtained":[{"floor":6,"key":"GodSword5"},{"floor":8,"key":"Dota2Spire:LinkenSphere"},{"floor":9,"key":"Onion Ring"},{"floor":11,"key":"Quantum Egg"},{"floor":23,"key":"Snack Pack"},{"floor":25,"key":"aspiration:Stabinomicon"}],"event_choices":[{"damage_healed":25,"gold_gain":0,"player_choice":"Banana","damage_taken":0,"max_hp_gain":0,"max_hp_loss":0,"event_name":"Big Fish","floor":7,"gold_loss":0}],"is_beta":false,"boss_relics":[{"not_picked":["conspire:SeveredTorchhead","REME_DemonsWealth"],"picked":"vexMod:TanglingVine"},{"not_picked":["hubris:Stopwatch","testmod-Recursion"],"picked":"testmod-Prudence"}],"items_purged_floors":[0,0,0,0,21],"is_endless":false,"potions_floor_spawned":[1,4,6,11,13,19,25,30],"killed_by":"3 Shapes","ascension_level":4}}