{"host":"bz6gkvdcavhdnmlv","time":1609398879,"event":{"mods":["2.2 Compatiblity","Aspiration","BaseMod","BetterRewards","Block Reminder","CCEM","Clawfect","Colored Map","Conspire","Downfall","Energized Spire","GifTheSpireLib","Googly Eyes","Halation","Highlight Path","Hubris","Infinite Spire","Minty Spire (QoL Compilation)","Permanent Neow","Quick Restart","Replay The Spire","Spicy Shops","StSLib","Stuff the Spire","SuperFastMode","The Construct","The IronCluck","Unceasing Turn Reminder","everything is the same but u backflip on backflip"],"gold_per_floor":[119,43,58,73,92,92,92,192,270,303,320,320,336,351,351,452,452,462,462,462,462,477,477,511,511,538,9,23,23,23],"floor_reached":29,"playtime":1142,"items_purged":[],"score":270,"play_id":"3e60abfa-3668-4a86-bbc5-5b9eb93267ac","local_time":"20201231021439","is_ascension_mode":false,"campfire_choices":[{"floor":7,"key":"REST"},{"floor":23,"key":"RECALL"},{"floor":25,"key":"REST"}],"circlet_count":0,"master_deck":["Gash","Gash","Gash","Gash","Defend_B+1","Defend_B+1","Defend_B+1","Defend_B+1","Defend_B+1","Clawfect:ClawingBeam","Clawfect:ClawingBeam+1","StuffTheSpire:Coldhearted","Hologram","Outmaneuver","JustLucky","Hello World","Clawfect:ClawpileDriver","Clawfect:ScrapingClaw","CutThroughFate","hubris:DuctTapeCard","Clawfect:ClawingBeam","Clawfect:ClawForTheEyes+1","Genetic Algorithm"],"relics":["StuffTheSpire:OccultApparatus","aspiration:Nostalgia","Sizzling Blood","CCEMRelics:FranticForklift","infinitespire:Cubic Diamond","Letter Opener","Blood Vial","energizedSpire:UnstableMolecules","halation:EternalFortune","hubris:SlimyHat","StuffTheSpire:Mouthbags","hubris:DuctTape"],"acts_visited":["Exordium","TheCity"],"potions_floor_usage":[5,5,16,18,18,24],"damage_taken":[{"damage":9,"enemies":"Cultist","floor":1,"turns":4},{"damage":1,"enemies":"Jaw Worm","floor":3,"turns":4},{"damage":13,"enemies":"2 Louse","floor":4,"turns":3},{"damage":29,"enemies":"Gremlin Gang","floor":5,"turns":3},{"damage":17,"enemies":"3 Sentries","floor":10,"turns":4},{"damage":2,"enemies":"2 Fungi Beasts","floor":11,"turns":3},{"damage":6,"enemies":"Large Slime","floor":13,"turns":5},{"damage":9,"enemies":"Exordium Wildlife","floor":14,"turns":4},{"damage":41,"enemies":"Hexaghost","floor":16,"turns":6},{"damage":32,"enemies":"2 Thieves","floor":18,"turns":3},{"damage":0,"enemies":"Chosen","floor":22,"turns":5},{"damage":54,"enemies":"Slavers","floor":24,"turns":4},{"damage":31,"enemies":"Centurion and Healer","floor":28,"turns":5},{"damage":16,"enemies":"3 Cultists","floor":29,"turns":2}],"seed_played":"-5792600605267537214","potions_obtained":[{"floor":1,"key":"Slimebound:ThreeZeroPotion"},{"floor":4,"key":"DistilledChaos"},{"floor":5,"key":"champ:CounterPotion"},{"floor":10,"key":"Toxic Potion"},{"floor":14,"key":"AttackPotion"},{"floor":22,"key":"Flashbang"}],"is_trial":false,"path_per_floor":["M","$","M","M","M","?","R","?","T","E","M","?","M","M","R_BF","B",null,"M","?","?","?","M","R","E","R","T","$","M","M"],"character_chosen":"DEFECT","items_purchased":["CCEMRelics:FranticForklift","StuffTheSpire:Mouthbags","hubris:DuctTape","Clawfect:ClawingBeam","Clawfect:ClawForTheEyes+1"],"campfire_rested":2,"item_purchase_floors":[2,27,27,27,27],"current_hp_per_floor":[74,74,77,68,43,43,66,66,66,53,57,57,57,54,77,42,79,51,54,54,54,60,60,12,36,36,36,11,0,0],"gold":23,"neow_bonus":"NOSTALGIA","is_daily":false,"chose_seed":false,"campfire_upgraded":0,"win_rate":0.0,"timestamp":1609398879,"path_taken":["M","$","?","M","M","?","R","?","T","E","?","?","M","M","R_BF","BOSS","M","?","?","?","?","R","E","R","T","$","M","?"],"items_purchased_type":["Relic","Relic","Relic","Card","Card"],"build_version":"2020-12-22","purchased_purges":0,"victory":false,"max_hp_per_floor":[79,79,79,79,79,79,79,79,79,79,79,79,79,79,79,79,79,79,82,82,82,82,82,82,82,82,82,82,82,82],"card_choices":[{"not_picked":["Fusion","Clawfect:ClawpileDriver"],"picked":"Clawfect:ClawLightning","floor":1},{"not_picked":["FTL","Clawfect:ClawCell"],"picked":"Clawfect:ClawingBeam","floor":3},{"not_picked":["Hologram","BasicCrystalCard"],"picked":"Clawfect:ClawingBeam","floor":4},{"not_picked":["Undo","Stack"],"picked":"StuffTheSpire:Coldhearted","floor":5},{"not_picked":["StuffTheSpire:LoadUp","ClearTheMind"],"picked":"Hologram","floor":10},{"not_picked":["ThirdEye","Tempest"],"picked":"CutThroughFate","floor":11},{"not_picked":["Clawfect:Clawrage","Crescendo"],"picked":"Outmaneuver","floor":13},{"not_picked":["Sanctity","Outmaneuver"],"picked":"JustLucky","floor":14},{"not_picked":["StuffTheSpire:CleanHardDrive","aspiration:Polymerization"],"picked":"Hello World","floor":18},{"not_picked":["Clawfect:ClawForTheEyes","Turbo"],"picked":"Clawfect:ClawpileDriver","floor":22},{"not_picked":["Conserve Battery","Fusion"],"picked":"Clawfect:ScrapingClaw","floor":24},{"not_picked":["Hologram","StuffTheSpire:LoadUp"],"picked":"Genetic Algorithm","floor":28}],"player_experience":199024,"relics_obtained":[{"floor":9,"key":"Letter Opener"},{"floor":10,"key":"Blood Vial"},{"floor":24,"key":"hubris:SlimyHat"}],"event_choices":[{"damage_healed":0,"gold_gain":100,"player_choice":"Pray","damage_taken":0,"max_hp_gain":0,"max_hp_loss":0,"event_name":"Golden Shrine","floor":8,"gold_loss":0},{"damage_healed":0,"gold_gain":0,"player_choice":"Simplicity","damage_taken":0,"max_hp_gain":0,"max_hp_loss":0,"event_name":"Back to Basics","floor":20,"gold_loss":0,"cards_upgraded":["Defend_B","Defend_B","Defend_B","Defend_B","Defend_B"]}],"is_beta":false,"boss_relics":[{"not_picked":["SlaversCollar","halation:MonkeysPaw"],"picked":"energizedSpire:UnstableMolecules"}],"items_purged_floors":[],"is_endless":false,"potions_floor_spawned":[1,4,5,10,14,22],"killed_by":"3 Cultists","ascension_level":0}}