{"host":"5gc11emcm5chfr5t","time":1609412565,"event":{"mods":["2.2 Compatiblity","AchievementEnabler","BaseMod","Bestiary","Better Note","Colored Map","Colored Powertips","Downfall","Googly Eyes","Minty Spire (QoL Compilation)","Rare Cards Sparkle","StSLib"],"gold_per_floor":[116,136,147,163,176,176,205,205,205,224,240,568,19,347,347,422,422,435,452,22,34,51,51,66,66,90,90,90],"floor_reached":27,"playtime":1220,"items_purged":[],"score":503,"play_id":"6a882913-ca46-4ca3-9071-d84a1069fd57","local_time":"20201231060245","is_ascension_mode":true,"campfire_choices":[{"floor":6,"key":"REST"},{"data":"1","floor":8,"key":"LIFT"},{"data":"2","floor":15,"key":"LIFT"},{"floor":23,"key":"DIG"}],"circlet_count":0,"master_deck":["AscendersBane","sneckomod:Strike","sneckomod:Strike","sneckomod:Strike","sneckomod:Defend","sneckomod:Defend","sneckomod:Defend","sneckomod:TailWhip","sneckomod:SnekBite","sneckomod:Unknown","sneckomod:Unknown","sneckomod:ImprovisedAttack","sneckomod:WideSting","sneckomod:QuickBite","sneckomod:UnknownStrength","sneckomod:RainOfDice","sneckomod:UnknownStrength","sneckomod:ImprovisedGuard","sneckomod:UnknownUncommonPower","sneckomod:Transmogrify","Panache","sneckomod:QuickMove","sneckomod:IronFang","sneckomod:DangerNoodle","sneckomod:QuickMove","sneckomod:SoulRoll","expansioncontent:Collect","sneckomod:UnknownBlock+1","sneckomod:QuickMove","sneckomod:UnknownUncommonAttack"],"relics":["sneckomod:SneckoSoul","NeowsBlessing","Mango","Vajra","Lee\u0027s Waffle","Old Coin","SlaversCollar","Shovel","Girya","Dead Branch","sneckomod:LoadedDie","PreservedInsect"],"acts_visited":["Exordium","TheCity"],"potions_floor_usage":[4,4,7,16,19,19,24],"damage_taken":[{"damage":0,"enemies":"Cultist","floor":1,"turns":1},{"damage":0,"enemies":"Jaw Worm","floor":2,"turns":1},{"damage":0,"enemies":"Small Slimes","floor":3,"turns":1},{"damage":6,"enemies":"Exordium Wildlife","floor":4,"turns":2},{"damage":12,"enemies":"Large Slime","floor":5,"turns":4},{"damage":24,"enemies":"Gremlin Nob","floor":7,"turns":4},{"damage":0,"enemies":"2 Fungi Beasts","floor":10,"turns":3},{"damage":0,"enemies":"Exordium Wildlife","floor":11,"turns":2},{"damage":48,"enemies":"3 Sentries","floor":12,"turns":7},{"damage":23,"enemies":"Lagavulin","floor":14,"turns":5},{"damage":57,"enemies":"Hexaghost","floor":16,"turns":9},{"damage":0,"enemies":"Chosen","floor":18,"turns":4},{"damage":12,"enemies":"3 Byrds","floor":19,"turns":4},{"damage":21,"enemies":"Centurion and Healer","floor":21,"turns":7},{"damage":14,"enemies":"Snecko","floor":22,"turns":7},{"damage":39,"enemies":"Shelled Parasite and Fungi","floor":24,"turns":8},{"damage":16,"enemies":"Snake Plant","floor":27,"turns":1}],"seed_played":"-4227367415630226592","potions_obtained":[{"floor":1,"key":"GamblersBrew"},{"floor":3,"key":"sneckomod:OffclassReductionPotion"},{"floor":4,"key":"Energy Potion"},{"floor":11,"key":"SpeedPotion"},{"floor":12,"key":"Explosive Potion"},{"floor":18,"key":"Explosive Potion"},{"floor":21,"key":"Guardian:BlockOnCardUsePotion"}],"is_trial":false,"path_per_floor":["M","M","M","M","M","R","E","R","T","M","M","E","$","E","R","B",null,"M","M","$","M","M","R","M","?","T","M"],"character_chosen":"THE_SNECKO","items_purchased":["Panache","Vajra","Lee\u0027s Waffle","sneckomod:QuickMove","Shovel","expansioncontent:Collect"],"campfire_rested":1,"item_purchase_floors":[13,13,13,13,20,20],"current_hp_per_floor":[75,75,75,70,58,83,67,67,81,81,82,34,107,84,84,27,87,87,75,75,55,48,48,10,10,10,0,0],"gold":90,"neow_bonus":"THREE_ENEMY_KILL","is_daily":false,"chose_seed":false,"campfire_upgraded":0,"win_rate":0.0,"timestamp":1609412565,"path_taken":["M","M","M","?","M","R","E","R","T","M","M","E","$","E","R","BOSS","M","M","$","M","M","R","M","?","T","M"],"items_purchased_type":["Card","Relic","Relic","Card","Relic","Card"],"build_version":"2020-12-22","purchased_purges":0,"victory":false,"max_hp_per_floor":[83,83,83,84,84,84,85,85,99,99,100,100,107,107,107,107,107,107,107,107,108,108,108,109,109,109,109,109],"card_choices":[{"not_picked":["sneckomod:UnknownWeak","sneckomod:DiceBlock"],"picked":"sneckomod:ImprovisedAttack","floor":1},{"not_picked":["sneckomod:UnknownStrike","sneckomod:DiceCrush"],"picked":"sneckomod:WideSting","floor":2},{"not_picked":["sneckomod:Unknown0Cost","sneckomod:UnknownExhaust"],"picked":"sneckomod:QuickBite","floor":3},{"not_picked":["sneckomod:SoulDraw","sneckomod:UnknownVulnerable"],"picked":"sneckomod:UnknownStrength","floor":4},{"not_picked":["sneckomod:Unknown1Cost","sneckomod:UnknownStrike"],"picked":"sneckomod:RainOfDice","floor":5},{"not_picked":["sneckomod:QuickBite","sneckomod:IronFang"],"picked":"sneckomod:UnknownStrength","floor":7},{"not_picked":["sneckomod:UnknownClassBLUE","sneckomod:SoulRoll"],"picked":"sneckomod:ImprovisedGuard","floor":10},{"not_picked":["sneckomod:PureSnecko","sneckomod:UnknownDexterity"],"picked":"sneckomod:UnknownUncommonPower","floor":11},{"not_picked":["sneckomod:WideSting","sneckomod:UnknownCommonAttack"],"picked":"sneckomod:Transmogrify","floor":12},{"not_picked":["sneckomod:RainOfDice","sneckomod:UnknownEthereal"],"picked":"sneckomod:IronFang","floor":14},{"not_picked":["sneckomod:Cheat","sneckomod:Mudshield"],"picked":"sneckomod:DangerNoodle","floor":16},{"not_picked":["sneckomod:RainOfDice","sneckomod:SoulRoll"],"picked":"sneckomod:QuickMove","floor":18},{"not_picked":["sneckomod:UnknownX","sneckomod:DiceCrush"],"picked":"sneckomod:SoulRoll","floor":19},{"not_picked":["sneckomod:UnknownClassTHE_CHAMP_GRAY","sneckomod:UnknownStrike"],"picked":"sneckomod:UnknownBlock+1","floor":21},{"not_picked":["sneckomod:Unknown1Cost","sneckomod:QuickBite"],"picked":"sneckomod:QuickMove","floor":22},{"not_picked":["sneckomod:UnknownStrike","sneckomod:Nope"],"picked":"sneckomod:UnknownUncommonAttack","floor":24}],"player_experience":511572,"relics_obtained":[{"floor":7,"key":"Girya"},{"floor":9,"key":"Mango"},{"floor":12,"key":"Old Coin"},{"floor":14,"key":"Old Coin"},{"floor":14,"key":"Ice Cream"},{"floor":16,"key":"Dead Branch"},{"floor":21,"key":"Girya"},{"floor":22,"key":"Dead Branch"},{"floor":23,"key":"sneckomod:LoadedDie"},{"floor":26,"key":"PreservedInsect"}],"event_choices":[{"damage_healed":0,"gold_gain":0,"player_choice":"Ignored","damage_taken":0,"max_hp_gain":0,"max_hp_loss":0,"event_name":"Cursed Tome","floor":25,"gold_loss":0}],"is_beta":false,"boss_relics":[{"not_picked":["Cursed Key","Fusion Hammer"],"picked":"SlaversCollar"}],"items_purged_floors":[],"is_endless":false,"potions_floor_spawned":[1,3,4,11,12,18,21],"killed_by":"Snake Plant","ascension_level":20}}