{"host":"v4tuy5ykrbdcm9o9","time":1609379679,"event":{"mods":["BaseMod","Duelist Mod","Minty Spire (QoL Compilation)","Replay The Spire","StSLib"],"gold_per_floor":[116,128,128,147,18,52,52,72,72,100,119,144,156,156,156,259,309,323,334,334,35,55,55,86,86,110,125,159,159,188,203,203,304,304,315,326,672,672,672,701,701,735,788,439,470,482,532,557,557,557],"floor_reached":51,"playtime":5433,"items_purged":["theDuelist:CurseDarkness","Spreading Infection"],"score":1087,"play_id":"96f994a6-b44c-410f-9677-f35252c3b132","local_time":"20201230205439","is_ascension_mode":true,"campfire_choices":[{"floor":7,"key":"REST"},{"floor":15,"key":"REST"},{"floor":23,"key":"REST"},{"floor":25,"key":"REST"},{"floor":32,"key":"REST"},{"floor":41,"key":"REST"},{"floor":49,"key":"REST"}],"circlet_count":0,"master_deck":["Strike_R","Strike_R","Strike_R","Strike_R+1","Defend_R","Defend_R","Defend_R","Defend_R","Bash","Seeing Red","Combust","Headbutt","Infernal Blade","Armaments","Spot Weakness","Sever Soul","Feed+1","Warcry","ReplayTheSpireMod:Strike From Hell","Thunderclap","Bloodletting+1","Jack Of All Trades","Sentinel+1","Pummel","Flex","Blood for Blood","Seeing Red","Thunderclap+1","Feed","Heavy Blade","Infernal Blade","Madness","Madness","Warcry+1","ReplayTheSpireMod:Limb From Limb+1","Demon Form","PanicButton","Evolve+1","True Grit","ReplayTheSpireMod:Limb From Limb+1","Shrug It Off+1"],"relics":["Burning Blood","Charon\u0027s Ashes","Mercury Hourglass","Bottled Lightning","Bronze Scales","Tiny House","Art of War","Orichalcum","Pet Ghost","Juzu Bracelet","Lantern","Replay:Drink Me","Old Coin","Ring of Fury","Snack Pack","Akabeko","Gremlin Food","Centennial Puzzle","Girya","Pondfish Scales"],"acts_visited":["Exordium","TheCity","TheBeyond"],"potions_floor_usage":[8,10,11,16,18,22,24,42,45,46,50,50],"damage_taken":[{"damage":0,"enemies":"2 Louse","floor":1,"turns":3},{"damage":13,"enemies":"Small Slimes","floor":2,"turns":3},{"damage":3,"enemies":"Cultist","floor":4,"turns":3},{"damage":79,"enemies":"Lagavulin","floor":6,"turns":7},{"damage":11,"enemies":"Gremlin Gang","floor":8,"turns":2},{"damage":12,"enemies":"3 Sentries","floor":10,"turns":3},{"damage":3,"enemies":"3 Louse","floor":11,"turns":2},{"damage":32,"enemies":"Lagavulin","floor":12,"turns":4},{"damage":18,"enemies":"Blue Slaver","floor":13,"turns":2},{"damage":35,"enemies":"Hexaghost","floor":16,"turns":8},{"damage":2,"enemies":"Chosen","floor":18,"turns":4},{"damage":42,"enemies":"Shell Parasite","floor":19,"turns":4},{"damage":8,"enemies":"3 Cultists","floor":22,"turns":3},{"damage":43,"enemies":"Slavers","floor":24,"turns":4},{"damage":6,"enemies":"Chosen and Byrds","floor":27,"turns":4},{"damage":19,"enemies":"theDuelist:KaibaA2","floor":28,"turns":3},{"damage":30,"enemies":"Replay:Snechameleon","floor":30,"turns":5},{"damage":11,"enemies":"Snake Plant","floor":31,"turns":3},{"damage":88,"enemies":"Automaton","floor":33,"turns":7},{"damage":13,"enemies":"3 Darklings","floor":35,"turns":3},{"damage":3,"enemies":"Orb Walker","floor":36,"turns":2},{"damage":7,"enemies":"2 Orb Walkers","floor":37,"turns":3},{"damage":35,"enemies":"Reptomancer","floor":40,"turns":4},{"damage":66,"enemies":"Giant Head","floor":42,"turns":7},{"damage":5,"enemies":"Reptomancer","floor":45,"turns":3},{"damage":7,"enemies":"Transient","floor":46,"turns":5},{"damage":0,"enemies":"Mind Bloom Boss Battle","floor":47,"turns":2},{"damage":3,"enemies":"Nemesis","floor":48,"turns":3},{"damage":47,"enemies":"Time Eater","floor":50,"turns":5}],"seed_played":"-5359842730533430241","potions_obtained":[{"floor":6,"key":"PowerPotion"},{"floor":8,"key":"Fire Potion"},{"floor":10,"key":"Reflective Coating"},{"floor":13,"key":"Weak Potion"},{"floor":16,"key":"FearPotion"},{"floor":17,"key":"Doom Potion"},{"floor":22,"key":"Regen Potion"},{"floor":31,"key":"Reflective Coating"},{"floor":33,"key":"CultistPotion"},{"floor":36,"key":"Ancient Potion"},{"floor":37,"key":"LiquidBronze"},{"floor":42,"key":"Energy Potion"},{"floor":45,"key":"Block Potion"},{"floor":48,"key":"Cursed Concoction"}],"is_trial":false,"path_per_floor":["M","M","?","M","$","E","R","M","T","E","M","E","M","?","R","B",null,"M","M","?","$","M","R","E","R","T","M","E","?","E","M","R","B",null,"M","M","?","?","?","E","R","E","T","$","E","M","?","E","R","B",null],"character_chosen":"IRONCLAD","items_purchased":["Warcry","Art of War","Jack Of All Trades","Explosive Potion","Demon Form","PanicButton","FairyPotion"],"campfire_rested":7,"item_purchase_floors":[5,21,21,21,44,44,44],"current_hp_per_floor":[96,89,94,97,97,24,54,49,49,43,46,20,8,8,38,9,106,106,70,70,70,68,99,77,109,109,109,99,99,75,70,103,21,84,80,83,85,85,74,48,75,24,24,24,31,34,45,50,79,42],"gold":557,"neow_bonus":"TWENTY_PERCENT_HP_BONUS","is_daily":false,"chose_seed":false,"campfire_upgraded":0,"win_rate":0.0,"timestamp":1609379679,"path_taken":["M","M","?","M","$","E","R","M","T","E","M","E","M","?","R","BOSS","M","M","?","$","?","R","E","R","T","?","E","?","E","M","R","BOSS","M","M","?","?","?","E","R","E","T","$","E","M","?","E","R","BOSS"],"items_purchased_type":["Card","Relic","Card","Potion","Card","Card","Potion"],"build_version":"2020-12-22","purchased_purges":2,"victory":true,"max_hp_per_floor":[96,96,101,101,101,101,101,101,101,101,101,101,101,101,101,101,106,106,106,106,106,106,106,109,109,109,109,112,112,112,112,112,112,84,87,87,90,90,90,93,93,96,96,96,96,96,99,99,99,99],"card_choices":[{"not_picked":["Wild Strike","Sword Boomerang"],"picked":"Seeing Red","floor":1},{"not_picked":["Pummel","Pommel Strike"],"picked":"Combust","floor":2},{"not_picked":["Carnage","Dual Wield"],"picked":"Headbutt","floor":4},{"not_picked":["Bludgeon","Dual Wield"],"picked":"Infernal Blade","floor":6},{"not_picked":["Perfected Strike","Pommel Strike"],"picked":"Armaments","floor":8},{"not_picked":["Demonic Infusion","Power Through"],"picked":"Spot Weakness","floor":10},{"not_picked":["Run Through","Metallicize"],"picked":"Sever Soul","floor":11},{"not_picked":["Feel No Pain","True Grit"],"picked":"Feed","floor":12},{"not_picked":["Havoc","True Grit"],"picked":"Warcry","floor":13},{"not_picked":["Offering","Eclipse"],"picked":"Brutality","floor":16},{"not_picked":["Anger","Warcry"],"picked":"ReplayTheSpireMod:Strike From Hell","floor":17},{"not_picked":["Headbutt","Armaments"],"picked":"Thunderclap","floor":18},{"not_picked":["Iron Wave+1","Reckless Charge"],"picked":"Bloodletting+1","floor":19},{"not_picked":["Run Through","Twin Strike"],"picked":"Sentinel+1","floor":22},{"not_picked":["Blood for Blood","Perfected Strike"],"picked":"Pummel","floor":24},{"not_picked":["Immolate","Shrug It Off"],"picked":"Flex","floor":27},{"not_picked":["Iron Wave","Clothesline"],"picked":"Blood for Blood","floor":28},{"not_picked":["Havoc","Impervious"],"picked":"Thunderclap+1","floor":30},{"not_picked":["Run Through","Flame Barrier"],"picked":"Cleave","floor":31},{"not_picked":["Impervious","Juggernaut"],"picked":"Feed","floor":33},{"not_picked":["Clothesline","ReplayTheSpireMod:LeadingStrike"],"picked":"Heavy Blade","floor":35},{"not_picked":["Carnage+1","ReplayTheSpireMod:LeadingStrike+1"],"picked":"Infernal Blade","floor":36},{"not_picked":["Entrench+1","Evolve"],"picked":"Warcry+1","floor":40},{"not_picked":["Barricade","Anger+1"],"picked":"ReplayTheSpireMod:Limb From Limb+1","floor":42},{"not_picked":["Headbutt+1","Reckless Charge"],"picked":"Evolve+1","floor":45},{"not_picked":["Thunderclap","Flame Barrier"],"picked":"True Grit","floor":46},{"not_picked":["Warcry","ReplayTheSpireMod:Stacked"],"picked":"ReplayTheSpireMod:Limb From Limb+1","floor":47},{"not_picked":["Twin Strike+1","Sword Boomerang"],"picked":"Shrug It Off+1","floor":48}],"player_experience":494883,"relics_obtained":[{"floor":6,"key":"Charon\u0027s Ashes"},{"floor":9,"key":"Mercury Hourglass"},{"floor":10,"key":"Bottled Lightning"},{"floor":12,"key":"Bronze Scales"},{"floor":24,"key":"Orichalcum"},{"floor":26,"key":"Pet Ghost"},{"floor":28,"key":"Juzu Bracelet"},{"floor":30,"key":"Lantern"},{"floor":37,"key":"Old Coin"},{"floor":38,"key":"Ring of Fury"},{"floor":40,"key":"Snack Pack"},{"floor":42,"key":"Akabeko"},{"floor":43,"key":"Gremlin Food"},{"floor":45,"key":"Centennial Puzzle"},{"floor":47,"key":"Girya"},{"floor":48,"key":"Pondfish Scales"}],"event_choices":[{"damage_healed":0,"gold_gain":0,"player_choice":"Donut","damage_taken":0,"max_hp_gain":5,"max_hp_loss":0,"event_name":"Big Fish","floor":3,"gold_loss":0},{"cards_removed":["Strike_R"],"damage_healed":0,"gold_gain":0,"player_choice":"Purged","damage_taken":0,"max_hp_gain":0,"max_hp_loss":0,"event_name":"Purifier","floor":20,"gold_loss":0},{"damage_healed":0,"gold_gain":0,"player_choice":"Copied","damage_taken":0,"max_hp_gain":0,"max_hp_loss":0,"event_name":"Duplicator","floor":29,"gold_loss":0,"cards_obtained":["Seeing Red"]},{"damage_healed":0,"gold_gain":0,"player_choice":"Fight","damage_taken":0,"max_hp_gain":0,"max_hp_loss":0,"event_name":"Mysterious Sphere","floor":37,"gold_loss":0},{"damage_healed":0,"gold_gain":0,"player_choice":"Embrace Madness","damage_taken":11,"max_hp_gain":0,"max_hp_loss":0,"event_name":"Winding Halls","floor":39,"gold_loss":0,"cards_obtained":["Madness","Madness"]},{"damage_healed":0,"gold_gain":0,"player_choice":"Fight","damage_taken":0,"max_hp_gain":0,"max_hp_loss":0,"event_name":"MindBloom","floor":47,"gold_loss":0}],"is_beta":false,"boss_relics":[{"not_picked":["Runic Pyramid","Kintsugi"],"picked":"Tiny House"},{"not_picked":["Empty Cage","ReplayTheSpireMod:DimensionalGlitch"],"picked":"Replay:Drink Me"}],"items_purged_floors":[5,44],"is_endless":false,"potions_floor_spawned":[6,8,10,13,16,19,22,31,33,36,37,42,45,48],"ascension_level":4}}