{"host":"v711dtdb46xe9u7l","time":1609428682,"event":{"mods":["BaseMod","Minty Spire (QoL Compilation)","StSLib"],"gold_per_floor":[116,291,309,327,395,432,36,52,79,79,79],"floor_reached":10,"playtime":534,"items_purged":["Doubt"],"score":85,"play_id":"d949e258-ea2c-4d90-908a-ac1922b58cb1","local_time":"20201231153122","is_ascension_mode":true,"campfire_choices":[],"circlet_count":0,"master_deck":["Strike_R","Strike_R","Strike_R","Strike_R","Strike_R","Defend_R","Defend_R","Defend_R+1","Defend_R+1","Bash","Entrench+1","Pummel","Body Slam","Headbutt","Entrench"],"relics":["Burning Blood","Pantograph","CeramicFish","War Paint","PreservedInsect","Omamori"],"acts_visited":["Exordium"],"potions_floor_usage":[6,8,8],"damage_taken":[{"damage":0,"enemies":"2 Louse","floor":1,"turns":3},{"damage":4,"enemies":"Jaw Worm","floor":3,"turns":6},{"damage":6,"enemies":"Cultist","floor":4,"turns":3},{"damage":60,"enemies":"3 Sentries","floor":6,"turns":16},{"damage":5,"enemies":"Gremlin Gang","floor":8,"turns":6},{"damage":28,"enemies":"Gremlin Nob","floor":10,"turns":3}],"seed_played":"5535613492561547535","potions_obtained":[{"floor":1,"key":"Strength Potion"},{"floor":4,"key":"Block Potion"},{"floor":6,"key":"BlessingOfTheForge"}],"is_trial":false,"path_per_floor":["M","?","M","M","T","E","$","M","T","E"],"character_chosen":"IRONCLAD","items_purchased":["War Paint","PreservedInsect","Entrench"],"campfire_rested":0,"item_purchase_floors":[7,7,7],"current_hp_per_floor":[80,80,80,80,80,26,26,27,27,0,0],"gold":79,"neow_bonus":"UPGRADE_CARD","is_daily":false,"chose_seed":false,"campfire_upgraded":0,"win_rate":0.0,"timestamp":1609428682,"path_taken":["M","?","M","M","?","E","$","M","T","E"],"items_purchased_type":["Relic","Relic","Card"],"build_version":"2020-12-22","purchased_purges":1,"victory":false,"max_hp_per_floor":[80,80,80,80,80,80,80,80,80,80,80],"card_choices":[{"not_picked":["Shrug It Off","Hemokinesis"],"picked":"Entrench","floor":1},{"not_picked":["Blood for Blood","Havoc"],"picked":"Pummel","floor":3},{"not_picked":["Intimidate","Feel No Pain"],"picked":"Body Slam","floor":4},{"not_picked":["Sword Boomerang","Shockwave"],"picked":"Headbutt","floor":6},{"not_picked":["Armaments","Battle Trance","Clash"],"picked":"SKIP","floor":8}],"player_experience":274414,"relics_obtained":[{"floor":5,"key":"Pantograph"},{"floor":6,"key":"CeramicFish"},{"floor":9,"key":"Omamori"}],"event_choices":[{"damage_healed":0,"gold_gain":175,"player_choice":"AGREE","damage_taken":0,"max_hp_gain":0,"max_hp_loss":0,"event_name":"Liars Game","floor":2,"gold_loss":0,"cards_obtained":["Doubt"]}],"is_beta":false,"boss_relics":[],"items_purged_floors":[7],"is_endless":false,"potions_floor_spawned":[1,4,6],"killed_by":"Gremlin Nob","ascension_level":5}}