{"host":"56ghxnzsglgdq727","time":1609374682,"event":{"mods":["AchievementEnabler","BaseMod","Minty Spire (QoL Compilation)"],"gold_per_floor":[115,130,130,130,305,305,319,319,319,339,351,369,319,336,336,336,336],"floor_reached":16,"playtime":293,"items_purged":[],"score":99,"play_id":"df271004-3172-4047-b3f0-e675d77c890c","local_time":"20201230193122","is_ascension_mode":true,"campfire_choices":[{"data":"Eruption","floor":6,"key":"SMITH"},{"data":"PathToVictory","floor":15,"key":"SMITH"}],"circlet_count":0,"master_deck":["Strike_P","Strike_P","Strike_P","Defend_P","Defend_P","Defend_P","Defend_P","Eruption+1","Vigilance","PathToVictory+1","DevaForm"],"relics":["PureWater","NeowsBlessing","Kunai"],"acts_visited":["Exordium"],"potions_floor_usage":[11,11],"damage_taken":[{"damage":0,"enemies":"Jaw Worm","floor":1,"turns":1},{"damage":0,"enemies":"2 Louse","floor":2,"turns":1},{"damage":0,"enemies":"Small Slimes","floor":7,"turns":2},{"damage":18,"enemies":"2 Fungi Beasts","floor":10,"turns":2},{"damage":0,"enemies":"Looter","floor":11,"turns":2},{"damage":14,"enemies":"Exordium Wildlife","floor":12,"turns":4},{"damage":8,"enemies":"2 Fungi Beasts","floor":14,"turns":3},{"damage":87,"enemies":"Slime Boss","floor":16,"turns":7}],"seed_played":"6713401161840914002","potions_obtained":[{"floor":2,"key":"FairyPotion"},{"floor":7,"key":"DuplicationPotion"},{"floor":10,"key":"SneckoOil"}],"is_trial":false,"path_per_floor":["M","M","$","?","?","R","M","?","T","M","M","M","?","M","R","B"],"character_chosen":"WATCHER","items_purchased":[],"campfire_rested":0,"item_purchase_floors":[],"current_hp_per_floor":[72,72,72,65,65,65,65,70,70,52,52,38,38,30,30,6,6],"gold":336,"neow_bonus":"THREE_ENEMY_KILL","is_daily":false,"chose_seed":false,"campfire_upgraded":2,"win_rate":0.0,"timestamp":1609374682,"path_taken":["M","M","$","?","?","R","M","?","T","M","M","M","?","M","R","BOSS"],"items_purchased_type":[],"build_version":"2020-12-22","purchased_purges":0,"victory":false,"max_hp_per_floor":[72,72,72,72,72,72,72,77,77,77,77,77,77,77,77,77,77],"card_choices":[{"not_picked":["Crescendo","EmptyBody","ClearTheMind"],"picked":"SKIP","floor":1},{"not_picked":["EmptyFist","Halt","EmptyMind"],"picked":"SKIP","floor":2},{"not_picked":["Protect","Wireheading"],"picked":"PathToVictory","floor":7},{"not_picked":["JustLucky","Prostrate","ClearTheMind"],"picked":"SKIP","floor":10},{"not_picked":["CutThroughFate","DeceiveReality"],"picked":"DevaForm","floor":11},{"not_picked":["Crescendo","EmptyFist","Consecrate"],"picked":"SKIP","floor":12},{"not_picked":["ThirdEye","CrushJoints","Meditate"],"picked":"SKIP","floor":14}],"player_experience":64462,"relics_obtained":[{"floor":9,"key":"Kunai"}],"event_choices":[{"cards_removed":["Strike_P"],"damage_healed":0,"gold_gain":0,"player_choice":"Card Removal","damage_taken":7,"max_hp_gain":0,"max_hp_loss":0,"event_name":"Golden Wing","floor":4,"gold_loss":0},{"damage_healed":0,"gold_gain":175,"player_choice":"AGREE","damage_taken":0,"max_hp_gain":0,"max_hp_loss":0,"event_name":"Liars Game","floor":5,"gold_loss":0,"cards_obtained":["Doubt"]},{"damage_healed":0,"gold_gain":0,"player_choice":"Donut","damage_taken":0,"max_hp_gain":5,"max_hp_loss":0,"event_name":"Big Fish","floor":8,"gold_loss":0},{"cards_removed":["Doubt"],"damage_healed":0,"gold_gain":0,"player_choice":"Card Removal","damage_taken":0,"max_hp_gain":0,"max_hp_loss":0,"event_name":"The Cleric","floor":13,"gold_loss":50}],"is_beta":false,"boss_relics":[],"items_purged_floors":[],"is_endless":false,"potions_floor_spawned":[2,7,10],"killed_by":"Slime Boss","ascension_level":1}}