{"host":"dcj2yvrgcvh5dl2s","time":1609369852,"event":{"mods":["BaseMod","Better Note","Block Reminder","Colored Powertips","DeckTracker","Minty Spire (QoL Compilation)","Quick Restart","Rare Cards Sparkle","Relic Stats","StSLib"],"gold_per_floor":[116,134,134,59,73,73,113,113,113,113,136,136,155,199,199,199,199],"floor_reached":16,"playtime":754,"items_purged":[],"score":209,"play_id":"e559e604-91a6-4db3-a0aa-292f74b0a401","local_time":"20201231091052","is_ascension_mode":true,"campfire_choices":[{"data":"Pommel Strike","floor":6,"key":"SMITH"},{"floor":8,"key":"REST"},{"floor":10,"key":"REST"},{"data":"Pummel","floor":15,"key":"SMITH"}],"circlet_count":0,"master_deck":["AscendersBane","Strike_R","Strike_R","Strike_R","Strike_R","Strike_R","Defend_R","Defend_R","Defend_R","Defend_R","Bash","Pommel Strike+1","Shrug It Off","Pummel+1","True Grit+1"],"relics":["Burning Blood","Golden Idol","Red Skull","Pantograph","Letter Opener"],"acts_visited":["Exordium"],"potions_floor_usage":[7,14],"damage_taken":[{"damage":23,"enemies":"Small Slimes","floor":1,"turns":5},{"damage":12,"enemies":"Jaw Worm","floor":2,"turns":3},{"damage":6,"enemies":"Cultist","floor":5,"turns":3},{"damage":47,"enemies":"Lagavulin","floor":7,"turns":8},{"damage":17,"enemies":"Exordium Thugs","floor":11,"turns":5},{"damage":13,"enemies":"3 Louse","floor":13,"turns":5},{"damage":2,"enemies":"Gremlin Nob","floor":14,"turns":3},{"damage":79,"enemies":"Hexaghost","floor":16,"turns":12}],"seed_played":"1759857794460794329","potions_obtained":[{"floor":1,"key":"SneckoOil"},{"floor":11,"key":"SneckoOil"}],"is_trial":false,"path_per_floor":["M","M","?","?","M","R","E","R","T","R","M","?","M","E","R","B"],"character_chosen":"IRONCLAD","items_purchased":[],"campfire_rested":2,"item_purchase_floors":[],"current_hp_per_floor":[65,59,59,59,59,59,18,42,42,66,55,55,48,52,52,0,0],"gold":199,"neow_bonus":"TWENTY_PERCENT_HP_BONUS","is_daily":false,"chose_seed":false,"campfire_upgraded":2,"win_rate":0.0,"timestamp":1609369852,"path_taken":["M","M","?","?","M","R","E","R","T","R","M","?","?","E","R","BOSS"],"items_purchased_type":[],"build_version":"2020-12-22","purchased_purges":0,"victory":false,"max_hp_per_floor":[89,89,81,81,81,81,81,81,81,81,81,81,81,81,81,81,81],"relic_stats":{"counters":[8,44],"Golden Idol":29,"Pantograph":25,"Letter Opener":[5],"obtain_stats":[{"Golden Idol":3,"Pantograph":9,"Letter Opener":14,"Burning Blood":0,"Red Skull":7},{"Golden Idol":2,"Pantograph":4,"Letter Opener":7,"Burning Blood":0,"Red Skull":4},{"Golden Idol":8,"Pantograph":19,"Letter Opener":32,"Burning Blood":0,"Red Skull":19}],"Burning Blood":42},"card_choices":[{"not_picked":["Havoc","Armaments"],"picked":"Pommel Strike","floor":1},{"not_picked":["Clothesline","Wild Strike"],"picked":"Shrug It Off","floor":2},{"not_picked":["Clash","Seeing Red"],"picked":"Pummel","floor":5},{"not_picked":["Rampage","Evolve"],"picked":"True Grit","floor":7},{"not_picked":["Carnage","Iron Wave","Spot Weakness"],"picked":"SKIP","floor":11},{"not_picked":["Pommel Strike","Warcry","Cleave"],"picked":"SKIP","floor":13},{"not_picked":["Dropkick","Headbutt","Bloodletting"],"picked":"SKIP","floor":14}],"player_experience":2119046,"relics_obtained":[{"floor":7,"key":"Red Skull"},{"floor":9,"key":"Pantograph"},{"floor":14,"key":"Letter Opener"}],"event_choices":[{"damage_healed":0,"gold_gain":0,"player_choice":"Lose Max HP","damage_taken":0,"relics_obtained":["Golden Idol"],"max_hp_gain":0,"max_hp_loss":8,"event_name":"Golden Idol","floor":3,"gold_loss":0},{"cards_removed":["Regret"],"damage_healed":0,"gold_gain":0,"player_choice":"Card Removal","damage_taken":0,"max_hp_gain":0,"max_hp_loss":0,"event_name":"The Cleric","floor":4,"gold_loss":75},{"damage_healed":0,"gold_gain":0,"player_choice":"Forge","damage_taken":0,"max_hp_gain":0,"max_hp_loss":0,"event_name":"Accursed Blacksmith","floor":12,"gold_loss":0,"cards_upgraded":["True Grit"]}],"is_beta":false,"boss_relics":[],"items_purged_floors":[],"is_endless":false,"potions_floor_spawned":[1,11],"killed_by":"Hexaghost","ascension_level":18}}