{"host":"350rh84kbmtekt58","time":1609406620,"event":{"mods":["AchievementEnabler","Act Like it!","BaseMod","Better Synergies","Block Reminder","CapriCore","Challenge The Spire","Colored Map","Colored Powertips","Communication Mod","Downfall","Energized Spire","Friendly Minions","GifTheSpireLib","Highlight Path","Minty Spire (QoL Compilation)","Quick Restart","Replay The Spire","Shop Mod","StSLib","The Animator","The Disciple","The Immortal","The Marked","The Runesmith","The Servant 0.9.4","The Wild Card","Transform Curses","yUi"],"gold_per_floor":[360,2,14,14,73,104,104,141,164,181,181,226,226,226,226,353,353,343,343,343,363,80,80,80],"floor_reached":23,"playtime":1844,"items_purged":[],"score":201,"play_id":"5274fa53-eec8-4b01-99a9-1f8446ee6079","local_time":"20201231032340","is_ascension_mode":true,"campfire_choices":[{"data":"HandOfGreed","floor":11,"key":"SMITH"},{"data":"Demon Form","floor":13,"key":"SMITH"},{"floor":15,"key":"REST"}],"circlet_count":0,"master_deck":["Strike_R","Strike_R","Defend_R","Defend_R","Defend_R","Bash+1","Shrug It Off+1","HandOfGreed+1","Dropkick","Wild Strike","Heavy Blade","Thunderclap","Demon Form+1","Clothesline","Iron Wave","Feed","Shrug It Off","Warcry","Life Link"],"relics":["Burning Blood","Pet Ghost","Red Skull","Replay:Drink Me","MutagenicStrength","Blood Vial"],"acts_visited":["Exordium","TheCity"],"potions_floor_usage":[6,6,18,18,23],"damage_taken":[{"damage":5,"enemies":"Cultist","floor":1,"turns":4},{"damage":0,"enemies":"Small Slimes","floor":3,"turns":3},{"damage":0,"enemies":"2 Louse","floor":5,"turns":4},{"damage":2,"enemies":"Gremlin Nob","floor":6,"turns":3},{"damage":4,"enemies":"Blue Slaver","floor":8,"turns":5},{"damage":3,"enemies":"Red Slaver","floor":10,"turns":3},{"damage":16,"enemies":"Lots of Slimes","floor":12,"turns":4},{"damage":10,"enemies":"Slime Boss","floor":16,"turns":7},{"damage":2,"enemies":"2 Thieves","floor":18,"turns":4},{"damage":43,"enemies":"3 Byrds","floor":21,"turns":8},{"damage":21,"enemies":"Book of Stabbing","floor":23,"turns":5}],"seed_played":"-2864641968663621358","potions_obtained":[{"floor":3,"key":"champ:CounterPotion"},{"floor":5,"key":"EssenceOfSteel"},{"floor":6,"key":"Doom Potion"},{"floor":8,"key":"Weak Potion"},{"floor":16,"key":"Fire Potion"}],"is_trial":false,"path_per_floor":["M","$","M","$","M","E","?","M","T","M","R","M","R","?","R","B",null,"M","?","?","M","$","E"],"character_chosen":"IRONCLAD","items_purchased":["HandOfGreed","Pet Ghost","Dropkick","Life Link","Blood Vial","Energy Potion"],"campfire_rested":1,"item_purchase_floors":[2,2,2,22,22,22],"current_hp_per_floor":[57,57,63,63,69,73,73,75,75,78,78,68,68,52,76,72,60,63,52,52,18,18,0,0],"gold":80,"neow_bonus":"TWO_FIFTY_GOLD","is_daily":false,"chose_seed":false,"campfire_upgraded":2,"win_rate":0.0,"timestamp":1609406620,"path_taken":["M","$","?","?","M","E","?","M","T","M","R","M","R","?","R","BOSS","M","?","?","M","$","E"],"items_purchased_type":["Card","Relic","Card","Card","Relic","Potion"],"build_version":"2020-12-22","purchased_purges":0,"victory":false,"max_hp_per_floor":[80,80,80,80,80,80,80,80,80,80,80,80,80,80,80,80,60,63,68,68,71,71,71,71],"card_choices":[{"not_picked":["Heavy Blade","Replay:Undeath\u0027s Touch"],"picked":"Shrug It Off","floor":1},{"not_picked":["Abandon","Shrug It Off"],"picked":"Wild Strike","floor":3},{"not_picked":["Headbutt","Massacre"],"picked":"Heavy Blade","floor":5},{"not_picked":["Warcry","Flex"],"picked":"Thunderclap","floor":6},{"not_picked":["Pommel Strike","Run Through"],"picked":"Demon Form","floor":8},{"not_picked":["Flame Barrier","Rage"],"picked":"Clothesline","floor":10},{"not_picked":["Dark Embrace","Warcry"],"picked":"Iron Wave","floor":12},{"not_picked":["Limit Break","Juggernaut"],"picked":"Feed","floor":16},{"not_picked":["Headbutt","Sword Boomerang"],"picked":"Shrug It Off","floor":18},{"not_picked":["ReplayTheSpireMod:Strike From Hell","Dark Embrace"],"picked":"Warcry","floor":21}],"player_experience":166168,"relics_obtained":[{"floor":6,"key":"Red Skull"}],"event_choices":[{"damage_healed":0,"gold_gain":0,"player_choice":"Entered Light","damage_taken":16,"max_hp_gain":0,"max_hp_loss":0,"event_name":"Shining Light","floor":14,"gold_loss":0,"cards_upgraded":["Bash","Shrug It Off"]},{"damage_healed":0,"gold_gain":0,"player_choice":"Shed Blood","damage_taken":16,"max_hp_gain":5,"max_hp_loss":0,"event_name":"Forgotten Altar","floor":19,"gold_loss":0},{"damage_healed":0,"gold_gain":0,"player_choice":"Inject Mutagens","damage_taken":0,"relics_obtained":["MutagenicStrength"],"max_hp_gain":0,"max_hp_loss":0,"event_name":"Drug Dealer","floor":20,"gold_loss":0}],"is_beta":false,"boss_relics":[{"not_picked":["Ring of Chaos","energizedSpire:RedRose"],"picked":"Replay:Drink Me"}],"items_purged_floors":[],"is_endless":false,"potions_floor_spawned":[3,5,6,8,16],"killed_by":"Book of Stabbing","ascension_level":1}}