{"host":"7w1f7px7r26mario","time":1609403388,"event":{"mods":["Act Like it!","BaseMod","Conspire","Gensokyo","Lobotomy","LobotomyExtend","Minty Spire (QoL Compilation)","Quick Restart","Relic Stats","Replay The Spire","StSLib","TestMod","[IsaacMod]ÒÔÈö¼âËþ","vexMod"],"gold_per_floor":[111,208,224,236,254,318,318,352,352,383,399,425,425,440,440,544,544,557,557,376,444,499,543,626,685,709,749,805,805,855,932,932,1036,1036,1099,1099,1144,1168,1215,1259,1259,1318,1343,1343,1396,1456,1521,1584,1584,1610,1634,1634,1634,985,1013,1013],"floor_reached":55,"playtime":5546,"items_purged":["Writhe"],"score":2937,"play_id":"af3a50d8-1ed5-45ef-bfd1-127bd70c86d7","local_time":"20201231162948","is_ascension_mode":true,"campfire_choices":[{"data":"Footwork","floor":7.0,"key":"SMITH"},{"data":"ReplayTheSpireMod:Speed Training","floor":15.0,"key":"SMITH"},{"floor":32.0,"key":"DIG"},{"data":"Night Terror","floor":41.0,"key":"SMITH"},{"data":"Blade Dance","floor":44.0,"key":"SMITH"},{"floor":49.0,"key":"RECALL"},{"data":"Adrenaline","floor":53.0,"key":"SMITH"}],"circlet_count":0,"master_deck":["Strike_G","Strike_G","Strike_G","Strike_G+1","Defend_G","Defend_G","Defend_G","Defend_G","Defend_G","Survivor","Neutralize+1","Blur","Backflip","Footwork+1","Fluid Movement","Wellcheers","Backstab","Terror","ReplayTheSpireMod:Speed Training+1","ShyLook","Prepared","ReplayTheSpireMod:From All Sides+1","DreamingCurrent","ReplayTheSpireMod:Speed Training","Footwork","Scorched","DespairKnight","Slice+1","Underhanded Strike+1","Flying Knee+1","Acrobatics","ReplayTheSpireMod:Speed Training+1","Predator+1","SnowQueen","Blade Dance+1","Night Terror+1","Adrenaline+1","GreedKing","Deflect","Poisoned Stab+1","Distraction+1","Flying Knee+1","Accuracy+1","Scarecrow","Slice+1","LittlePrince","Blade Dance+1","Infinite Blades"],"relics":["Ring of the Snake","testmod-TestBox","HushsDoor","testmod-Mahjong","TheBean","CogitoBucket","LetterFromLob","InkBottle","testmod-Justice","Molten Egg 2","Lizard Tail","ChampionBelt","Replay:Bottled Steam","Replay:Bandana","Replay:Rubber Ducky","testmod-AssaultLearning","Regal Pillow","Blood Vial","vexMod:FocusSash","Juzu Bracelet","Pet Ghost","Pear","Whetstone","testmod-Recursion","Snake Skull","TreeSap","MealTicket","ReplayFunnel","Strawberry","vexMod:BarristanHead","DeathBook","Orichalcum","Ginger","Mirror","Replay:Kaleidoscope","PrismaticShard","SharpPlug"],"acts_visited":["Exordium","TheCity","TheBeyond","TheEnding"],"potions_floor_usage":[55],"damage_taken":[{"damage":0.0,"enemies":"Cultist","floor":1.0,"turns":3.0},{"damage":3.0,"enemies":"2 Louse","floor":3.0,"turns":2.0},{"damage":0.0,"enemies":"Small Slimes","floor":4.0,"turns":3.0},{"damage":0.0,"enemies":"Exordium Wildlife","floor":5.0,"turns":3.0},{"damage":2.0,"enemies":"3 Sentries","floor":6.0,"turns":15.0},{"damage":3.0,"enemies":"Lagavulin","floor":8.0,"turns":13.0},{"damage":0.0,"enemies":"Replay:BlueRogue","floor":10.0,"turns":6.0},{"damage":15.0,"enemies":"2 Fungi Beasts","floor":11.0,"turns":4.0},{"damage":0.0,"enemies":"3 Sentries","floor":12.0,"turns":3.0},{"damage":0.0,"enemies":"Blue Slaver","floor":14.0,"turns":3.0},{"damage":0.0,"enemies":"Hexaghost","floor":16.0,"turns":10.0},{"damage":30.0,"enemies":"Shell Parasite","floor":18.0,"turns":4.0},{"damage":72.0,"enemies":"conspire:Head Lice","floor":21.0,"turns":19.0},{"damage":20.0,"enemies":"Replay:Snechameleon","floor":22.0,"turns":4.0},{"damage":7.0,"enemies":"Book of Stabbing","floor":23.0,"turns":7.0},{"damage":27.0,"enemies":"conspire:Head Lice","floor":25.0,"turns":10.0},{"damage":30.0,"enemies":"Replay:Snechameleon","floor":27.0,"turns":5.0},{"damage":43.0,"enemies":"conspire:SneckoGhost","floor":28.0,"turns":6.0},{"damage":9.0,"enemies":"Replay:Snechameleon","floor":30.0,"turns":4.0},{"damage":6.0,"enemies":"Gremlin Leader","floor":31.0,"turns":4.0},{"damage":34.0,"enemies":"Automaton","floor":33.0,"turns":13.0},{"damage":21.0,"enemies":"R_Hoarder","floor":35.0,"turns":5.0},{"damage":72.0,"enemies":"3 Darklings","floor":37.0,"turns":3.0},{"damage":17.0,"enemies":"Giant Head","floor":39.0,"turns":5.0},{"damage":29.0,"enemies":"Nemesis","floor":40.0,"turns":5.0},{"damage":10.0,"enemies":"R_Hoarder","floor":42.0,"turns":6.0},{"damage":2.0,"enemies":"Giant Head","floor":45.0,"turns":5.0},{"damage":23.0,"enemies":"R_Hoarder","floor":46.0,"turns":8.0},{"damage":0.0,"enemies":"Nemesis","floor":47.0,"turns":5.0},{"damage":22.0,"enemies":"R_Hoarder","floor":48.0,"turns":5.0},{"damage":133.0,"enemies":"Time Eater","floor":50.0,"turns":12.0},{"damage":88.0,"enemies":"conspire:OrnateMirror","floor":51.0,"turns":5.0},{"damage":113,"enemies":"Shield and Spear","floor":55,"turns":3}],"seed_played":"8920497067377495295","potions_obtained":[{"floor":3.0,"key":"Poison Potion"},{"floor":6.0,"key":"ColorlessPotion"},{"floor":8.0,"key":"Death Potion"},{"floor":10.0,"key":"BlessingOfTheForge"},{"floor":21.0,"key":"Weak Potion"},{"floor":22.0,"key":"BlessingOfTheForge"},{"floor":27.0,"key":"ColorlessPotion"},{"floor":31.0,"key":"Fruit Juice"},{"floor":40.0,"key":"Doom Potion"}],"is_trial":false,"path_per_floor":["M","?","M","M","M","E","R","E","T","E","M","E","?","M","R","B",null,"M","?","$","M","M","E","?","E","T","E","M","$","M","E","R","B",null,"M","?","M","T","M","E","R","E","T","R","M","E","M","E","R","B","B",null,"R","$","E"],"character_chosen":"THE_SILENT","items_purchased":["Fruit Juice","Infinite Blades","Adrenaline Potion","EssenceOfSteel","PrismaticShard","SharpPlug"],"campfire_rested":0,"item_purchase_floors":[20,54,54,54,54,54],"current_hp_per_floor":[70,55,52,52,52,50,50,59,59,62,50,53,53,53,53,70,70,58,58,58,68,72,75,51,75,75,69,53,53,70,81,81,56,82,81,81,24,24,39,67,67,76,76,76,97,97,97,95,95,37,38,82,82,97,0,0],"gold":1013,"neow_bonus":"","is_daily":false,"chose_seed":false,"campfire_upgraded":5,"win_rate":0.0,"timestamp":1609403388,"path_taken":["M","?","M","M","M","E","R","E","T","E","M","E","?","M","R","BOSS","M","?","$","M","?","E","?","E","T","E","M","$","M","E","R","BOSS","M","?","M","?","M","E","R","E","T","R","M","E","M","E","R","BOSS","BOSS","R","$","E"],"items_purchased_type":["Potion","Card","Potion","Potion","Relic","Relic"],"build_version":"2020-12-22","purchased_purges":1,"victory":false,"max_hp_per_floor":[70,70,70,70,70,70,70,70,70,70,70,70,70,70,70,70,70,70,70,70,75,75,75,75,75,75,75,75,75,75,85,85,90,90,90,90,90,90,90,97,97,97,97,97,97,97,97,97,97,97,97,97,97,97,97,97],"relic_stats":{"Regal Pillow":0,"counters":[35,210],"Snake Skull":[19],"Juzu Bracelet":0,"Whetstone":["Strike_G","Neutralize"],"Ginger":[2],"Orichalcum":[42],"Blood Vial":26,"Lizard Tail":48,"MealTicket":15,"obtain_stats":[{"ReplayFunnel":39,"Regal Pillow":25,"SharpPlug":54,"Snake Skull":35,"Juzu Bracelet":28,"Whetstone":32,"Ginger":46,"PrismaticShard":54,"Pet Ghost":30,"Replay:Rubber Ducky":22,"Blood Vial":26,"DeathBook":43,"CogitoBucket":0,"Lizard Tail":12,"Replay:Bandana":21,"TheBean":0,"ChampionBelt":17,"testmod-Mahjong":0,"TreeSap":37,"Strawberry":40,"MealTicket":38,"InkBottle":6,"Ring of the Snake":0,"Replay:Bottled Steam":19,"KeepersGift":0,"testmod-TestBox":0,"Pear":31,"vexMod:FocusSash":27,"Replay:Kaleidoscope":48,"testmod-Justice":8,"Orichalcum":45,"vexMod:BarristanHead":42,"testmod-AssaultLearning":23,"testmod-Recursion":34,"Molten Egg 2":10,"LetterFromLob":3,"HushsDoor":0,"Mirror":47},{"ReplayFunnel":26,"Regal Pillow":17,"SharpPlug":34,"Snake Skull":23,"Juzu Bracelet":19,"Whetstone":21,"Ginger":30,"PrismaticShard":34,"Pet Ghost":20,"Replay:Rubber Ducky":15,"Blood Vial":17,"DeathBook":28,"CogitoBucket":0,"Lizard Tail":10,"Replay:Bandana":14,"TheBean":0,"ChampionBelt":12,"testmod-Mahjong":0,"TreeSap":25,"Strawberry":27,"MealTicket":25,"InkBottle":5,"Ring of the Snake":0,"Replay:Bottled Steam":13,"KeepersGift":0,"testmod-TestBox":0,"Pear":21,"vexMod:FocusSash":18,"Replay:Kaleidoscope":32,"testmod-Justice":6,"Orichalcum":29,"vexMod:BarristanHead":28,"testmod-AssaultLearning":16,"testmod-Recursion":22,"Molten Egg 2":7,"LetterFromLob":2,"HushsDoor":0,"Mirror":31},{"ReplayFunnel":156,"Regal Pillow":110,"SharpPlug":207,"Snake Skull":147,"Juzu Bracelet":121,"Whetstone":129,"Ginger":180,"PrismaticShard":207,"Pet Ghost":125,"Replay:Rubber Ducky":93,"Blood Vial":110,"DeathBook":167,"CogitoBucket":0,"Lizard Tail":53,"Replay:Bandana":89,"TheBean":0,"ChampionBelt":66,"testmod-Mahjong":0,"TreeSap":151,"Strawberry":161,"MealTicket":151,"InkBottle":26,"Ring of the Snake":0,"Replay:Bottled Steam":70,"KeepersGift":0,"testmod-TestBox":0,"Pear":129,"vexMod:FocusSash":115,"Replay:Kaleidoscope":190,"testmod-Justice":39,"Orichalcum":172,"vexMod:BarristanHead":167,"testmod-AssaultLearning":100,"testmod-Recursion":142,"Molten Egg 2":45,"LetterFromLob":5,"HushsDoor":0,"Mirror":185}],"InkBottle":[121],"Ring of the Snake":[44]},"card_choices":[{"not_picked":["Well Laid Plans","ReplayTheSpireMod:Shiv Toss"],"picked":"Blur","floor":1.0},{"not_picked":["Deflect","Bane"],"picked":"Backflip","floor":3.0},{"not_picked":["Dagger Spray","Bouncing Flask"],"picked":"Footwork","floor":4.0},{"not_picked":["Deadly Poison","Skewer"],"picked":"Fluid Movement","floor":5.0},{"not_picked":["Funeral","PunishingBird"],"picked":"Wellcheers","floor":6.0},{"not_picked":["Underhanded Strike","Bouncing Flask"],"picked":"Backstab","floor":6.0},{"not_picked":["Accuracy","Poison Darts"],"picked":"Bomb","floor":8.0},{"not_picked":["Dodge and Roll","Bullet Time"],"picked":"Terror","floor":10.0},{"not_picked":["PiercingWail","Finisher+1"],"picked":"ReplayTheSpireMod:Speed Training","floor":11.0},{"not_picked":["NakedNest","CherryBlossoms"],"picked":"ShyLook","floor":11.0},{"not_picked":["Acrobatics","Fluid Movement","Sneak Up"],"picked":"SKIP","floor":12.0},{"not_picked":["Acrobatics","Deflect"],"picked":"Prepared","floor":14.0},{"not_picked":["Venomology","Phantasmal Killer"],"picked":"ReplayTheSpireMod:From All Sides+1","floor":16.0},{"not_picked":["PunishingBird","UniverseFragment"],"picked":"DreamingCurrent","floor":16.0},{"not_picked":["Dagger Spray+1","Sucker Punch+1"],"picked":"ReplayTheSpireMod:Speed Training","floor":18.0},{"not_picked":["Deflect","Slice+1"],"picked":"Footwork","floor":21.0},{"not_picked":["Rudolta","CherryBlossoms"],"picked":"Scorched","floor":21.0},{"not_picked":["Unload+1","Reflex","Backflip"],"picked":"SKIP","floor":22.0},{"not_picked":["Rudolta","Murderer"],"picked":"DespairKnight","floor":23.0},{"not_picked":["Choke+1","Outmaneuver"],"picked":"Slice+1","floor":23.0},{"not_picked":["Acrobatics","Dash+1"],"picked":"Underhanded Strike+1","floor":24.0},{"not_picked":["Deflect","Underhanded Strike+1"],"picked":"Flying Knee+1","floor":24.0},{"not_picked":["Hidden Blade","Dash+1"],"picked":"Acrobatics","floor":24.0},{"not_picked":["Tools of the Trade","PiercingWail"],"picked":"ReplayTheSpireMod:Speed Training+1","floor":25.0},{"not_picked":["Backflip","Choke+1"],"picked":"Predator+1","floor":27.0},{"not_picked":["OSAHOGD","FairyFestival"],"picked":"SnowQueen","floor":27.0},{"not_picked":["Sucker Punch+1","Poisoned Stab+1"],"picked":"Blade Dance","floor":28.0},{"not_picked":["Catalyst","Deadly Poison","Dagger Spray+1"],"picked":"SKIP","floor":30.0},{"not_picked":["Backstab+1","Flechettes+1"],"picked":"Night Terror","floor":31.0},{"not_picked":["Unload+1","Venomology"],"picked":"Adrenaline","floor":33.0},{"not_picked":["Yin","HeroicMonk"],"picked":"GreedKing","floor":33.0},{"not_picked":["Hidden Blade","Flechettes+1"],"picked":"Deflect","floor":35.0},{"not_picked":["Flying Knee+1","Deadly Poison"],"picked":"Poisoned Stab+1","floor":37.0},{"not_picked":["Backstab+1","Bane+1"],"picked":"Distraction+1","floor":39.0},{"not_picked":["Riddle With Holes+1","Skewer+1"],"picked":"Flying Knee+1","floor":40.0},{"not_picked":["All Out Attack+1","Glass Knife+1"],"picked":"Accuracy+1","floor":42.0},{"not_picked":["MeltingLove","Laetitia"],"picked":"Scarecrow","floor":42.0},{"not_picked":["Quick Slash+1","Corpse Explosion"],"picked":"Slice+1","floor":45.0},{"not_picked":["Mercenary","Woodsman"],"picked":"LittlePrince","floor":46.0},{"not_picked":["Quick Slash+1","Dagger Throw+1"],"picked":"Blade Dance+1","floor":46.0},{"not_picked":["Heel Hook+1","Corpse Explosion","Phantasmal Killer"],"picked":"SKIP","floor":47.0},{"not_picked":["Die Die Die+1","Catalyst","Night Terror"],"picked":"SKIP","floor":48.0}],"player_experience":246664,"relics_obtained":[{"floor":3.0,"key":"LetterFromLob"},{"floor":6.0,"key":"InkBottle"},{"floor":8.0,"key":"testmod-Justice"},{"floor":10.0,"key":"Molten Egg 2"},{"floor":12.0,"key":"Lizard Tail"},{"floor":21.0,"key":"Replay:Bandana"},{"floor":22.0,"key":"Replay:Rubber Ducky"},{"floor":23.0,"key":"testmod-AssaultLearning"},{"floor":25.0,"key":"Regal Pillow"},{"floor":26.0,"key":"Blood Vial"},{"floor":27.0,"key":"vexMod:FocusSash"},{"floor":28.0,"key":"Juzu Bracelet"},{"floor":30.0,"key":"Pet Ghost"},{"floor":31.0,"key":"Pear"},{"floor":32.0,"key":"Whetstone"},{"floor":35.0,"key":"Snake Skull"},{"floor":38.0,"key":"MealTicket"},{"floor":39.0,"key":"ReplayFunnel"},{"floor":40.0,"key":"Strawberry"},{"floor":42.0,"key":"vexMod:BarristanHead"},{"floor":43.0,"key":"DeathBook"},{"floor":45.0,"key":"Orichalcum"},{"floor":46.0,"key":"Ginger"},{"floor":47.0,"key":"Mirror"},{"floor":48.0,"key":"Replay:Kaleidoscope"}],"event_choices":[{"damage_healed":0.0,"max_hp_gain":0.0,"max_hp_loss":0.0,"gold_gain":0.0,"event_name":"The Mausoleum","player_choice":"Opened","floor":19.0,"gold_loss":0.0,"damage_taken":0.0,"relics_obtained":["Replay:Bottled Steam"],"cards_obtained":["Writhe"]},{"cards_removed":["Strike_G"],"damage_healed":0.0,"max_hp_gain":0.0,"max_hp_loss":0.0,"gold_gain":0.0,"event_name":"Falling","player_choice":"Removed Attack","floor":36.0,"gold_loss":0.0,"damage_taken":0.0}],"is_beta":false,"boss_relics":[{"not_picked":["testmod-BatchProcessingSystem","testmod-DreamHouse"],"picked":"ChampionBelt"},{"not_picked":[]},{"not_picked":["HoveringKite","vexMod:MysteryBossChallenge"],"picked":"testmod-Recursion"},{"not_picked":[]}],"items_purged_floors":[20],"is_endless":false,"potions_floor_spawned":[3,6,8,10,21,22,27,31,40,48],"killed_by":"Shield and Spear","ascension_level":20}}