{"host":"Qube","time":1609381471,"event":{"mods":["AchievementEnabler","BaseMod","Colored Map","Colored Powertips","Minty Spire (QoL Compilation)","Quick Restart","Random Character Button","StSLib","The Cursed"],"gold_per_floor":[114,134,134,134,209,241,241,255,255,284,284,299,299,315,315,388,388,400,54,70,88,88,88],"floor_reached":22,"playtime":940,"items_purged":["Defend_P"],"score":398,"play_id":"79e58b12-8031-4b54-a201-e6bde92e1cd0","local_time":"20201230182431","is_ascension_mode":true,"campfire_choices":[{"floor":11.0,"key":"REST"},{"data":"Vigilance","floor":13.0,"key":"SMITH"},{"floor":15.0,"key":"REST"}],"circlet_count":0,"master_deck":["AscendersBane","Strike_P","Strike_P+1","Strike_P+1","Strike_P","Defend_P","Defend_P","Defend_P","Eruption","Vigilance+1","EmptyFist+1","ConjureBlade","DeceiveReality","Meditate","FearNoEvil","ReachHeaven","LessonLearned","Brilliance+1","TalkToTheHand","Protect","Wallop"],"relics":["PureWater","NeowsBlessing","Bottled Flame","Anchor","Prayer Wheel","Du-Vu Doll","SlaversCollar","Orichalcum"],"acts_visited":["Exordium","TheCity"],"potions_floor_usage":[16,20],"damage_taken":[{"damage":0.0,"enemies":"Cultist","floor":1.0,"turns":1.0},{"damage":0.0,"enemies":"Jaw Worm","floor":2.0,"turns":1.0},{"damage":0.0,"enemies":"Lagavulin","floor":6.0,"turns":1.0},{"damage":1.0,"enemies":"Small Slimes","floor":8.0,"turns":3.0},{"damage":18.0,"enemies":"Gremlin Nob","floor":10.0,"turns":4.0},{"damage":0.0,"enemies":"3 Louse","floor":12.0,"turns":2.0},{"damage":1.0,"enemies":"Looter","floor":14.0,"turns":3.0},{"damage":30,"enemies":"The Guardian","floor":16,"turns":13},{"damage":13,"enemies":"Shell Parasite","floor":18,"turns":6},{"damage":0,"enemies":"Chosen","floor":20,"turns":4},{"damage":30,"enemies":"Snecko","floor":21,"turns":8},{"damage":16,"enemies":"Snake Plant","floor":22,"turns":4}],"seed_played":"6468696562426553939","potions_obtained":[{"floor":2.0,"key":"SkillPotion"},{"floor":8.0,"key":"EssenceOfSteel"},{"floor":12.0,"key":"SpeedPotion"},{"floor":16,"key":"LiquidBronze"},{"floor":20,"key":"FairyPotion"},{"floor":21,"key":"Regen Potion"}],"is_trial":false,"path_per_floor":["M","M","?","?","?","E","T","M","T","E","R","M","R","M","R","B",null,"M","$","M","M","M"],"character_chosen":"WATCHER","items_purchased":["Protect","Orichalcum","FearPotion"],"campfire_rested":2,"item_purchase_floors":[19,19,19],"current_hp_per_floor":[61,61,61,41,30,30,30,29,29,11,31,31,31,30,50,20,56,43,43,43,13,20,20],"gold":88,"neow_bonus":"THREE_ENEMY_KILL","is_daily":false,"chose_seed":false,"campfire_upgraded":1,"win_rate":0.0,"timestamp":1609381471,"path_taken":["M","?","?","?","?","E","?","M","T","E","R","?","R","M","R","BOSS","M","$","M","M","M"],"items_purchased_type":["Card","Relic","Potion"],"build_version":"2020-12-18","purchased_purges":1,"victory":false,"max_hp_per_floor":[68,68,68,68,68,68,68,68,68,68,68,68,68,68,68,68,68,68,68,68,68,68,68],"card_choices":[{"not_picked":["JustLucky","Halt"],"picked":"EmptyFist","floor":1.0},{"not_picked":["Crescendo","FlyingSleeves"],"picked":"ConjureBlade","floor":2.0},{"not_picked":["SashWhip","Worship"],"picked":"DeceiveReality","floor":6.0},{"not_picked":["FollowUp","Prostrate"],"picked":"Meditate","floor":8.0},{"not_picked":["Weave","PathToVictory"],"picked":"FearNoEvil","floor":10.0},{"not_picked":["ClearTheMind","CrushJoints"],"picked":"ReachHeaven","floor":12.0},{"not_picked":["Vengeance","EmptyBody","BowlingBash"],"picked":"SKIP","floor":12.0},{"not_picked":["JustLucky","FlurryOfBlows"],"picked":"LessonLearned","floor":14.0},{"not_picked":["Halt","FlyingSleeves","Crescendo"],"picked":"SKIP","floor":14.0},{"not_picked":["Devotion","Wish"],"picked":"Brilliance","floor":16},{"not_picked":["DeceiveReality","WaveOfTheHand"],"picked":"TalkToTheHand","floor":18},{"not_picked":["PathToVictory","FollowUp","JustLucky"],"picked":"SKIP","floor":18},{"not_picked":["Adaptation","JustLucky"],"picked":"Wallop","floor":20},{"not_picked":["JustLucky","WheelKick","TalkToTheHand"],"picked":"SKIP","floor":20},{"not_picked":["Protect","Tantrum","JustLucky"],"picked":"SKIP","floor":21},{"not_picked":["Collect","FearNoEvil","Worship"],"picked":"SKIP","floor":21}],"player_experience":743061,"relics_obtained":[{"floor":6.0,"key":"Bottled Flame"},{"floor":7.0,"key":"Anchor"},{"floor":9.0,"key":"Prayer Wheel"},{"floor":10.0,"key":"Du-Vu Doll"}],"event_choices":[{"damage_healed":0.0,"max_hp_gain":0.0,"max_hp_loss":0.0,"gold_gain":0.0,"event_name":"Liars Game","player_choice":"Ignored","floor":3.0,"gold_loss":0.0,"damage_taken":0.0},{"damage_healed":0.0,"max_hp_gain":0.0,"max_hp_loss":0.0,"gold_gain":0.0,"event_name":"Shining Light","player_choice":"Entered Light","floor":4.0,"gold_loss":0.0,"damage_taken":20.0,"cards_upgraded":["Strike_P","EmptyFist"]},{"damage_healed":0.0,"max_hp_gain":0.0,"max_hp_loss":0.0,"gold_gain":75.0,"event_name":"World of Goop","player_choice":"Gather Gold","floor":5.0,"gold_loss":0.0,"damage_taken":11.0}],"is_beta":true,"boss_relics":[{"not_picked":["Coffee Dripper","Tiny House"],"picked":"SlaversCollar"}],"items_purged_floors":[19],"is_endless":false,"potions_floor_spawned":[2,8,12,16,20,21],"killed_by":"Snake Plant","ascension_level":16}}