{"host":"6pfj0wha12yu6wq3","time":1609377012,"event":{"mods":["AchievementEnabler","BaseMod","Colored Map","Colored Powertips","Curses Come First","DeckTracker","Minty Spire (QoL Compilation)","RNG Fix","Relic Sorter","Relic Stats","StSLib","UnlockEverythingMod","ojb\u0027s Better Paths Mod","ojb\u0027s Info Mod"],"gold_per_floor":[216,235,13,13,23,23,52,66,66,66,91,104,115,135,135,214,214,232,232,247,264,264,299,316,346,346,346,361,377,377,410,410,487,487,503,503,4,4,4,38,52,82,128,128,163,163,163,497,497,497,497,497,16,42,42],"floor_reached":56,"playtime":6779,"items_purged":["Strike_G","Parasite","Strike_G"],"score":2420,"play_id":"990a0b34-8086-4d66-9cf3-94bd0e51ae04","local_time":"20201230201012","is_ascension_mode":true,"campfire_choices":[{"data":"Bouncing Flask","floor":6.0,"key":"SMITH"},{"data":"Well Laid Plans","floor":10.0,"key":"SMITH"},{"data":"Corpse Explosion","floor":15.0,"key":"SMITH"},{"data":"Outmaneuver","floor":27,"key":"SMITH"},{"data":"Footwork","floor":32,"key":"SMITH"},{"floor":46,"key":"RECALL"},{"data":"1","floor":49,"key":"LIFT"},{"data":"2","floor":52,"key":"LIFT"}],"circlet_count":0,"master_deck":["AscendersBane","Defend_G","Defend_G","Defend_G","Defend_G","Defend_G","Survivor","Neutralize","Dagger Spray","Well Laid Plans+1","Poisoned Stab","Bouncing Flask+1","Slice","Footwork+1","Backflip","Corpse Explosion+1","Malaise","PiercingWail","Malaise","Acrobatics","Outmaneuver+1","Venomology","Noxious Fumes","Underhanded Strike","Cloak And Dagger","Well Laid Plans","Corpse Explosion","Outmaneuver","Backflip+1","Footwork","PiercingWail","Noxious Fumes","Burst","Blur","Caltrops","Dodge and Roll"],"relics":["Ring of the Snake","White Beast Statue","HornCleat","Cursed Key","Meat on the Bone","CaptainsWheel","Boot","Paper Crane","Girya","Fusion Hammer","Potion Belt","Omamori","Orrery","Tough Bandages","Nunchaku","Smiling Mask","Pantograph","Old Coin","Membership Card","Kunai","Oddly Smooth Stone","FossilizedHelix"],"acts_visited":["Exordium","TheCity","TheBeyond","TheEnding"],"potions_floor_usage":[28,29,31,31,31,31,33,33,35,40,41,42,42,45,50,54,54,54,54,54,55,55,55,55],"damage_taken":[{"damage":16.0,"enemies":"Jaw Worm","floor":1.0,"turns":7.0},{"damage":2.0,"enemies":"2 Louse","floor":2.0,"turns":2.0},{"damage":7.0,"enemies":"Small Slimes","floor":5.0,"turns":4.0},{"damage":7.0,"enemies":"Lagavulin","floor":7.0,"turns":6.0},{"damage":1.0,"enemies":"Looter","floor":8.0,"turns":4.0},{"damage":0.0,"enemies":"Gremlin Nob","floor":11.0,"turns":3.0},{"damage":3.0,"enemies":"Exordium Thugs","floor":12.0,"turns":4.0},{"damage":0.0,"enemies":"Blue Slaver","floor":13.0,"turns":3.0},{"damage":0.0,"enemies":"Exordium Wildlife","floor":14.0,"turns":1.0},{"damage":24.0,"enemies":"Slime Boss","floor":16.0,"turns":6.0},{"damage":0.0,"enemies":"Spheric Guardian","floor":18.0,"turns":3.0},{"damage":0.0,"enemies":"3 Byrds","floor":20.0,"turns":4.0},{"damage":0.0,"enemies":"Snake Plant","floor":21.0,"turns":6.0},{"damage":57.0,"enemies":"Slavers","floor":23.0,"turns":5.0},{"damage":0.0,"enemies":"Cultist and Chosen","floor":24.0,"turns":6.0},{"damage":9,"enemies":"Book of Stabbing","floor":25,"turns":9},{"damage":18,"enemies":"Shelled Parasite and Fungi","floor":28,"turns":6},{"damage":2,"enemies":"Chosen and Byrds","floor":29,"turns":7},{"damage":18,"enemies":"Gremlin Leader","floor":31,"turns":7},{"damage":13,"enemies":"Champ","floor":33,"turns":17},{"damage":3,"enemies":"3 Shapes","floor":35,"turns":4},{"damage":30,"enemies":"Nemesis","floor":40,"turns":11},{"damage":7,"enemies":"3 Darklings","floor":41,"turns":6},{"damage":11,"enemies":"Giant Head","floor":42,"turns":11},{"damage":10,"enemies":"Nemesis","floor":45,"turns":9},{"damage":6,"enemies":"Giant Head","floor":48,"turns":12},{"damage":32,"enemies":"Awakened One","floor":50,"turns":24},{"damage":19,"enemies":"Shield and Spear","floor":54,"turns":9},{"damage":38,"enemies":"The Heart","floor":55,"turns":14}],"seed_played":"-6071742026943252286","potions_obtained":[{"floor":2.0,"key":"Fruit Juice"},{"floor":5.0,"key":"Regen Potion"},{"floor":7.0,"key":"Strength Potion"},{"floor":11.0,"key":"CultistPotion"},{"floor":12.0,"key":"SteroidPotion"},{"floor":14.0,"key":"CunningPotion"},{"floor":16.0,"key":"Ancient Potion"},{"floor":20.0,"key":"CultistPotion"},{"floor":21.0,"key":"LiquidMemories"},{"floor":23.0,"key":"Ancient Potion"},{"floor":24.0,"key":"Fire Potion"},{"floor":28,"key":"PowerPotion"},{"floor":31,"key":"FearPotion"},{"floor":33,"key":"EntropicBrew"},{"floor":35,"key":"BlessingOfTheForge"},{"floor":39,"key":"Fruit Juice"},{"floor":39,"key":"ColorlessPotion"},{"floor":40,"key":"Energy Potion"},{"floor":41,"key":"GhostInAJar"},{"floor":42,"key":"Block Potion"},{"floor":54,"key":"Energy Potion"}],"is_trial":false,"path_per_floor":["M","M","$","?","M","R","E","M","T","R","E","M","M","M","R","B",null,"M","?","M","M","?","E","M","E","T","R","M","M","?","E","R","B",null,"M","?","$","?","?","E","M","E","T","$","E","R","T","E","R","B",null,"R","$","E","B",null],"character_chosen":"THE_SILENT","items_purchased":["Well Laid Plans","Poisoned Stab","Fire Potion","Omamori","Orrery","Burst","Membership Card","Kunai","Oddly Smooth Stone","Caltrops","Dodge and Roll"],"campfire_rested":0,"item_purchase_floors":[3,3,3,37,37,37,53,53,53,53,53],"current_hp_per_floor":[43,41,41,41,39,39,47,46,46,46,46,43,43,43,43,19,58,58,58,58,58,58,13,25,28,28,28,22,32,32,26,26,25,60,57,57,57,68,68,43,48,37,37,37,39,39,39,45,45,38,64,64,64,45,44],"gold":42,"neow_bonus":"HUNDRED_GOLD","is_daily":false,"chose_seed":false,"campfire_upgraded":5,"win_rate":0.0,"timestamp":1609377012,"path_taken":["M","M","$","?","M","R","E","M","T","R","E","M","?","M","R","BOSS","M","?","M","M","?","E","M","E","T","R","?","M","?","E","R","BOSS","M","?","$","?","?","E","?","E","T","?","E","R","?","E","R","BOSS","R","$","E","BOSS"],"items_purchased_type":["Card","Card","Potion","Relic","Relic","Card","Relic","Relic","Relic","Card","Card"],"build_version":"2020-12-22","purchased_purges":3,"victory":true,"max_hp_per_floor":[66,66,66,66,71,71,71,71,71,71,71,71,71,71,71,71,71,71,71,71,71,71,71,71,71,71,71,71,71,71,71,71,71,71,71,71,68,68,68,73,73,73,73,73,73,73,73,73,73,73,73,73,73,73,73],"relic_stats":{"Tough Bandages":[93],"Nunchaku":[7],"counters":[29,210],"Pantograph":50,"Kunai":[3],"Cursed Key":3,"Boot":[89],"Smiling Mask":13,"obtain_stats":[{"Potion Belt":36,"Girya":31,"Oddly Smooth Stone":53,"Omamori":37,"Paper Crane":26,"Cursed Key":17,"Boot":25,"Smiling Mask":45,"White Beast Statue":7,"Old Coin":48,"CaptainsWheel":23,"Tough Bandages":40,"Nunchaku":42,"HornCleat":9,"Pantograph":47,"Orrery":37,"Fusion Hammer":34,"Membership Card":53,"Kunai":53,"FossilizedHelix":54,"Ring of the Snake":0,"Meat on the Bone":22},{"Potion Belt":21,"Girya":19,"Oddly Smooth Stone":27,"Omamori":21,"Paper Crane":16,"Cursed Key":10,"Boot":16,"Smiling Mask":25,"White Beast Statue":4,"Old Coin":26,"CaptainsWheel":14,"Tough Bandages":22,"Nunchaku":24,"HornCleat":5,"Pantograph":25,"Orrery":21,"Fusion Hammer":20,"Membership Card":27,"Kunai":27,"FossilizedHelix":28,"Ring of the Snake":0,"Meat on the Bone":13},{"Potion Belt":114,"Girya":93,"Oddly Smooth Stone":187,"Omamori":114,"Paper Crane":73,"Cursed Key":40,"Boot":73,"Smiling Mask":151,"White Beast Statue":19,"Old Coin":163,"CaptainsWheel":58,"Tough Bandages":125,"Nunchaku":142,"HornCleat":23,"Pantograph":151,"Orrery":114,"Fusion Hammer":110,"Membership Card":187,"Kunai":187,"FossilizedHelix":196,"Ring of the Snake":0,"Meat on the Bone":53}],"Ring of the Snake":[58],"Meat on the Bone":132},"card_choices":[{"not_picked":["Reflex","Dodge and Roll"],"picked":"Dagger Spray","floor":1.0},{"not_picked":["Caltrops","PiercingWail","Dodge and Roll"],"picked":"SKIP","floor":2.0},{"not_picked":["Bane","Choke"],"picked":"Bouncing Flask","floor":5.0},{"not_picked":["Bane","Cloak And Dagger"],"picked":"Slice","floor":7.0},{"not_picked":["Dagger Throw","Dagger Spray"],"picked":"Footwork","floor":8.0},{"not_picked":["Choke","Cloak And Dagger"],"picked":"Backflip","floor":11.0},{"not_picked":["Caltrops","Deadly Poison"],"picked":"Calculated Gamble","floor":12.0},{"not_picked":["Underhanded Strike","Bane"],"picked":"Corpse Explosion","floor":13.0},{"not_picked":["Quick Slash","Accuracy","Cloak And Dagger"],"picked":"SKIP","floor":14.0},{"not_picked":["Quick Slash","Accuracy","Cloak And Dagger"],"picked":"SKIP","floor":14.0},{"not_picked":["Die Die Die","Envenom"],"picked":"Malaise","floor":16.0},{"not_picked":["Caltrops","Poisoned Stab"],"picked":"PiercingWail","floor":18.0},{"not_picked":["Slice","Choke"],"picked":"Acrobatics","floor":20.0},{"not_picked":["Deflect","Flying Knee","Underhanded Strike"],"picked":"SKIP","floor":21.0},{"not_picked":["Glass Knife","Poisoned Stab","Endless Agony"],"picked":"SKIP","floor":23.0},{"not_picked":["Deadly Poison","Flying Knee"],"picked":"Outmaneuver","floor":24.0},{"not_picked":["Reflex","Underhanded Strike"],"picked":"Venomology","floor":25},{"not_picked":["Concentrate","Cloak And Dagger","Deadly Poison"],"picked":"SKIP","floor":28},{"not_picked":["Backflip","Accuracy"],"picked":"Noxious Fumes","floor":29},{"not_picked":["Underhanded Strike","Poisoned Stab+1"],"picked":"Well Laid Plans","floor":31},{"not_picked":["Envenom","Grand Finale"],"picked":"Corpse Explosion","floor":33},{"not_picked":["Blade Dance+1","Eviscerate+1"],"picked":"Outmaneuver","floor":35},{"not_picked":["Dodge and Roll","Sucker Punch"],"picked":"Backflip+1","floor":37},{"not_picked":["Outmaneuver","Backflip"],"picked":"Footwork","floor":37},{"not_picked":["Backstab","Deadly Poison+1"],"picked":"PiercingWail","floor":37},{"not_picked":["Heel Hook","Deadly Poison+1"],"picked":"Noxious Fumes","floor":37},{"not_picked":["Sucker Punch","Deflect+1"],"picked":"Blur","floor":40},{"not_picked":["Endless Agony","Outmaneuver","Infinite Blades"],"picked":"SKIP","floor":41},{"not_picked":["Dodge and Roll","Quick Slash","Poisoned Stab"],"picked":"SKIP","floor":42},{"not_picked":["A Thousand Cuts","Poisoned Stab","Flying Knee"],"picked":"SKIP","floor":45},{"not_picked":["Underhanded Strike","Terror","Flying Knee+1"],"picked":"SKIP","floor":48},{"not_picked":["Deadly Poison","Bane","Bouncing Flask"],"picked":"SKIP","floor":54}],"player_experience":8844,"relics_obtained":[{"floor":7.0,"key":"White Beast Statue"},{"floor":9.0,"key":"HornCleat"},{"floor":23.0,"key":"CaptainsWheel"},{"floor":25,"key":"Boot"},{"floor":26,"key":"Paper Crane"},{"floor":31,"key":"Girya"},{"floor":36,"key":"Potion Belt"},{"floor":40,"key":"Tough Bandages"},{"floor":42,"key":"Nunchaku"},{"floor":45,"key":"Smiling Mask"},{"floor":47,"key":"Pantograph"},{"floor":48,"key":"Old Coin"},{"floor":54,"key":"FossilizedHelix"}],"event_choices":[{"damage_healed":0.0,"max_hp_gain":0.0,"max_hp_loss":0.0,"gold_gain":0.0,"cards_transformed":["Strike_G"],"event_name":"Transmorgrifier","player_choice":"Transformed","floor":4.0,"gold_loss":0.0,"damage_taken":0.0,"cards_obtained":["Finisher"]},{"damage_healed":0.0,"max_hp_gain":0.0,"max_hp_loss":0.0,"gold_gain":0.0,"event_name":"Duplicator","player_choice":"Copied","floor":19.0,"gold_loss":0.0,"damage_taken":0.0,"cards_obtained":["Malaise"]},{"cards_removed":["Calculated Gamble"],"damage_healed":0.0,"max_hp_gain":0.0,"max_hp_loss":0.0,"gold_gain":0.0,"event_name":"WeMeetAgain","player_choice":"Gave Card","floor":22.0,"gold_loss":0.0,"damage_taken":0.0,"relics_obtained":["Meat on the Bone"]},{"damage_healed":0,"gold_gain":0,"cards_transformed":["Strike_G","Strike_G"],"player_choice":"Became Test Subject","damage_taken":0,"max_hp_gain":0,"max_hp_loss":0,"event_name":"Drug Dealer","floor":30,"gold_loss":0,"cards_obtained":["Underhanded Strike","Cloak And Dagger"]},{"damage_healed":0,"gold_gain":0,"player_choice":"Relic","damage_taken":0,"max_hp_gain":0,"max_hp_loss":0,"event_name":"Wheel of Change","floor":36,"gold_loss":0},{"cards_removed":["Finisher"],"damage_healed":11,"gold_gain":0,"player_choice":"Offered Uncommon","damage_taken":0,"max_hp_gain":0,"max_hp_loss":0,"event_name":"Bonfire Elementals","floor":38,"gold_loss":0},{"damage_healed":0,"gold_gain":0,"player_choice":"Got Potions","damage_taken":0,"max_hp_gain":0,"max_hp_loss":0,"event_name":"Lab","floor":39,"gold_loss":0}],"is_beta":false,"boss_relics":[{"not_picked":["Runic Pyramid","Tiny House"],"picked":"Cursed Key"},{"not_picked":["Sozu","HoveringKite"],"picked":"Fusion Hammer"}],"items_purged_floors":[3,37,53],"is_endless":false,"potions_floor_spawned":[2,5,7,8,11,12,13,14,16,18,20,21,23,24,25,28,29,31,33,35,40,41,42,45,48,54],"ascension_level":20}}