{"host":"be3r5d8qs4ku9xfy","time":1609383790,"event":{"mods":["AchievementEnabler","Act Like it!","BaseMod","BetterRewards","Colored Map","Colored Powertips","Downfall","Highlight Path","Hubris","Infinite Spire","Minty Spire (QoL Compilation)","Quick Restart","Replay The Spire","Shop Mod","StSLib","SuperFastMode","The Construct"],"gold_per_floor":[118,193,209,225,225,225,257,47,47,147,159,170,170,181,181,279,279,266,281,281,298,312,312,312,312],"floor_reached":24,"playtime":1849,"items_purged":[],"score":200,"play_id":"e5b8486e-0ff5-4d70-8e54-8fa207396e37","local_time":"20201230220310","is_ascension_mode":false,"campfire_choices":[{"floor":6,"key":"RECALL"},{"floor":15,"key":"REST"},{"floor":23,"key":"REST"}],"circlet_count":0,"master_deck":["Strike_B","Strike_B","Strike_B","Strike_B","Defend_B","Defend_B","Defend_B","Zap","Dualcast","Beam Cell","hubris:Ukulele","Crystallizer","Chill+1","Self Repair+1","Go for the Eyes","Cold Snap","White Noise","BootSequence","hubris:DoWhile","Ball Lightning","Darkness+1","Auto Shields+1","hubris:Ukulele"],"relics":["Cracked Core","Matryoshka","Sling","infinitespire:Satchel","SacredBark"],"acts_visited":["Exordium","TheCity"],"potions_floor_usage":[12,16,16,22],"damage_taken":[{"damage":6,"enemies":"2 Louse","floor":1,"turns":2},{"damage":8,"enemies":"Jaw Worm","floor":3,"turns":3},{"damage":0,"enemies":"Cultist","floor":4,"turns":2},{"damage":14,"enemies":"3 Sentries","floor":7,"turns":9},{"damage":12,"enemies":"Blue Slaver","floor":11,"turns":3},{"damage":8,"enemies":"Gremlin Gang","floor":12,"turns":5},{"damage":3,"enemies":"Looter","floor":14,"turns":3},{"damage":51,"enemies":"Hexaghost","floor":16,"turns":10},{"damage":8,"enemies":"2 Thieves","floor":18,"turns":4},{"damage":18,"enemies":"Shell Parasite","floor":19,"turns":6},{"damage":38,"enemies":"Snecko","floor":21,"turns":7},{"damage":44,"enemies":"Centurion and Healer","floor":22,"turns":10},{"damage":36,"enemies":"Gremlin Leader","floor":24,"turns":4}],"seed_played":"-7229940172714857662","potions_obtained":[{"floor":4,"key":"FearPotion"},{"floor":11,"key":"SteroidPotion"},{"floor":12,"key":"Block Potion"},{"floor":19,"key":"Ancient Potion"}],"is_trial":false,"path_per_floor":["M","?","M","M","?","R","E","$","T","?","M","M","?","M","R","B",null,"M","M","?","M","M","R","E"],"character_chosen":"DEFECT","items_purchased":["Sling","Go for the Eyes"],"campfire_rested":2,"item_purchase_floors":[8,8],"current_hp_per_floor":[76,65,57,57,57,57,43,43,43,43,38,37,37,44,68,27,82,82,74,74,46,12,36,0,0],"gold":312,"neow_bonus":"TEN_PERCENT_HP_BONUS","is_daily":false,"chose_seed":false,"campfire_upgraded":0,"win_rate":0.0,"timestamp":1609383790,"path_taken":["M","?","M","M","?","R","E","$","T","?","M","?","?","M","R","BOSS","M","?","?","?","M","R","E"],"items_purchased_type":["Relic","Card"],"build_version":"2020-12-22","purchased_purges":0,"victory":false,"max_hp_per_floor":[82,82,82,82,82,82,82,82,82,82,82,82,82,82,82,82,82,82,82,82,82,82,82,82,82],"card_choices":[{"not_picked":["Loop","Compile Driver"],"picked":"Beam Cell","floor":1},{"not_picked":["Consume","Sweeping Beam"],"picked":"hubris:Ukulele","floor":3},{"not_picked":["Loop","Thunder Strike"],"picked":"Crystallizer","floor":4},{"not_picked":["Beam Cell","Compile Driver"],"picked":"Self Repair","floor":7},{"not_picked":["Gash","Conserve Battery"],"picked":"Cold Snap","floor":11},{"not_picked":["Leap","BasicCrystalCard"],"picked":"White Noise","floor":12},{"not_picked":["Panic Button","Beam Cell"],"picked":"BootSequence","floor":14},{"not_picked":["Mirror Shield","Machine Learning"],"picked":"hubris:DoWhile","floor":16},{"not_picked":["Stack","Coolheaded"],"picked":"Ball Lightning","floor":18},{"not_picked":["Genetic Algorithm","Auto Shields+1"],"picked":"Darkness","floor":19},{"not_picked":["hubris:Ukulele","BasicCrystalCard"],"picked":"Auto Shields+1","floor":21},{"not_picked":["Reinforced Body","BasicCrystalCard"],"picked":"hubris:Ukulele","floor":22}],"player_experience":5556,"relics_obtained":[{"floor":7,"key":"Matryoshka"},{"floor":9,"key":"infinitespire:Satchel"}],"event_choices":[{"damage_healed":0,"gold_gain":75,"player_choice":"Gather Gold","damage_taken":11,"max_hp_gain":0,"max_hp_loss":0,"event_name":"World of Goop","floor":2,"gold_loss":0},{"damage_healed":0,"gold_gain":100,"player_choice":"Pray","damage_taken":0,"max_hp_gain":0,"max_hp_loss":0,"event_name":"Golden Shrine","floor":10,"gold_loss":0},{"damage_healed":0,"gold_gain":0,"player_choice":"Upgraded","damage_taken":0,"max_hp_gain":0,"max_hp_loss":0,"event_name":"Upgrade Shrine","floor":13,"gold_loss":0,"cards_upgraded":["Self Repair"]},{"damage_healed":0,"gold_gain":0,"player_choice":"Upgraded","damage_taken":0,"max_hp_gain":0,"max_hp_loss":0,"event_name":"Upgrade Shrine","floor":20,"gold_loss":0,"cards_upgraded":["Darkness"]}],"is_beta":false,"boss_relics":[{"not_picked":["ReplayTheSpireMod:SealedPack","Empty Cage"],"picked":"SacredBark"}],"items_purged_floors":[],"is_endless":false,"potions_floor_spawned":[4,11,12,19],"killed_by":"Gremlin Leader","ascension_level":0}}