{"host":"fnk117zi8wf5078t","time":1609388928,"event":{"mods":["AchievementEnabler","BaseMod","Colored Map","Minty Spire (QoL Compilation)","Rare Cards Sparkle","SuperFastMode","everything is the same but u backflip on backflip"],"gold_per_floor":[114,114,125,125,275,302,316,350,350,370,370,134,134,34,34,108,108,120,120,137,137,150,185,117,117,117,136,164,176,198,222,234,246,246],"floor_reached":33,"playtime":1199,"items_purged":["Doubt","Strike_R"],"score":592,"play_id":"f9acf29b-0e1c-4e32-9a66-47485f057440","local_time":"20201231132848","is_ascension_mode":true,"campfire_choices":[{"data":"Rampage","floor":11.0,"key":"SMITH"},{"data":"Seeing Red","floor":13.0,"key":"SMITH"},{"floor":15.0,"key":"REST"},{"data":"Limit Break","floor":25.0,"key":"SMITH"},{"floor":29.0,"key":"REST"},{"floor":32.0,"key":"REST"}],"circlet_count":0,"master_deck":["AscendersBane","Strike_R","Strike_R","Defend_R","Defend_R+1","Defend_R+1","Defend_R","Bash","Inflame","Sword Boomerang","Rampage+1","Seeing Red+1","Limit Break+1","Battle Trance","Uppercut+1","Thunderclap+1","Hemokinesis+1","Exhume","Dual Wield+1"],"relics":["Burning Blood","NeowsBlessing","Mummified Hand","War Paint","Molten Egg 2","Ornamental Fan","Omamori","Cursed Key","Peace Pipe","Self Forming Clay","Blue Candle","MawBank"],"acts_visited":["Exordium","TheCity"],"potions_floor_usage":[],"damage_taken":[{"damage":0.0,"enemies":"Small Slimes","floor":1.0,"turns":1.0},{"damage":0.0,"enemies":"Cultist","floor":3.0,"turns":1.0},{"damage":0.0,"enemies":"Gremlin Nob","floor":6.0,"turns":1.0},{"damage":0.0,"enemies":"Jaw Worm","floor":7.0,"turns":3.0},{"damage":19.0,"enemies":"Lagavulin","floor":8.0,"turns":6.0},{"damage":13.0,"enemies":"Large Slime","floor":10.0,"turns":3.0},{"damage":58.0,"enemies":"Hexaghost","floor":16.0,"turns":9.0},{"damage":33.0,"enemies":"Spheric Guardian","floor":18.0,"turns":6.0},{"damage":0.0,"enemies":"Chosen","floor":20.0,"turns":3.0},{"damage":16.0,"enemies":"Snecko","floor":22.0,"turns":5.0},{"damage":18.0,"enemies":"Slavers","floor":23.0,"turns":5.0},{"damage":22.0,"enemies":"Centurion and Healer","floor":27.0,"turns":4.0},{"damage":38.0,"enemies":"Gremlin Leader","floor":28.0,"turns":4.0},{"damage":19.0,"enemies":"Shelled Parasite and Fungi","floor":30.0,"turns":3.0},{"damage":15.0,"enemies":"Cultist and Chosen","floor":31.0,"turns":3.0},{"damage":77,"enemies":"Champ","floor":33,"turns":6}],"seed_played":"4059138541726881317","potions_obtained":[{"floor":1.0,"key":"DuplicationPotion"},{"floor":3.0,"key":"Weak Potion"},{"floor":18.0,"key":"SkillPotion"},{"floor":20.0,"key":"Swift Potion"},{"floor":27.0,"key":"SkillPotion"},{"floor":30.0,"key":"Regen Potion"}],"is_trial":false,"path_per_floor":["M","?","M","?","?","E","M","E","T","M","R","$","R","$","R","B",null,"M","?","M","?","M","E","?","R","T","M","E","R","M","M","R","B"],"character_chosen":"IRONCLAD","items_purchased":["Omamori"],"campfire_rested":3,"item_purchase_floors":[12],"current_hp_per_floor":[74,74,75,64,64,70,75,62,62,55,55,55,55,55,75,23,62,35,35,41,85,75,63,63,63,63,47,15,40,27,27,52,0,0],"gold":246,"neow_bonus":"THREE_ENEMY_KILL","is_daily":false,"chose_seed":false,"campfire_upgraded":3,"win_rate":0.0,"timestamp":1609388928,"path_taken":["M","?","?","?","?","E","M","E","T","M","R","?","R","?","R","BOSS","M","?","M","?","?","E","?","R","T","M","E","R","M","M","R","BOSS"],"items_purchased_type":["Relic"],"build_version":"2020-12-22","purchased_purges":2,"victory":false,"max_hp_per_floor":[75,75,75,75,75,75,75,75,75,75,75,75,75,75,75,75,75,75,75,75,85,85,85,85,85,85,85,85,85,85,85,85,85,85],"card_choices":[{"not_picked":["Uppercut","Heavy Blade"],"picked":"Inflame","floor":1.0},{"not_picked":["Cleave","Anger"],"picked":"Sword Boomerang","floor":3.0},{"not_picked":["Headbutt","Inflame"],"picked":"Fiend Fire","floor":6.0},{"not_picked":["Twin Strike","Pommel Strike"],"picked":"Rampage","floor":7.0},{"not_picked":["Sever Soul+1","Intimidate","Headbutt+1"],"picked":"SKIP","floor":8.0},{"not_picked":["Twin Strike+1","Cleave+1"],"picked":"Seeing Red","floor":10.0},{"not_picked":["Juggernaut","Impervious"],"picked":"Limit Break","floor":16.0},{"not_picked":["Perfected Strike+1","Metallicize"],"picked":"Battle Trance","floor":18.0},{"not_picked":["Pommel Strike+1","Hemokinesis+1"],"picked":"Uppercut+1","floor":20.0},{"not_picked":["Cleave+1","Whirlwind+1"],"picked":"Thunderclap+1","floor":22.0},{"not_picked":["Fire Breathing","True Grit"],"picked":"Hemokinesis+1","floor":23.0},{"not_picked":["Dropkick+1","Perfected Strike+1"],"picked":"Exhume","floor":27.0},{"not_picked":["Twin Strike+1","Havoc","Clothesline+1"],"picked":"SKIP","floor":28.0},{"not_picked":["Warcry","Flex"],"picked":"Dual Wield+1","floor":30.0},{"not_picked":["Metallicize","Fire Breathing","Twin Strike+1"],"picked":"SKIP","floor":31.0}],"player_experience":350229,"relics_obtained":[{"floor":6.0,"key":"War Paint"},{"floor":8.0,"key":"Molten Egg 2"},{"floor":9.0,"key":"Ornamental Fan"},{"floor":23.0,"key":"Peace Pipe"},{"floor":26.0,"key":"Blue Candle"},{"floor":28.0,"key":"MawBank"}],"event_choices":[{"cards_removed":["Strike_R"],"damage_healed":0.0,"max_hp_gain":0.0,"max_hp_loss":0.0,"gold_gain":0.0,"event_name":"Purifier","player_choice":"Purged","floor":2.0,"gold_loss":0.0,"damage_taken":0.0},{"damage_healed":0.0,"max_hp_gain":0.0,"max_hp_loss":0.0,"gold_gain":0.0,"event_name":"Scrap Ooze","player_choice":"Success","floor":4.0,"gold_loss":0.0,"damage_taken":11.0,"relics_obtained":["Mummified Hand"]},{"damage_healed":0.0,"max_hp_gain":0.0,"max_hp_loss":0.0,"gold_gain":150.0,"event_name":"Liars Game","player_choice":"AGREE","floor":5.0,"gold_loss":0.0,"damage_taken":0.0,"cards_obtained":["Doubt"]},{"cards_removed":["Strike_R"],"damage_healed":0.0,"max_hp_gain":0.0,"max_hp_loss":0.0,"gold_gain":0.0,"event_name":"Back to Basics","player_choice":"Elegance","floor":19.0,"gold_loss":0.0,"damage_taken":0.0},{"cards_removed":["Fiend Fire"],"damage_healed":34.0,"max_hp_gain":10.0,"max_hp_loss":0.0,"gold_gain":0.0,"event_name":"Bonfire Elementals","player_choice":"Offered Rare","floor":21.0,"gold_loss":0.0,"damage_taken":0.0},{"damage_healed":0.0,"max_hp_gain":0.0,"max_hp_loss":0.0,"gold_gain":0.0,"event_name":"WeMeetAgain","player_choice":"Paid Gold","floor":24.0,"gold_loss":68.0,"damage_taken":0.0,"relics_obtained":["Self Forming Clay"]}],"is_beta":false,"boss_relics":[{"not_picked":["Sozu","Runic Dome"],"picked":"Cursed Key"}],"items_purged_floors":[12,14],"is_endless":false,"potions_floor_spawned":[1,3,18,20,27,30],"killed_by":"Champ","ascension_level":17}}