{"host":"644z1j61xspvblw3","time":1609378113,"event":{"mods":["AchievementEnabler","BaseMod","Best Route Mod","Better Altar","Better Match","Better Note","Better Sensory Stone","Better Skull","Better Third Choice","BetterRewards","Block Reminder","Colored Map","Colored Powertips","Curses Come First","Downfall","Hermit","Minty Spire (QoL Compilation)","Rare Cards Sparkle","StSLib","The Hierophant","The Runesmith","TheBandit","Uncapped"],"gold_per_floor":[117,127,127,202,202,202,152,152,177,212,232,82,107,120,120,225,225,239,239,239,239,50,80,80,114,114,114,133,133,133,133,133],"floor_reached":31,"playtime":3055,"items_purged":["Strike_B","Strike_B+1"],"score":307,"play_id":"87cc673f-7304-494d-879f-78d9a3284528","local_time":"20201230162833","is_ascension_mode":true,"campfire_choices":[{"data":"Sunder","floor":6.0,"key":"SMITH"},{"data":"Zap","floor":8.0,"key":"SMITH"},{"data":"Fusion","floor":15,"key":"SMITH"},{"floor":24,"key":"REST"},{"floor":27,"key":"REST"}],"circlet_count":0,"master_deck":["Strike_B+1","Defend_B","Defend_B","Defend_B","Zap+1","Dualcast","BootSequence","Sunder+1","Apotheosis+1","Fusion+1","Streamline","Capacitor","Self Repair","Amplify","Loop","Defragment","Ball Lightning","Hello World","Cold Snap+1","Undo","Echo Form"],"relics":["Cracked Core","NeowsBlessing","MealTicket","Lizard Tail","Whetstone","Nuclear Battery","Blood Vial","Anchor","Pen Nib","Bag of Preparation","betterThird:NestCultRelic"],"acts_visited":["Exordium","TheCity"],"potions_floor_usage":[25,31,31],"damage_taken":[{"damage":0.0,"enemies":"Cultist","floor":1.0,"turns":1.0},{"damage":0.0,"enemies":"Small Slimes","floor":2.0,"turns":1.0},{"damage":0.0,"enemies":"Gremlin Nob","floor":10.0,"turns":1.0},{"damage":0.0,"enemies":"2 Louse","floor":11.0,"turns":3.0},{"damage":0.0,"enemies":"Looter","floor":14.0,"turns":2.0},{"damage":2,"enemies":"Slime Boss","floor":16,"turns":6},{"damage":18,"enemies":"Shell Parasite","floor":18,"turns":6},{"damage":50,"enemies":"Book of Stabbing","floor":23,"turns":5},{"damage":76,"enemies":"Gremlin Leader","floor":25,"turns":7},{"damage":9,"enemies":"Spheric Guardian","floor":28,"turns":4},{"damage":46,"enemies":"Slavers","floor":31,"turns":6}],"seed_played":"-7374498622402170533","potions_obtained":[{"floor":1.0,"key":"LiquidBronze"},{"floor":10.0,"key":"CultistPotion"},{"floor":25,"key":"Dexterity Potion"},{"floor":28,"key":"champ:CounterPotion"}],"is_trial":false,"path_per_floor":["M","M","?","?","?","R","?","R","T","E","M","$","T","M","R","B",null,"M","?","?","?","$","E","R","E","T","R","M","?","?","E"],"character_chosen":"DEFECT","items_purchased":["Capacitor","Defragment","Ball Lightning"],"campfire_rested":2,"item_purchase_floors":[12,22,22],"current_hp_per_floor":[75,75,68,57,57,57,57,57,57,57,57,72,72,72,72,75,75,75,75,75,55,70,29,51,38,38,60,53,53,38,0,0],"gold":133,"neow_bonus":"THREE_ENEMY_KILL","is_daily":false,"chose_seed":false,"campfire_upgraded":3,"win_rate":0.0,"timestamp":1609378113,"path_taken":["M","M","?","?","?","R","?","R","T","E","M","?","?","?","R","BOSS","M","?","?","?","$","E","R","E","T","R","M","?","?","E"],"items_purchased_type":["Card","Card","Card"],"build_version":"2020-12-22","purchased_purges":2,"victory":false,"max_hp_per_floor":[75,75,75,75,75,75,75,75,75,75,75,75,75,75,75,75,75,75,75,75,75,75,75,75,75,75,75,75,75,75,75,75],"card_choices":[{"not_picked":["Aggregate","Turbo"],"picked":"BootSequence","floor":1.0},{"not_picked":["Sweeping Beam","Go for the Eyes"],"picked":"Sunder","floor":2.0},{"not_picked":["Biased Cognition","Barrage"],"picked":"Fusion","floor":10.0},{"not_picked":["Hologram","Rebound"],"picked":"Streamline","floor":11.0},{"not_picked":["Go for the Eyes","Compile Driver"],"picked":"Self Repair","floor":14.0},{"not_picked":["Seek","Machine Learning"],"picked":"Amplify","floor":16},{"not_picked":["Coolheaded","Rebound"],"picked":"Loop","floor":18},{"not_picked":["White Noise","Beam Cell"],"picked":"Hello World","floor":23},{"not_picked":["Stack","Reprogram"],"picked":"Cold Snap+1","floor":25},{"not_picked":["Reprogram","FTL+1"],"picked":"Undo","floor":28}],"player_experience":138525,"relics_obtained":[{"floor":9.0,"key":"MealTicket"},{"floor":10.0,"key":"Lizard Tail"},{"floor":13.0,"key":"Whetstone"},{"floor":23,"key":"Anchor"},{"floor":25,"key":"Pen Nib"},{"floor":26,"key":"Bag of Preparation"}],"event_choices":[{"cards_removed":["Strike_B"],"damage_healed":0.0,"max_hp_gain":0.0,"max_hp_loss":0.0,"gold_gain":0.0,"event_name":"Golden Wing","player_choice":"Card Removal","floor":3.0,"gold_loss":0.0,"damage_taken":7.0},{"damage_healed":0.0,"max_hp_gain":0.0,"max_hp_loss":0.0,"gold_gain":75.0,"event_name":"betterThird:BetterGoop","player_choice":"Gold","floor":4.0,"gold_loss":0.0,"damage_taken":11.0},{"damage_healed":57.0,"max_hp_gain":0.0,"max_hp_loss":75.0,"gold_gain":0.0,"event_name":"betterThird:BetterShining","player_choice":"Embrace","floor":5.0,"gold_loss":0.0,"damage_taken":0.0},{"cards_removed":["Defend_B"],"damage_healed":0.0,"max_hp_gain":0.0,"max_hp_loss":0.0,"gold_gain":0.0,"event_name":"The Cleric","player_choice":"Card Removal","floor":7.0,"gold_loss":50.0,"damage_taken":0.0},{"damage_healed":0,"gold_gain":0,"player_choice":"Ignored","damage_taken":0,"max_hp_gain":0,"max_hp_loss":0,"event_name":"Ghosts","floor":19,"gold_loss":0},{"damage_healed":0,"gold_gain":0,"player_choice":"Ignored","damage_taken":0,"max_hp_gain":0,"max_hp_loss":0,"event_name":"Vampires","floor":20,"gold_loss":0},{"damage_healed":0,"gold_gain":0,"player_choice":" Vial ","damage_taken":20,"relics_obtained":["Blood Vial"],"max_hp_gain":75,"max_hp_loss":55,"event_name":"betterAltar:BetterAltar","floor":21,"potions_obtained":[],"relics_lost":[],"gold_loss":0},{"damage_healed":0,"gold_gain":0,"player_choice":"Madness","damage_taken":0,"relics_obtained":["betterThird:NestCultRelic"],"max_hp_gain":0,"max_hp_loss":0,"event_name":"betterThird:BetterNest","floor":29,"gold_loss":0},{"damage_healed":0,"gold_gain":2,"player_choice":"2","damage_taken":0,"max_hp_gain":0,"max_hp_loss":15,"event_name":"betterStone:BetterStone","floor":30,"gold_loss":0}],"is_beta":false,"boss_relics":[{"not_picked":["Velvet Choker","Runic Dome"],"picked":"Nuclear Battery"}],"items_purged_floors":[12,22],"is_endless":false,"potions_floor_spawned":[1,10,25,28],"killed_by":"Slavers","ascension_level":1}}