{"host":"x3q4ieql2tr7v8o6","time":1609418446,"event":{"mods":["BaseMod","Better Altar","Better Note","Better Sensory Stone","Better Skull","Better Third Choice","Colored Map","Minty Spire (QoL Compilation)","StSLib"],"gold_per_floor":[367,378,396,0,0,25,25,38,83,101,119,135,135,152,152,226,226,236,236,254,204,204,224,224,244,244,244,244,261,35,66,66,139,139,152,152,168,187,204,229,229,229,254,254,254,269,269,269],"floor_reached":47,"playtime":1640,"items_purged":["Strike_R"],"score":893,"play_id":"6b209250-b678-4767-b2fc-8e778b3c1768","local_time":"20201231124046","is_ascension_mode":true,"campfire_choices":[{"data":"Heavy Blade","floor":7,"key":"SMITH"},{"floor":13,"key":"REST"},{"data":"Berserk","floor":15,"key":"SMITH"},{"data":"Corruption","floor":24,"key":"SMITH"},{"data":"Madness","floor":28,"key":"SMITH"},{"data":"Barricade","floor":32,"key":"SMITH"},{"data":"Armaments","floor":42,"key":"SMITH"},{"floor":45,"key":"RECALL"}],"circlet_count":0,"master_deck":["AscendersBane","Strike_R+1","Strike_R+1","Strike_R+1","Strike_R+1","Defend_R+1","Defend_R+1","Defend_R+1","Defend_R+1","Bash+1","Pommel Strike+1","Headbutt+1","Feel No Pain+1","Heavy Blade+1","Headbutt+1","Berserk+1","Shrug It Off+1","Shrug It Off+1","Cleave+1","Corruption+1","Twin Strike+1","Pummel+1","Heavy Blade+1","Body Slam+1","Flash of Steel+1","Madness+1","Barricade+1","Reaper+1","Double Tap+1","Bandage Up+1","Perfected Strike+1","Armaments+1","Sever Soul+1","Madness+1","Madness+1"],"relics":["Burning Blood","Brimstone","Kunai","FaceOfCleric","Eternal Feather","Bronze Scales","Busted Crown","Happy Flower","Art of War","Omamori","Charon\u0027s Ashes","Coffee Dripper","Toy Ornithopter","Juzu Bracelet","Mark of the Bloom"],"acts_visited":["Exordium","TheCity","TheBeyond"],"potions_floor_usage":[12,16,29,33,33,39,40],"damage_taken":[{"damage":1,"enemies":"Cultist","floor":1,"turns":4},{"damage":14,"enemies":"2 Louse","floor":2,"turns":3},{"damage":2,"enemies":"Jaw Worm","floor":3,"turns":3},{"damage":37,"enemies":"Lagavulin","floor":6,"turns":5},{"damage":7,"enemies":"Looter","floor":8,"turns":2},{"damage":17,"enemies":"3 Louse","floor":10,"turns":2},{"damage":9,"enemies":"Blue Slaver","floor":11,"turns":2},{"damage":6,"enemies":"Gremlin Gang","floor":12,"turns":3},{"damage":12,"enemies":"Lots of Slimes","floor":14,"turns":4},{"damage":26,"enemies":"The Guardian","floor":16,"turns":6},{"damage":6,"enemies":"Chosen","floor":18,"turns":2},{"damage":1,"enemies":"3 Byrds","floor":20,"turns":3},{"damage":7,"enemies":"Snecko","floor":23,"turns":3},{"damage":13,"enemies":"Sentry and Sphere","floor":25,"turns":3},{"damage":14,"enemies":"Snake Plant","floor":29,"turns":2},{"damage":16,"enemies":"Gremlin Leader","floor":31,"turns":4},{"damage":8,"enemies":"Collector","floor":33,"turns":5},{"damage":32,"enemies":"Orb Walker","floor":35,"turns":3},{"damage":2,"enemies":"3 Shapes","floor":37,"turns":3},{"damage":50,"enemies":"Spire Growth","floor":38,"turns":4},{"damage":15,"enemies":"Transient","floor":39,"turns":5},{"damage":45,"enemies":"Reptomancer","floor":40,"turns":4},{"damage":28,"enemies":"Writhing Mass","floor":46,"turns":4},{"damage":56,"enemies":"Nemesis","floor":47,"turns":4}],"seed_played":"4684395076169206660","potions_obtained":[{"floor":2,"key":"ElixirPotion"},{"floor":10,"key":"SteroidPotion"},{"floor":12,"key":"Block Potion"},{"floor":16,"key":"DuplicationPotion"},{"floor":18,"key":"FearPotion"},{"floor":25,"key":"Block Potion"},{"floor":31,"key":"Regen Potion"},{"floor":37,"key":"Strength Potion"},{"floor":38,"key":"Regen Potion"},{"floor":39,"key":"PowerPotion"}],"is_trial":false,"path_per_floor":["M","M","M","$","?","E","R","M","T","M","M","M","R","M","R","B",null,"M","?","M","?","?","M","R","M","T","?","R","M","$","E","R","B",null,"M","?","M","M","M","E","?","R","T","?","R","M","E"],"character_chosen":"IRONCLAD","items_purchased":["Brimstone","Kunai","Omamori"],"campfire_rested":1,"item_purchase_floors":[4,4,30],"current_hp_per_floor":[55,47,51,51,51,21,30,30,30,20,18,19,52,47,59,40,72,73,73,79,79,79,79,85,79,79,79,86,79,79,70,85,89,89,64,64,91,62,73,69,57,78,78,78,78,50,0,0],"gold":269,"neow_bonus":"TWO_FIFTY_GOLD","is_daily":false,"chose_seed":false,"campfire_upgraded":6,"win_rate":0.0,"timestamp":1609418446,"path_taken":["M","?","M","$","?","E","R","M","T","?","?","?","R","M","R","BOSS","M","?","?","?","?","?","R","?","T","?","R","M","$","E","R","BOSS","M","?","?","M","M","E","?","R","T","?","R","M","E"],"items_purchased_type":["Relic","Relic","Relic"],"build_version":"2020-12-22","purchased_purges":1,"victory":false,"max_hp_per_floor":[75,75,75,75,75,76,76,77,77,78,79,80,80,81,81,82,82,83,83,84,84,84,85,85,86,86,86,86,87,87,88,88,89,89,90,90,91,92,93,94,94,94,94,94,94,95,95,95],"card_choices":[{"not_picked":["Havoc","Heavy Blade"],"picked":"Pommel Strike","floor":1},{"not_picked":["Thunderclap","Heavy Blade"],"picked":"Headbutt","floor":2},{"not_picked":["Sword Boomerang","Sever Soul"],"picked":"Feel No Pain","floor":3},{"not_picked":["Bloodletting","Metallicize"],"picked":"Heavy Blade","floor":6},{"not_picked":["Clash","Bloodletting"],"picked":"Headbutt","floor":8},{"not_picked":["Dropkick","Flex"],"picked":"Berserk","floor":10},{"not_picked":["Evolve","Thunderclap"],"picked":"Shrug It Off","floor":11},{"not_picked":["Pommel Strike","Havoc"],"picked":"Shrug It Off","floor":12},{"not_picked":["Clash","Dark Embrace"],"picked":"Cleave","floor":14},{"not_picked":["Exhume","Immolate"],"picked":"Corruption","floor":16},{"not_picked":[],"picked":"Twin Strike","floor":18},{"not_picked":[],"picked":"Pummel+1","floor":20},{"not_picked":["Warcry"],"picked":"SKIP","floor":23},{"not_picked":[],"picked":"Body Slam","floor":25},{"not_picked":[],"picked":"Flash of Steel","floor":27},{"not_picked":[],"picked":"Madness","floor":27},{"not_picked":["Cleave"],"picked":"SKIP","floor":29},{"not_picked":[],"picked":"Barricade","floor":31},{"not_picked":[],"picked":"Reaper","floor":33},{"not_picked":["Iron Wave"],"picked":"SKIP","floor":35},{"not_picked":[],"picked":"Perfected Strike+1","floor":37},{"not_picked":[],"picked":"Armaments","floor":38},{"not_picked":["Cleave"],"picked":"SKIP","floor":39},{"not_picked":[],"picked":"Sever Soul","floor":40},{"not_picked":["Hemokinesis+1"],"picked":"SKIP","floor":46}],"player_experience":694382,"relics_obtained":[{"floor":6,"key":"Eternal Feather"},{"floor":9,"key":"Bronze Scales"},{"floor":26,"key":"Art of War"},{"floor":31,"key":"Charon\u0027s Ashes"},{"floor":40,"key":"Toy Ornithopter"},{"floor":43,"key":"Juzu Bracelet"}],"event_choices":[{"damage_healed":0,"gold_gain":0,"player_choice":"Trade","damage_taken":0,"relics_obtained":["FaceOfCleric"],"max_hp_gain":0,"max_hp_loss":0,"event_name":"FaceTrader","floor":5,"gold_loss":0},{"damage_healed":0,"gold_gain":0,"player_choice":"Gave Potion","damage_taken":0,"relics_obtained":["Happy Flower"],"max_hp_gain":0,"max_hp_loss":0,"event_name":"WeMeetAgain","floor":19,"gold_loss":0},{"damage_healed":0,"gold_gain":0,"player_choice":"Bet on Owner","damage_taken":0,"max_hp_gain":0,"max_hp_loss":0,"event_name":"The Joust","floor":21,"gold_loss":50},{"damage_healed":0,"gold_gain":0,"player_choice":"Copied","damage_taken":0,"max_hp_gain":0,"max_hp_loss":0,"event_name":"Duplicator","floor":22,"gold_loss":0,"cards_obtained":["Heavy Blade"]},{"damage_healed":0,"gold_gain":2,"player_choice":"1","damage_taken":0,"max_hp_gain":0,"max_hp_loss":0,"event_name":"betterStone:BetterStone","floor":27,"gold_loss":0},{"damage_healed":0,"gold_gain":0,"player_choice":"Random: Orange","damage_taken":0,"max_hp_gain":0,"max_hp_loss":0,"event_name":"betterThird:BetterPortal","floor":36,"gold_loss":0},{"damage_healed":0,"gold_gain":0,"player_choice":"2 cards matched","damage_taken":0,"max_hp_gain":0,"max_hp_loss":0,"event_name":"Match and Keep!","floor":36,"gold_loss":0,"cards_obtained":["Double Tap","Bandage Up"]},{"damage_healed":0,"gold_gain":0,"player_choice":"Embrace Madness","damage_taken":12,"max_hp_gain":0,"max_hp_loss":0,"event_name":"Winding Halls","floor":41,"gold_loss":0,"cards_obtained":["Madness","Madness"]},{"damage_healed":0,"gold_gain":0,"player_choice":"Upgrade","damage_taken":0,"relics_obtained":["Mark of the Bloom"],"max_hp_gain":0,"max_hp_loss":0,"event_name":"MindBloom","floor":44,"gold_loss":0,"cards_upgraded":["Strike_R","Strike_R","Strike_R","Strike_R","Defend_R","Defend_R","Defend_R","Defend_R","Bash","Pommel Strike","Headbutt","Feel No Pain","Headbutt","Shrug It Off","Shrug It Off","Cleave","Twin Strike","Body Slam","Flash of Steel","Reaper","Double Tap","Bandage Up","Sever Soul","Madness","Madness"]}],"is_beta":false,"boss_relics":[{"not_picked":["Runic Pyramid","Empty Cage"],"picked":"Busted Crown"},{"not_picked":["Runic Dome","SlaversCollar"],"picked":"Coffee Dripper"}],"items_purged_floors":[30],"is_endless":false,"potions_floor_spawned":[2,10,12,16,18,25,31,37,38,39],"killed_by":"Nemesis","ascension_level":14}}