{"host":"zh52cun1g5egmafn","time":1609425973,"event":{"mods":["BaseMod","DeckTracker","Highlight Path","Minty Spire (QoL Compilation)"],"gold_per_floor":[111,111,30,40,40,40,80,80,80,80,127,127,52,65,65,191,191,210,230,230,0,0,0],"floor_reached":22,"playtime":438,"items_purged":["Strike_R","Defend_R"],"score":230,"play_id":"5ea19838-b9f8-4b9e-b03c-6919e286e842","local_time":"20201231234613","is_ascension_mode":false,"campfire_choices":[{"data":"Fire Breathing","floor":6.0,"key":"SMITH"},{"data":"Wild Strike","floor":10,"key":"SMITH"},{"data":"Fire Breathing","floor":12,"key":"SMITH"},{"data":"Dark Embrace","floor":15,"key":"SMITH"}],"circlet_count":0,"master_deck":["Defend_R","Defend_R","Defend_R","Bash","Fire Breathing+1","Fire Breathing+1","Wild Strike+1","Dark Embrace+1","Wild Strike","Bite","Bite","Bite","Bite","Bite","Shrug It Off"],"relics":["Burning Blood","NeowsBlessing","Golden Idol","White Beast Statue","Eternal Feather","Ancient Tea Set","SlaversCollar","Membership Card"],"acts_visited":["Exordium","TheCity"],"potions_floor_usage":[],"damage_taken":[{"damage":0.0,"enemies":"Jaw Worm","floor":1.0,"turns":1.0},{"damage":0.0,"enemies":"2 Louse","floor":4.0,"turns":1.0},{"damage":0.0,"enemies":"3 Sentries","floor":7.0,"turns":2.0},{"damage":0,"enemies":"Small Slimes","floor":14,"turns":2},{"damage":43,"enemies":"The Guardian","floor":16,"turns":10},{"damage":30,"enemies":"2 Thieves","floor":18,"turns":4},{"damage":46,"enemies":"Shell Parasite","floor":19,"turns":7},{"damage":19,"enemies":"Shelled Parasite and Fungi","floor":22,"turns":3}],"seed_played":"4188220747640852285","potions_obtained":[{"floor":4.0,"key":"Explosive Potion"},{"floor":14,"key":"SpeedPotion"},{"floor":16,"key":"DistilledChaos"},{"floor":18,"key":"Dexterity Potion"},{"floor":19,"key":"CultistPotion"}],"is_trial":false,"path_per_floor":["M","?","$","M","?","R","E","?","T","R","T","R","$","M","R","B",null,"M","M","?","$","M"],"character_chosen":"IRONCLAD","items_purchased":["Fire Breathing","Membership Card","Shrug It Off"],"campfire_rested":0,"item_purchase_floors":[3,21,21],"current_hp_per_floor":[80,80,80,80,60,60,66,66,66,72,72,78,78,80,80,43,80,56,16,16,16,5,5],"gold":0,"neow_bonus":"THREE_ENEMY_KILL","is_daily":false,"chose_seed":false,"campfire_upgraded":4,"win_rate":0.0,"timestamp":1609425973,"path_taken":["M","?","$","M","?","R","E","?","T","R","?","R","$","M","R","BOSS","M","M","?","$","M"],"items_purchased_type":["Card","Relic","Card"],"build_version":"2020-12-22","purchased_purges":2,"victory":false,"max_hp_per_floor":[80,80,80,80,80,80,80,80,80,80,80,80,80,80,80,80,80,80,80,56,56,56,56],"card_choices":[{"not_picked":["Wild Strike","Havoc","Perfected Strike"],"picked":"SKIP","floor":1.0},{"not_picked":["Clothesline","Body Slam"],"picked":"Fire Breathing","floor":4.0},{"not_picked":["Uppercut","Bloodletting"],"picked":"Wild Strike","floor":7.0},{"not_picked":["Headbutt","Sword Boomerang"],"picked":"Dark Embrace","floor":14},{"not_picked":["Flex","Combust","Sever Soul"],"picked":"SKIP","floor":18},{"not_picked":["Warcry","Combust"],"picked":"Wild Strike","floor":19}],"player_experience":119963,"relics_obtained":[{"floor":7.0,"key":"White Beast Statue"},{"floor":9,"key":"Eternal Feather"},{"floor":11,"key":"Ancient Tea Set"}],"event_choices":[{"damage_healed":0.0,"max_hp_gain":0.0,"max_hp_loss":0.0,"gold_gain":0.0,"event_name":"Shining Light","player_choice":"Ignored","floor":2.0,"gold_loss":0.0,"damage_taken":0.0},{"damage_healed":0.0,"max_hp_gain":0.0,"max_hp_loss":0.0,"gold_gain":0.0,"event_name":"Golden Idol","player_choice":"Take Damage","floor":5.0,"gold_loss":0.0,"damage_taken":20.0,"relics_obtained":["Golden Idol"]},{"damage_healed":0,"gold_gain":0,"player_choice":"Searched \u00270\u0027 times","damage_taken":0,"max_hp_gain":0,"max_hp_loss":0,"event_name":"Dead Adventurer","floor":8,"gold_loss":0},{"damage_healed":0,"gold_gain":0,"player_choice":"Became a vampire","damage_taken":0,"max_hp_gain":0,"max_hp_loss":24,"event_name":"Vampires","floor":20,"gold_loss":0,"cards_obtained":["Bite","Bite","Bite","Bite","Bite"]}],"is_beta":false,"boss_relics":[{"not_picked":["Snecko Eye","Tiny House"],"picked":"SlaversCollar"}],"items_purged_floors":[13,21],"is_endless":false,"potions_floor_spawned":[4,14,16,18,19],"killed_by":"Shelled Parasite and Fungi","ascension_level":0}}