{"host":"52zmxm0oht7x0uft","time":1609437437,"event":{"mods":["AchievementEnabler","BaseMod","Minty Spire (QoL Compilation)","Quick Restart"],"gold_per_floor":[116,133,58,58,77,77,88,121,145,145,161,172,184,200,200,303,303,313,313,313,313,70,70,70,70],"floor_reached":24,"playtime":832,"items_purged":["Strike_R","Regret"],"score":268,"play_id":"c579b793-ec5f-4c39-aac0-80d07527a5bd","local_time":"20201231185717","is_ascension_mode":true,"campfire_choices":[{"data":"Flex","floor":6,"key":"SMITH"},{"data":"Feed","floor":10,"key":"SMITH"},{"data":"Demon Form","floor":15,"key":"SMITH"},{"data":"Disarm","floor":23,"key":"SMITH"}],"circlet_count":0,"master_deck":["Strike_R","Strike_R","Defend_R","Defend_R","Defend_R","Bash","Flex+1","Feed+1","Hemokinesis","Spot Weakness","Demon Form+1","Ghostly Armor","Uppercut+1","Ghostly Armor+1","Clash+1","Disarm+1"],"relics":["Burning Blood","Blood Vial","Akabeko","Tiny Chest","Oddly Smooth Stone","Astrolabe","MutagenicStrength","Nilry\u0027s Codex","Sling"],"acts_visited":["Exordium","TheCity"],"potions_floor_usage":[8,16,24],"damage_taken":[{"damage":0,"enemies":"Small Slimes","floor":1,"turns":3},{"damage":14,"enemies":"Jaw Worm","floor":2,"turns":5},{"damage":4,"enemies":"2 Louse","floor":5,"turns":2},{"damage":18,"enemies":"Exordium Thugs","floor":7,"turns":6},{"damage":3,"enemies":"Gremlin Nob","floor":8,"turns":2},{"damage":10,"enemies":"Exordium Wildlife","floor":11,"turns":3},{"damage":18,"enemies":"Large Slime","floor":12,"turns":3},{"damage":12,"enemies":"Exordium Thugs","floor":13,"turns":3},{"damage":16,"enemies":"Red Slaver","floor":14,"turns":4},{"damage":54,"enemies":"The Guardian","floor":16,"turns":7},{"damage":36,"enemies":"Spheric Guardian","floor":18,"turns":6},{"damage":44,"enemies":"Book of Stabbing","floor":24,"turns":5}],"seed_played":"3302185224398548695","potions_obtained":[{"floor":5,"key":"FearPotion"},{"floor":7,"key":"AttackPotion"},{"floor":12,"key":"FearPotion"},{"floor":14,"key":"DuplicationPotion"},{"floor":18,"key":"DuplicationPotion"}],"is_trial":false,"path_per_floor":["M","M","$","?","M","R","M","E","T","R","M","M","M","M","R","B",null,"M","?","?","?","$","R","E"],"character_chosen":"IRONCLAD","items_purchased":["Sling"],"campfire_rested":0,"item_purchase_floors":[22],"current_hp_per_floor":[80,72,72,72,76,76,66,71,71,71,73,63,59,55,55,9,88,58,58,58,42,42,42,0,0],"gold":70,"neow_bonus":"RANDOM_COMMON_RELIC","is_daily":false,"chose_seed":false,"campfire_upgraded":4,"win_rate":0.0,"timestamp":1609437437,"path_taken":["M","M","$","?","M","R","M","E","T","R","M","M","M","M","R","BOSS","M","?","?","?","$","R","E"],"items_purchased_type":["Relic"],"build_version":"2020-12-22","purchased_purges":2,"victory":false,"max_hp_per_floor":[80,80,80,80,80,80,80,80,80,80,84,84,84,88,88,88,88,88,88,88,88,88,88,88,88],"card_choices":[{"not_picked":["Twin Strike","Iron Wave"],"picked":"Flex","floor":1},{"not_picked":["Feel No Pain","Thunderclap","True Grit"],"picked":"SKIP","floor":2},{"not_picked":["Sword Boomerang","Anger","Shrug It Off"],"picked":"SKIP","floor":5},{"not_picked":["Carnage","Sword Boomerang"],"picked":"Feed","floor":7},{"not_picked":["Body Slam","Fiend Fire"],"picked":"Hemokinesis","floor":8},{"not_picked":["Dual Wield","Clash"],"picked":"Spot Weakness","floor":11},{"not_picked":["Iron Wave","Shrug It Off","Wild Strike"],"picked":"SKIP","floor":12},{"not_picked":["Shrug It Off","Intimidate"],"picked":"Demon Form","floor":13},{"not_picked":["Sword Boomerang","True Grit"],"picked":"Ghostly Armor","floor":14},{"not_picked":["Cleave","Havoc","Shrug It Off"],"picked":"SKIP","floor":18}],"player_experience":347071,"relics_obtained":[{"floor":8,"key":"Tiny Chest"},{"floor":9,"key":"Oddly Smooth Stone"},{"floor":21,"key":"Nilry\u0027s Codex"}],"event_choices":[{"damage_healed":0,"gold_gain":0,"player_choice":"Box","damage_taken":0,"relics_obtained":["Akabeko"],"max_hp_gain":0,"max_hp_loss":0,"event_name":"Big Fish","floor":4,"gold_loss":0,"cards_obtained":["Regret"]},{"damage_healed":0,"gold_gain":0,"player_choice":"Inject Mutagens","damage_taken":0,"relics_obtained":["MutagenicStrength"],"max_hp_gain":0,"max_hp_loss":0,"event_name":"Drug Dealer","floor":19,"gold_loss":0},{"damage_healed":0,"gold_gain":0,"player_choice":"Read","damage_taken":0,"max_hp_gain":0,"max_hp_loss":0,"event_name":"The Library","floor":20,"gold_loss":0,"cards_obtained":["Disarm"]},{"damage_healed":0,"gold_gain":0,"player_choice":"Obtained Book","damage_taken":16,"max_hp_gain":0,"max_hp_loss":0,"event_name":"Cursed Tome","floor":21,"gold_loss":0}],"is_beta":false,"boss_relics":[{"not_picked":["Sozu","Calling Bell"],"picked":"Astrolabe"}],"items_purged_floors":[3,22],"is_endless":false,"potions_floor_spawned":[5,7,12,14,18],"killed_by":"Book of Stabbing","ascension_level":4}}