{"host":"873t0y8ybyo38pfq","time":1609436808,"event":{"mods":["BaseMod","Bestiary","Colored Map","Colored Powertips","Highlight Path","Minty Spire (QoL Compilation)","Quick Restart","RNG Fix","Rare Cards Sparkle","Relic Stats","StSLib"],"gold_per_floor":[111,58,158,168,168,202,222,222,222,240,240,240],"floor_reached":11,"playtime":292,"items_purged":[],"score":146,"play_id":"57d8f4f2-95d3-45ba-9c92-046bdffcd696","local_time":"20201231124648","is_ascension_mode":true,"campfire_choices":[{"floor":8,"key":"REST"}],"circlet_count":0,"master_deck":["AscendersBane","Strike_B+1","Strike_B","Strike_B","Strike_B","Defend_B","Defend_B","Defend_B","Defend_B","Zap","Dualcast","Reprogram","Scrape+1","Hologram","Gash","All For One"],"relics":["Cracked Core","Ginger","Ancient Tea Set","Matryoshka"],"acts_visited":["Exordium"],"potions_floor_usage":[6,11],"damage_taken":[{"damage":2,"enemies":"Jaw Worm","floor":1,"turns":3},{"damage":0,"enemies":"Small Slimes","floor":4,"turns":2},{"damage":31,"enemies":"3 Sentries","floor":6,"turns":7},{"damage":0,"enemies":"2 Louse","floor":7,"turns":2},{"damage":0,"enemies":"Large Slime","floor":10,"turns":4},{"damage":41,"enemies":"Gremlin Nob","floor":11,"turns":3}],"seed_played":"-2252103913721793786","potions_obtained":[{"floor":7,"key":"LiquidBronze"}],"is_trial":false,"path_per_floor":["M","$","?","M","?","E","M","R","T","M","E"],"character_chosen":"DEFECT","items_purchased":["Explosive Potion"],"campfire_rested":1,"item_purchase_floors":[2],"current_hp_per_floor":[62,62,62,62,43,12,12,31,31,31,0,0],"gold":240,"neow_bonus":"ONE_RARE_RELIC","is_daily":false,"chose_seed":false,"campfire_upgraded":0,"win_rate":0.0,"timestamp":1609436808,"path_taken":["M","$","?","?","?","E","M","R","T","M","E"],"items_purchased_type":["Potion"],"build_version":"2020-12-22","purchased_purges":0,"victory":false,"max_hp_per_floor":[64,64,64,64,64,64,64,64,64,64,64,64],"relic_stats":{"counters":[6,21],"Ginger":[5],"obtain_stats":[{"Matryoshka":9,"Ginger":0,"Cracked Core":0,"Ancient Tea Set":6},{"Matryoshka":4,"Ginger":0,"Cracked Core":0,"Ancient Tea Set":3},{"Matryoshka":14,"Ginger":0,"Cracked Core":0,"Ancient Tea Set":12}]},"card_choices":[{"not_picked":["Consume","Barrage"],"picked":"Reprogram","floor":1},{"not_picked":["Turbo","Sunder"],"picked":"Scrape","floor":4},{"not_picked":["Cold Snap","Conserve Battery","Hologram"],"picked":"SKIP","floor":6},{"not_picked":["Cold Snap","Conserve Battery"],"picked":"Hologram","floor":6},{"not_picked":["Steam","Storm"],"picked":"Gash","floor":7},{"not_picked":["Cold Snap","Rip and Tear"],"picked":"All For One","floor":10}],"player_experience":1446037,"relics_obtained":[{"floor":6,"key":"Ancient Tea Set"},{"floor":9,"key":"Matryoshka"}],"event_choices":[{"damage_healed":0,"gold_gain":100,"player_choice":"Gold","damage_taken":0,"max_hp_gain":0,"max_hp_loss":0,"event_name":"Wheel of Change","floor":3,"gold_loss":0},{"damage_healed":0,"gold_gain":0,"player_choice":"Entered Light","damage_taken":19,"max_hp_gain":0,"max_hp_loss":0,"event_name":"Shining Light","floor":5,"gold_loss":0,"cards_upgraded":["Strike_B","Scrape"]}],"is_beta":false,"boss_relics":[],"items_purged_floors":[],"is_endless":false,"potions_floor_spawned":[7],"killed_by":"Gremlin Nob","ascension_level":20}}