{"host":"le69utka9ynaq64d","time":1609434904,"event":{"mods":["AchievementEnabler","Aspiration","BaseMod","Block Reminder","Conspire","Energized Spire","GifTheSpireLib","Halation","Hubris","Minty Spire (QoL Compilation)","Permanent Neow","Quick Restart","Replay The Spire","RiskOfSpire","StSLib","Stuff the Spire","The Forsaken","Trackpad","Uncapped","vexMod"],"gold_per_floor":[109,109,13,222,256,256,103,103,129,129,163,182,182,182,199,55,55,150,150,161,161,101,101,97,97,97],"floor_reached":25,"playtime":22762,"items_purged":[],"score":197,"play_id":"e75550dc-ef65-4142-8584-eaec817ef72f","local_time":"20201231121504","is_ascension_mode":false,"campfire_choices":[{"floor":6.0,"key":"REST"},{"floor":8.0,"key":"REST"},{"data":"theForsaken:SpinAttack","floor":10.0,"key":"SMITH"},{"floor":17.0,"key":"REST"}],"circlet_count":0,"master_deck":["theForsaken:TheForsaken_Strike","theForsaken:TheForsaken_Strike","theForsaken:TheForsaken_Strike","theForsaken:TheForsaken_Strike+1","theForsaken:TheForsaken_Defend","theForsaken:TheForsaken_Defend","theForsaken:TheForsaken_Defend","theForsaken:TheForsaken_Defend","theForsaken:Smite","theForsaken:Penitence","theForsaken:WordsOfMight","theForsaken:BlessedWeapon","theForsaken:HymnOfPatience","theForsaken:QuickAttack+1","theForsaken:WrathOfGod","theForsaken:ShieldCharge","theForsaken:Tranquility","theForsaken:SpinAttack+1","theForsaken:MagicWeapon","theForsaken:RainingSunlight","theForsaken:FountainOfLife"],"relics":["theForsaken:JudgementScales","Peace Pipe","trackpad:IceCube","Whetstone","energizedSpire:RedRose","halation:EternalFortune","riskOfSpire:BustlingFungus"],"acts_visited":["Exordium","TheCity"],"potions_floor_usage":[24],"damage_taken":[{"damage":0.0,"enemies":"conspire:RoseBush","floor":1.0,"turns":6.0},{"damage":7.0,"enemies":"2 Louse","floor":4.0,"turns":3.0},{"damage":9.0,"enemies":"conspire:MimicChest","floor":5.0,"turns":6.0},{"damage":17.0,"enemies":"Lagavulin","floor":11.0,"turns":9.0},{"damage":13.0,"enemies":"Cultist","floor":12.0,"turns":6.0},{"damage":8.0,"enemies":"Looter","floor":15.0,"turns":4.0},{"damage":20.0,"enemies":"The Guardian","floor":18.0,"turns":11.0},{"damage":23.0,"enemies":"Shell Parasite","floor":20.0,"turns":10.0},{"damage":30,"enemies":"3 Byrds","floor":24,"turns":9},{"damage":31,"enemies":"3 Cultists","floor":25,"turns":4}],"seed_played":"-6375272144767051527","potions_obtained":[{"floor":1.0,"key":"AttackPotion"},{"floor":5.0,"key":"Swift Potion"},{"floor":18.0,"key":"PowerPotion"}],"is_trial":true,"path_per_floor":["M","?","$","M","?","R","$","R","T","R","E","M","PTL","PTL","M","$","R","B",null,"M","?","?","?","M","M"],"character_chosen":"THE_FORSAKEN","items_purchased":["theForsaken:HymnOfPatience","theForsaken:QuickAttack","theForsaken:Tranquility","theForsaken:SpinAttack","Whetstone"],"campfire_rested":3,"item_purchase_floors":[3,3,7,7,16],"current_hp_per_floor":[65,65,65,25,16,35,35,54,54,54,37,24,24,24,19,19,38,21,65,44,47,47,47,25,0,0],"gold":97,"neow_bonus":"","is_daily":false,"chose_seed":false,"campfire_upgraded":1,"win_rate":0.0,"timestamp":1609434904,"path_taken":["M","?","$","M","?","R","$","R","T","R","E","M","PTL","PTL","M","?","R","BOSS","M","?","?","?","M","?"],"items_purchased_type":["Card","Card","Card","Card","Relic"],"build_version":"2020-12-22","purchased_purges":0,"victory":false,"max_hp_per_floor":[65,65,65,65,65,65,65,65,65,65,65,65,65,65,65,65,65,65,65,67,70,70,70,72,72,72],"card_choices":[{"not_picked":["theForsaken:AncientWords","theForsaken:ScorchingSunlight"],"picked":"theForsaken:WordsOfMight","floor":1.0},{"not_picked":["theForsaken:CreepingInfection","theForsaken:RainingSunlight"],"picked":"theForsaken:WrathOfGod","floor":4.0},{"not_picked":["theForsaken:BlessedWeapon","theForsaken:RainingSunlight"],"picked":"theForsaken:ShieldCharge","floor":5.0},{"not_picked":["theForsaken:ShieldCharge","theForsaken:CreepingInfection"],"picked":"theForsaken:MagicWeapon","floor":11.0},{"not_picked":["theForsaken:PanicDive","theForsaken:FatRoll"],"picked":"theForsaken:RainingSunlight","floor":12.0},{"not_picked":["theForsaken:BindingThorns","theForsaken:HymnOfPatience","theForsaken:RainingSunlight"],"picked":"SKIP","floor":15.0},{"not_picked":["theForsaken:CorruptedForm","theForsaken:SpreadingPlague"],"picked":"theForsaken:FountainOfLife","floor":18.0},{"not_picked":["theForsaken:NobleSacrifice","theForsaken:WordsOfPestilence","theForsaken:PanicDive"],"picked":"SKIP","floor":20.0}],"player_experience":397893,"relics_obtained":[{"floor":5.0,"key":"Peace Pipe"},{"floor":9.0,"key":"trackpad:IceCube"},{"floor":24,"key":"riskOfSpire:BustlingFungus"}],"event_choices":[{"damage_healed":0.0,"max_hp_gain":0.0,"max_hp_loss":0.0,"gold_gain":0.0,"event_name":"Match and Keep!","player_choice":"1 cards matched","floor":2.0,"gold_loss":0.0,"damage_taken":0.0,"cards_obtained":["theForsaken:BlessedWeapon"]}],"is_beta":false,"boss_relics":[{"not_picked":["Ring of Chaos","Pandora\u0027s Box"],"picked":"energizedSpire:RedRose"}],"items_purged_floors":[],"is_endless":true,"potions_floor_spawned":[1,5,18],"killed_by":"3 Cultists","ascension_level":0}}