{"host":"38maufg2dcy7va3m","time":1609401103,"event":{"mods":["Act Like it!","BaseMod","Downfall","Hubris","Infinite Spire","Minty Spire (QoL Compilation)","Replay The Spire","StSLib"],"gold_per_floor":[99,117,135,135,154,171,195,195,214,264,297,327,327,339,359,463,463,388,403,416,426,426,426,426,25,36,36,52,68,68,88,100,100,100,100],"floor_reached":33,"playtime":2703,"items_purged":["Regret"],"score":280,"play_id":"c2e64472-d050-4f55-9441-2e93d2e008f7","local_time":"20201230235143","is_ascension_mode":false,"campfire_choices":[{"floor":1,"key":"RECALL"},{"data":"hexamod:StepThrough","floor":8,"key":"SMITH"},{"data":"hexamod:HeatMetal","floor":18,"key":"SMITH"},{"floor":23,"key":"REST"},{"floor":30,"key":"REST"}],"circlet_count":0,"master_deck":["hexamod:Strike","hexamod:Strike","hexamod:Strike","hexamod:Strike","hexamod:Defend","hexamod:Defend","hexamod:Defend","hexamod:Defend","hexamod:Sear","hexamod:Float","hexamod:ShieldOfDarkness","hexamod:InspiringFlames","hexamod:Rewind","hexamod:StepThrough+1","hexamod:NightmareGuise","Amnesia","hexamod:VolcanoVisage+1","hexamod:HeatMetal+1","hexamod:AdvancingGuard","hexamod:TimeWarp","hexamod:PhantomFireball+1","hexamod:GhostOfSpirePresent","hexamod:RecurringNightmare","hexamod:GhostflameBarrier+1","hexamod:BurningTouch","hexamod:Incineration","hexamod:HeatCrush","hexamod:ThermalTransfer","Looming Evil","hexamod:NightmareStrike","hexamod:NightmareStrike+1","hexamod:NecessarySacrifice","hexamod:RainOfEmbers"],"relics":["hexamod:SpiritBrand","hubris:Towel","infinitespire:Lucky Rock","Ring of Greed","ReplayTheSpireMod:Ring of Exchange","Smiling Mask","The Courier","Art of War","Toolbox","downfall:HeartBlessingRed","Replay:Ringing Soul","Vajra"],"acts_visited":["Exordium","TheCity"],"potions_floor_usage":[6,9,11,16,20,26,26,28,29,32,33],"damage_taken":[{"damage":1,"enemies":"Cultist","floor":2,"turns":4},{"damage":2,"enemies":"Small Slimes","floor":3,"turns":5},{"damage":0,"enemies":"2 Louse","floor":5,"turns":3},{"damage":0,"enemies":"Lots of Slimes","floor":6,"turns":5},{"damage":0,"enemies":"Gremlin Gang","floor":9,"turns":4},{"damage":8,"enemies":"Gremlin Nob","floor":11,"turns":4},{"damage":0,"enemies":"Exordium Wildlife","floor":14,"turns":4},{"damage":19,"enemies":"Exordium Thugs","floor":15,"turns":5},{"damage":10,"enemies":"downfall:Watcher","floor":16,"turns":10},{"damage":10,"enemies":"Spheric Guardian","floor":19,"turns":6},{"damage":1,"enemies":"3 Byrds","floor":20,"turns":4},{"damage":21,"enemies":"3 Cultists","floor":21,"turns":7},{"damage":2,"enemies":"downfall:FleeingMerchant","floor":25,"turns":4},{"damage":18,"enemies":"Centurion and Healer","floor":26,"turns":5},{"damage":7,"enemies":"Chosen and Byrds","floor":28,"turns":7},{"damage":0,"enemies":"Snecko","floor":29,"turns":3},{"damage":31,"enemies":"Snake Plant","floor":31,"turns":6},{"damage":0,"enemies":"3 Cultists","floor":32,"turns":4},{"damage":56,"enemies":"downfall:Silent","floor":33,"turns":9}],"seed_played":"2944617518816147940","potions_obtained":[{"floor":3,"key":"SneckoOil"},{"floor":6,"key":"Fire Potion"},{"floor":9,"key":"Toxic Potion"},{"floor":15,"key":"Energy Potion"},{"floor":19,"key":"Toxic Potion"},{"floor":26,"key":"Block Potion"},{"floor":27,"key":"CultistPotion"},{"floor":28,"key":"champ:CounterPotion"},{"floor":32,"key":"Dexterity Potion"}],"is_trial":false,"path_per_floor":["R","M","M","?","M","M","T","R","M","?","E","?","?","M","M","B",null,"R","M","M","M","?","R","T","$","M","?","M","M","R","M","M","B"],"character_chosen":"THE_SPIRIT","items_purchased":["Vajra","LiquidBronze","Explosive Potion","hexamod:BurningTouch","hexamod:Incineration","hexamod:HeatCrush"],"campfire_rested":2,"item_purchase_floors":[25,25,25,25,25,25],"current_hp_per_floor":[77,76,74,74,74,74,74,74,74,74,66,66,66,66,47,37,77,77,67,66,45,45,68,68,69,54,54,50,53,79,51,54,0,0,0],"gold":100,"neow_bonus":"TEN_PERCENT_HP_BONUS","is_daily":false,"chose_seed":false,"campfire_upgraded":2,"win_rate":0.0,"timestamp":1609401103,"path_taken":["R","M","M","?","M","M","T","R","M","?","E","?","?","?","M","BOSS","R","M","M","?","?","R","T","?","M","?","M","M","R","?","M","BOSS"],"items_purchased_type":["Relic","Potion","Potion","Card","Card","Card"],"build_version":"2020-12-22","purchased_purges":1,"victory":false,"max_hp_per_floor":[77,77,77,77,77,77,77,77,77,77,77,77,77,77,77,77,77,77,77,77,77,77,77,77,80,83,83,86,89,89,92,95,95,95,95],"card_choices":[{"not_picked":["hexamod:RainOfEmbers","hexamod:NightmareStrike"],"picked":"hexamod:ShieldOfDarkness","floor":2},{"not_picked":["hexamod:PhantomCloak","hexamod:SpectralAdrenaline"],"picked":"hexamod:InspiringFlames","floor":3},{"not_picked":["hexamod:EmpoweredFlame","hexamod:TurnItUp"],"picked":"hexamod:Rewind","floor":5},{"not_picked":["hexamod:AdvancingGuard","hexamod:PhantomCloak"],"picked":"hexamod:StepThrough","floor":6},{"not_picked":["hexamod:AdvancingGuard","hexamod:UnleashSpirits"],"picked":"hexamod:NightmareGuise","floor":9},{"not_picked":["hexamod:GhostflameBarrier","hexamod:GhostLash"],"picked":"hexamod:VolcanoVisage","floor":11},{"not_picked":["hexamod:EmpoweredFlame","hexamod:FastForward"],"picked":"hexamod:HeatMetal","floor":14},{"not_picked":["hexamod:Hexaguard","hexamod:TimeOfNeed"],"picked":"hexamod:AdvancingGuard","floor":15},{"not_picked":["hexamod:UnleashSpirits","hexamod:GhostflameInferno"],"picked":"hexamod:TimeWarp","floor":16},{"not_picked":["hexamod:SpectersWail","hexamod:BurningTouch"],"picked":"hexamod:PhantomFireball","floor":19},{"not_picked":["hexamod:RetreatToShadows+1","hexamod:PhantomCloak"],"picked":"hexamod:GhostOfSpirePresent","floor":20},{"not_picked":["hexamod:InspiringFlames","hexamod:SwordOfDarkness"],"picked":"hexamod:RecurringNightmare","floor":21},{"not_picked":["hexamod:SwordOfDarkness+1","hexamod:HeatShield"],"picked":"hexamod:GhostflameBarrier+1","floor":25},{"not_picked":["hexamod:HeatShield","hexamod:NightmareGuise"],"picked":"hexamod:ThermalTransfer","floor":26},{"not_picked":["hexamod:Haunt","hexamod:SwordOfDarkness"],"picked":"hexamod:NightmareStrike","floor":28},{"not_picked":["hexamod:FastForward","hexamod:PhantomFireball"],"picked":"hexamod:NightmareStrike+1","floor":29},{"not_picked":["hexamod:FourthSeal","hexamod:SpectersWail+1"],"picked":"hexamod:NecessarySacrifice","floor":31},{"not_picked":["hexamod:FastForward","hexamod:TurnItUp"],"picked":"hexamod:RainOfEmbers","floor":32}],"player_experience":211040,"relics_obtained":[{"floor":7,"key":"infinitespire:Lucky Rock"},{"floor":10,"key":"Ring of Greed"},{"floor":10,"key":"ReplayTheSpireMod:Ring of Exchange"},{"floor":10,"key":"Smiling Mask"},{"floor":10,"key":"The Courier"},{"floor":11,"key":"Art of War"},{"floor":24,"key":"Replay:Ringing Soul"}],"event_choices":[{"damage_healed":0,"gold_gain":0,"player_choice":"Upgraded","damage_taken":0,"max_hp_gain":0,"max_hp_loss":0,"event_name":"Upgrade Shrine","floor":13,"gold_loss":0,"cards_upgraded":["hexamod:VolcanoVisage"]},{"damage_healed":0,"gold_gain":0,"player_choice":"Forge","damage_taken":0,"max_hp_gain":0,"max_hp_loss":0,"event_name":"Accursed Blacksmith","floor":22,"gold_loss":0,"cards_upgraded":["hexamod:PhantomFireball"]}],"is_beta":false,"boss_relics":[{"not_picked":["Coffee Dripper","Replay:Bronze Core"],"picked":"Toolbox"}],"items_purged_floors":[25],"is_endless":false,"potions_floor_spawned":[3,6,9,15,19,26,28,32],"killed_by":"downfall:Silent","ascension_level":0}}