{"host":"a4s27ghlnr83kbqz","time":1609388177,"event":{"mods":["AchievementEnabler","BaseMod","Colored Map","Minty Spire (QoL Compilation)","Permanent Neow","SuperFastMode"],"gold_per_floor":[117,117,117,137,150,177,177,177,177,211,230,230,405,15,33,33,33,33],"floor_reached":17,"playtime":293,"items_purged":["Strike_G"],"score":167,"play_id":"752864a2-be7c-4ed4-a200-0dfff8a5ac40","local_time":"20201231121617","is_ascension_mode":true,"campfire_choices":[{"data":"Dagger Spray","floor":7.0,"key":"SMITH"},{"data":"Masterful Stab","floor":16,"key":"SMITH"}],"circlet_count":0,"master_deck":["Strike_G","Strike_G","Strike_G","Defend_G","Defend_G","Defend_G","Defend_G","Defend_G","Survivor","Neutralize","Dagger Throw","Poisoned Stab","Dagger Spray+1","Backflip","Endless Agony","Blade Dance","Infinite Blades","Masterful Stab+1","Unload"],"relics":["Ring of the Snake","NeowsBlessing","Paper Crane","HornCleat","Golden Idol","Omamori","Blue Candle"],"acts_visited":["Exordium"],"potions_floor_usage":[10],"damage_taken":[{"damage":0.0,"enemies":"Small Slimes","floor":1.0,"turns":1.0},{"damage":0.0,"enemies":"Jaw Worm","floor":4.0,"turns":1.0},{"damage":0.0,"enemies":"Cultist","floor":5.0,"turns":1.0},{"damage":26.0,"enemies":"Gremlin Nob","floor":6.0,"turns":4.0},{"damage":15,"enemies":"Lagavulin","floor":10,"turns":7},{"damage":16,"enemies":"Large Slime","floor":11,"turns":10},{"damage":0,"enemies":"Exordium Thugs","floor":15,"turns":3},{"damage":18,"enemies":"Slime Boss","floor":17,"turns":4}],"seed_played":"8525341189954387616","potions_obtained":[{"floor":4.0,"key":"LiquidMemories"},{"floor":5.0,"key":"SteroidPotion"},{"floor":11,"key":"SpeedPotion"}],"is_trial":false,"path_per_floor":["M","?","?","M","M","E","R","?","T","E","M","M","?","$","M","R","B"],"character_chosen":"THE_SILENT","items_purchased":["Infinite Blades","Masterful Stab","Unload"],"campfire_rested":0,"item_purchase_floors":[14,14,14],"current_hp_per_floor":[63,60,60,60,60,34,34,34,34,19,3,3,3,3,3,3,0,0],"gold":33,"neow_bonus":"THREE_ENEMY_KILL","is_daily":false,"chose_seed":false,"campfire_upgraded":2,"win_rate":0.0,"timestamp":1609388177,"path_taken":["M","?","?","?","M","E","R","?","T","E","M","M","?","$","M","R","BOSS"],"items_purchased_type":["Card","Card","Card"],"build_version":"2020-12-22","purchased_purges":1,"victory":false,"max_hp_per_floor":[70,70,70,70,70,70,70,65,65,65,65,65,65,65,65,65,65,65],"card_choices":[{"not_picked":["Bane","Calculated Gamble"],"picked":"Dagger Throw","floor":1.0},{"not_picked":["Outmaneuver","Caltrops"],"picked":"Poisoned Stab","floor":4.0},{"not_picked":["Bouncing Flask","Prepared"],"picked":"Dagger Spray","floor":5.0},{"not_picked":["Slice","Bane"],"picked":"Backflip","floor":6.0},{"not_picked":["Dodge and Roll","Eviscerate"],"picked":"Endless Agony","floor":10},{"not_picked":["Backflip","Endless Agony"],"picked":"Blade Dance","floor":11},{"not_picked":["Dagger Spray","Calculated Gamble","Eviscerate"],"picked":"SKIP","floor":15}],"player_experience":1063223,"relics_obtained":[{"floor":6.0,"key":"HornCleat"},{"floor":9.0,"key":"Omamori"},{"floor":10,"key":"Blue Candle"}],"event_choices":[{"damage_healed":0.0,"max_hp_gain":0.0,"max_hp_loss":0.0,"gold_gain":0.0,"event_name":"Scrap Ooze","player_choice":"Success","floor":2.0,"gold_loss":0.0,"damage_taken":3.0,"relics_obtained":["Paper Crane"]},{"cards_removed":["Strike_G"],"damage_healed":0.0,"max_hp_gain":0.0,"max_hp_loss":0.0,"gold_gain":0.0,"event_name":"Bonfire Elementals","player_choice":"Offered Basic","floor":3.0,"gold_loss":0.0,"damage_taken":0.0},{"damage_healed":0.0,"max_hp_gain":0.0,"max_hp_loss":5.0,"gold_gain":0.0,"event_name":"Golden Idol","player_choice":"Lose Max HP","floor":8.0,"gold_loss":0.0,"damage_taken":0.0,"relics_obtained":["Golden Idol"]},{"damage_healed":0,"gold_gain":175,"player_choice":"AGREE","damage_taken":0,"max_hp_gain":0,"max_hp_loss":0,"event_name":"Liars Game","floor":13,"gold_loss":0,"cards_obtained":["Doubt"]}],"is_beta":false,"boss_relics":[],"items_purged_floors":[14],"is_endless":false,"potions_floor_spawned":[4,5,11],"killed_by":"Slime Boss","ascension_level":9}}