{"host":"mniz8q056kux99zk","time":1609424376,"event":{"mods":["Act Like it!","BaseMod","CapriCore","Hermit","Highlight Path","Hubris","Infinite Spire","Minty Spire (QoL Compilation)","Replay The Spire","StSLib"],"gold_per_floor":[117,117,117,133,133,133,153,183,264,281,304,320,320,60,60,74,74],"floor_reached":16,"playtime":798,"items_purged":[],"score":102,"play_id":"79e5dab1-2f82-4c37-87af-92e712623591","local_time":"20201231091936","is_ascension_mode":false,"campfire_choices":[{"data":"hermit:TakeAim","floor":6,"key":"SMITH"},{"data":"hermit:Scavenge","floor":15,"key":"SMITH"}],"circlet_count":0,"master_deck":["hermit:Strike_Hermit","hermit:Strike_Hermit","hermit:Strike_Hermit","hermit:Strike_Hermit","hermit:Defend_Hermit","hermit:Defend_Hermit","hermit:Defend_Hermit+1","hermit:Defend_Hermit","hermit:Snapshot","hermit:Covet","hermit:Deadeye+1","hermit:TakeAim+1","hermit:LowProfile","hermit:Ricochet","hermit:Scavenge+1","hermit:Coalescence","hermit:BigShot","hermit:Malice","hermit:Malice"],"relics":["hermit:Momento","hubris:OldNail","infinitespire:Bottled Soul","Golden Idol","ReplayTheSpireMod:TigerMarble"],"acts_visited":["Exordium"],"potions_floor_usage":[8,16,16,16],"damage_taken":[{"damage":0,"enemies":"Cultist","floor":1,"turns":4},{"damage":0,"enemies":"Small Slimes","floor":4,"turns":3},{"damage":11,"enemies":"Jaw Worm","floor":7,"turns":3},{"damage":22,"enemies":"Lagavulin","floor":8,"turns":12},{"damage":4,"enemies":"Exordium Wildlife","floor":10,"turns":4},{"damage":0,"enemies":"2 Fungi Beasts","floor":11,"turns":4},{"damage":1,"enemies":"3 Louse","floor":12,"turns":4},{"damage":26,"enemies":"The Guardian","floor":16,"turns":10}],"seed_played":"-7980217696642541185","potions_obtained":[{"floor":7,"key":"Venom Potion"},{"floor":8,"key":"Fire Potion"},{"floor":11,"key":"Explosive Potion"}],"is_trial":false,"path_per_floor":["M","?","?","M","?","R","M","E","T","M","M","M","?","$","R","B"],"character_chosen":"HERMIT","items_purchased":["ReplayTheSpireMod:TigerMarble","hermit:Malice","Adrenaline Potion"],"campfire_rested":0,"item_purchase_floors":[14,14,14],"current_hp_per_floor":[82,82,82,82,82,82,71,49,49,45,45,44,24,24,24,0,0],"gold":74,"neow_bonus":"TEN_PERCENT_HP_BONUS","is_daily":false,"chose_seed":false,"campfire_upgraded":2,"win_rate":0.0,"timestamp":1609424376,"path_taken":["M","?","?","M","?","R","M","E","T","M","?","M","?","?","R","BOSS"],"items_purchased_type":["Relic","Card","Potion"],"build_version":"2020-12-22","purchased_purges":0,"victory":false,"max_hp_per_floor":[82,82,82,82,82,82,82,82,82,82,82,82,82,82,82,82,82],"card_choices":[{"not_picked":["hermit:Grudge","hermit:EyeOfTheStorm"],"picked":"hermit:Deadeye","floor":1},{"not_picked":["hermit:Scavenge","hermit:NoHoldsBarred"],"picked":"hermit:TakeAim","floor":4},{"not_picked":["hermit:Snipe","hermit:Desperado"],"picked":"hermit:LowProfile","floor":7},{"not_picked":["hermit:Grudge","hermit:OverwhelmingPower"],"picked":"hermit:Ricochet","floor":8},{"not_picked":["hermit:SprayPray","hermit:Roulette"],"picked":"hermit:Scavenge","floor":10},{"not_picked":["hermit:LowProfile","hermit:Midnight"],"picked":"hermit:Coalescence","floor":11},{"not_picked":["hermit:Coalescence","hermit:Spite"],"picked":"hermit:BigShot","floor":12}],"player_experience":116158,"relics_obtained":[{"floor":8,"key":"hubris:OldNail"},{"floor":9,"key":"infinitespire:Bottled Soul"}],"event_choices":[{"damage_healed":0,"gold_gain":0,"player_choice":"Upgraded","damage_taken":0,"max_hp_gain":0,"max_hp_loss":0,"event_name":"Upgrade Shrine","floor":5,"gold_loss":0,"cards_upgraded":["hermit:Deadeye"]},{"damage_healed":0,"gold_gain":0,"player_choice":"Take Damage","damage_taken":20,"relics_obtained":["Golden Idol"],"max_hp_gain":0,"max_hp_loss":0,"event_name":"Golden Idol","floor":13,"gold_loss":0}],"is_beta":false,"boss_relics":[],"items_purged_floors":[],"is_endless":false,"potions_floor_spawned":[7,8,11],"killed_by":"The Guardian","ascension_level":0}}