{"host":"qxeepl7ydvsgmfdb","time":1609385090,"event":{"mods":["AchievementEnabler","BaseMod","Colored Powertips","Minty Spire (QoL Compilation)","Quick Restart","slay the spire mod where everything is the same but ironclad has a cowboy hat"],"gold_per_floor":[117,292,180,180,455,490,490,32,57,96,119,160,172,184,196,305,367,398,410,266,266,280,280,299,324,324,337,337,337,357,369,369,468,468,486,486,536,590,608,608,628,628,651,669,699,710,274,287,287,287],"floor_reached":51,"playtime":1764,"items_purged":["Doubt","Regret","Writhe"],"score":902,"play_id":"1501f2ad-6e21-428c-bf89-4fe280ded7d9","local_time":"20201230222450","is_ascension_mode":true,"campfire_choices":[{"data":"Zap","floor":7,"key":"SMITH"},{"data":"Defragment","floor":13,"key":"SMITH"},{"data":"Lockon","floor":15,"key":"SMITH"},{"data":"Chill","floor":23,"key":"SMITH"},{"floor":29,"key":"REST"},{"floor":32,"key":"REST"},{"floor":40,"key":"REST"},{"floor":42,"key":"REST"},{"floor":49,"key":"REST"}],"circlet_count":0,"master_deck":["Strike_B","Strike_B","Strike_B","Strike_B","Defend_B","Defend_B","Defend_B+1","Defend_B","Zap+1","Dualcast+1","Conserve Battery","Defragment+1","Lockon+1","Ball Lightning","Ball Lightning","Electrodynamics","Chill+1","Cold Snap","Coolheaded+1","Defragment+1","BootSequence+1","Redo+1","White Noise+1","Chaos","Parasite"],"relics":["Cracked Core","NeowsBlessing","Kunai","Art of War","Lizard Tail","MawBank","Smiling Mask","Bronze Scales","Tiny House","DataDisk","Pantograph","Shuriken","Black Star","Prayer Wheel","FossilizedHelix","Dream Catcher","Incense Burner","InkBottle","Orichalcum"],"acts_visited":["Exordium","TheCity","TheBeyond"],"potions_floor_usage":[12,25,25,27,33,37,39,45,46,50,50],"damage_taken":[{"damage":0,"enemies":"Small Slimes","floor":1,"turns":1},{"damage":0,"enemies":"Gremlin Nob","floor":6,"turns":1},{"damage":0,"enemies":"Lagavulin","floor":10,"turns":1},{"damage":6,"enemies":"Jaw Worm","floor":11,"turns":3},{"damage":0,"enemies":"Gremlin Nob","floor":12,"turns":2},{"damage":0,"enemies":"Slime Boss","floor":16,"turns":3},{"damage":15,"enemies":"Spheric Guardian","floor":18,"turns":4},{"damage":0,"enemies":"Shell Parasite","floor":22,"turns":3},{"damage":9,"enemies":"Shelled Parasite and Fungi","floor":24,"turns":4},{"damage":10,"enemies":"Gremlin Leader","floor":25,"turns":4},{"damage":9,"enemies":"Centurion and Healer","floor":27,"turns":3},{"damage":0,"enemies":"Cultist and Chosen","floor":30,"turns":4},{"damage":9,"enemies":"Snecko","floor":31,"turns":4},{"damage":29,"enemies":"Champ","floor":33,"turns":9},{"damage":2,"enemies":"3 Shapes","floor":35,"turns":4},{"damage":30,"enemies":"Mind Bloom Boss Battle","floor":37,"turns":6},{"damage":47,"enemies":"2 Orb Walkers","floor":38,"turns":4},{"damage":0,"enemies":"3 Darklings","floor":39,"turns":4},{"damage":0,"enemies":"Maw","floor":41,"turns":7},{"damage":23,"enemies":"Spire Growth","floor":44,"turns":6},{"damage":21,"enemies":"Nemesis","floor":45,"turns":7},{"damage":1,"enemies":"Transient","floor":46,"turns":5},{"damage":0,"enemies":"Writhing Mass","floor":48,"turns":4},{"damage":49,"enemies":"Awakened One","floor":50,"turns":10}],"seed_played":"-3548368032162652126","potions_obtained":[{"floor":1,"key":"PowerPotion"},{"floor":6,"key":"DuplicationPotion"},{"floor":11,"key":"SpeedPotion"},{"floor":16,"key":"Strength Potion"},{"floor":17,"key":"DistilledChaos"},{"floor":21,"key":"SkillPotion"},{"floor":25,"key":"Swift Potion"},{"floor":31,"key":"Energy Potion"},{"floor":33,"key":"PowerPotion"},{"floor":38,"key":"SteroidPotion"},{"floor":39,"key":"Swift Potion"},{"floor":45,"key":"FearPotion"}],"is_trial":false,"path_per_floor":["M","?","$","?","?","E","R","$","T","E","M","E","R","?","R","B",null,"M","?","$","?","M","R","M","E","T","M","?","R","M","M","R","B",null,"M","?","?","?","M","R","M","R","T","M","E","M","$","M","R","B",null],"character_chosen":"DEFECT","items_purchased":["Defragment","Lizard Tail","Ball Lightning","DataDisk","EssenceOfDarkness","Strength Potion","Orichalcum","Chaos"],"campfire_rested":5,"item_purchase_floors":[3,8,8,20,47,47,47,47],"current_hp_per_floor":[75,75,75,57,57,57,57,57,57,57,51,51,51,51,51,51,80,65,50,50,50,50,50,41,31,31,22,22,47,47,38,63,56,85,83,85,55,8,8,33,33,58,58,35,14,13,13,13,38,14],"gold":287,"neow_bonus":"THREE_ENEMY_KILL","is_daily":false,"chose_seed":false,"campfire_upgraded":4,"win_rate":0.0,"timestamp":1609385090,"path_taken":["M","?","$","?","?","E","R","$","T","E","?","E","R","?","R","BOSS","M","?","$","?","M","R","M","E","T","?","?","R","?","M","R","BOSS","M","?","?","?","M","R","M","R","T","?","E","M","$","M","R","BOSS"],"items_purchased_type":["Card","Relic","Card","Relic","Potion","Potion","Relic","Card"],"build_version":"2020-12-22","purchased_purges":3,"victory":true,"max_hp_per_floor":[75,75,75,75,75,75,75,75,75,75,75,75,75,75,75,75,80,80,85,85,85,85,85,85,85,85,85,85,85,85,85,85,85,85,85,85,85,85,85,85,85,85,85,85,85,85,85,85,85,85],"card_choices":[{"not_picked":["Consume","Rebound"],"picked":"Conserve Battery","floor":1},{"not_picked":["Steam","Stack"],"picked":"Lockon","floor":6},{"not_picked":["Compile Driver","Steam","Consume"],"picked":"SKIP","floor":10},{"not_picked":["Rebound","Tempest"],"picked":"Ball Lightning","floor":11},{"not_picked":["Lockon","Recycle"],"picked":"Electrodynamics","floor":12},{"not_picked":["Barrage","Streamline"],"picked":"Chill","floor":17},{"not_picked":["Streamline","Fusion"],"picked":"Cold Snap","floor":18},{"not_picked":["Sweeping Beam","Beam Cell","Thunder Strike"],"picked":"SKIP","floor":22},{"not_picked":["Fusion","Doom and Gloom"],"picked":"Coolheaded+1","floor":24},{"not_picked":["Hello World","Sunder","Loop"],"picked":"SKIP","floor":25},{"not_picked":["Stack","Ball Lightning","Fusion"],"picked":"SKIP","floor":27},{"not_picked":["Creative AI","Gash"],"picked":"BootSequence+1","floor":30},{"not_picked":["Coolheaded","Stack","Streamline"],"picked":"SKIP","floor":31},{"not_picked":["Go for the Eyes","Rebound+1","Conserve Battery"],"picked":"SKIP","floor":35},{"not_picked":["Hologram","Reprogram+1"],"picked":"Redo+1","floor":37},{"not_picked":["Streamline+1","Ball Lightning+1","Undo"],"picked":"SKIP","floor":39},{"not_picked":["Thunder Strike","Consume+1","Lockon"],"picked":"SKIP","floor":39},{"not_picked":["Defragment","Hello World","Sweeping Beam+1"],"picked":"SKIP","floor":41},{"not_picked":["Blizzard","Coolheaded","Cold Snap"],"picked":"SKIP","floor":41},{"not_picked":["Static Discharge","Reinforced Body+1","Defragment"],"picked":"SKIP","floor":44},{"not_picked":["Aggregate","Beam Cell+1","Double Energy+1"],"picked":"SKIP","floor":44},{"not_picked":["Force Field","Skim"],"picked":"White Noise+1","floor":45},{"not_picked":["Blizzard","Leap","Genetic Algorithm+1"],"picked":"SKIP","floor":46},{"not_picked":["Sweeping Beam","Beam Cell","Turbo"],"picked":"SKIP","floor":46},{"not_picked":["Rip and Tear+1","Gash+1","Recycle"],"picked":"SKIP","floor":48},{"not_picked":["Conserve Battery+1","Turbo","Thunder Strike"],"picked":"SKIP","floor":48}],"player_experience":334620,"relics_obtained":[{"floor":6,"key":"Art of War"},{"floor":9,"key":"MawBank"},{"floor":10,"key":"Smiling Mask"},{"floor":12,"key":"Bronze Scales"},{"floor":25,"key":"Pantograph"},{"floor":26,"key":"Shuriken"},{"floor":37,"key":"Prayer Wheel"},{"floor":38,"key":"FossilizedHelix"},{"floor":43,"key":"Dream Catcher"},{"floor":45,"key":"Incense Burner"},{"floor":45,"key":"InkBottle"}],"event_choices":[{"damage_healed":0,"gold_gain":175,"player_choice":"AGREE","damage_taken":0,"max_hp_gain":0,"max_hp_loss":0,"event_name":"Liars Game","floor":2,"gold_loss":0,"cards_obtained":["Doubt"]},{"damage_healed":0,"gold_gain":0,"player_choice":"Success","damage_taken":18,"relics_obtained":["Kunai"],"max_hp_gain":0,"max_hp_loss":0,"event_name":"Scrap Ooze","floor":4,"gold_loss":0},{"damage_healed":0,"gold_gain":275,"player_choice":"Desecrate","damage_taken":0,"max_hp_gain":0,"max_hp_loss":0,"event_name":"Golden Shrine","floor":5,"gold_loss":0,"cards_obtained":["Regret"]},{"damage_healed":0,"gold_gain":0,"player_choice":"Grow","damage_taken":0,"max_hp_gain":0,"max_hp_loss":0,"event_name":"Living Wall","floor":14,"gold_loss":0,"cards_upgraded":["Dualcast"]},{"damage_healed":0,"gold_gain":0,"player_choice":"Shed Blood","damage_taken":20,"max_hp_gain":5,"max_hp_loss":0,"event_name":"Forgotten Altar","floor":19,"gold_loss":0},{"damage_healed":0,"gold_gain":0,"player_choice":"Got Potions","damage_taken":0,"max_hp_gain":0,"max_hp_loss":0,"event_name":"Lab","floor":21,"gold_loss":0},{"damage_healed":0,"gold_gain":0,"player_choice":"Copied","damage_taken":0,"max_hp_gain":0,"max_hp_loss":0,"event_name":"Duplicator","floor":28,"gold_loss":0,"cards_obtained":["Defragment"]},{"damage_healed":21,"gold_gain":0,"player_choice":"Writhe","damage_taken":0,"max_hp_gain":0,"max_hp_loss":0,"event_name":"Winding Halls","floor":36,"gold_loss":0,"cards_obtained":["Writhe"]},{"damage_healed":0,"gold_gain":0,"player_choice":"Fight","damage_taken":0,"max_hp_gain":0,"max_hp_loss":0,"event_name":"MindBloom","floor":37,"gold_loss":0},{"damage_healed":0,"gold_gain":0,"player_choice":"Fight","damage_taken":0,"max_hp_gain":0,"max_hp_loss":0,"event_name":"Mysterious Sphere","floor":38,"gold_loss":0}],"is_beta":false,"boss_relics":[{"not_picked":["Ectoplasm","Fusion Hammer"],"picked":"Tiny House"},{"not_picked":["Calling Bell","Coffee Dripper"],"picked":"Black Star"}],"items_purged_floors":[3,8,47],"is_endless":false,"potions_floor_spawned":[1,6,11,16,25,31,33,38,39,45,48],"ascension_level":1}}