{"host":"a99cgagtsic7fuyb","time":1609431813,"event":{"mods":["BaseMod","Downfall","Hermit","Lobotomy","Minty Spire (QoL Compilation)","Replay The Spire","StSLib","The Cursed"],"gold_per_floor":[99,99,99,99,123,158,182,208,219,69,79,6,24,24,38,141,141,66,13,13,13,28,43,124,124,27,38,50,50,50,50,60,161,211,211,222,236,253,403,403,403,403],"floor_reached":40,"playtime":4230,"items_purged":[],"score":469,"play_id":"3aef0b09-580d-4c35-b3b6-14edf49d1ad8","local_time":"20210101002333","is_ascension_mode":false,"campfire_choices":[{"floor":1,"key":"RECALL"},{"data":"champ:GladiatorStyle","floor":10,"key":"SMITH"},{"data":"champ:RisingSlash","floor":25,"key":"SMITH"},{"floor":29,"key":"REST"},{"floor":35,"key":"DIG"}],"circlet_count":0,"master_deck":["champ:Strike","champ:Strike","champ:Strike","champ:Strike","champ:Defend","champ:Defend+1","champ:Defend","champ:Defend+1","champ:Execute","champ:Taunt","champ:RisingSlash+1","champ:IronFortress+1","champ:GladiatorStyle+1","champ:ArenaPreparation","champ:ShieldWall","TheCursedMod:FuryStrike","champ:Shatter","Streamline","Metamorphosis","champ:GladiatorStyle","JustLucky","Shame","Blood for Blood+1","Sadistic Nature","Bane+1","ReplayTheSpireMod:Strike From Hell","Cloak And Dagger+1","Parasite","Consecrate"],"relics":["champ:ChampionCrown","downfall:HeartsMalice","War Paint","Replay:Baseball","Darkstone Periapt","downfall:HeartBlessingRed","downfall:HeartBlessingGreen","PrismaticShard","Empty Cage","downfall:HeartBlessingBlue","Snack Pack","InkBottle","Replay:Grab Bag","SlaversCollar","Busted Crown","Tiny House","Question Card"],"acts_visited":["Exordium","TheCity","TheBeyond"],"potions_floor_usage":[8,16,16,16,18,23,23,32,33,33,36,38,40],"damage_taken":[{"damage":0,"enemies":"Cultist","floor":3,"turns":1},{"damage":0,"enemies":"Small Slimes","floor":4,"turns":1},{"damage":0,"enemies":"Gremlin Nob","floor":6,"turns":1},{"damage":39,"enemies":"Replay:BlueRogue","floor":8,"turns":3},{"damage":0,"enemies":"2 Louse","floor":9,"turns":3},{"damage":13,"enemies":"Exordium Wildlife","floor":11,"turns":2},{"damage":29,"enemies":"downfall:FleeingMerchant","floor":12,"turns":4},{"damage":18,"enemies":"Large Slime","floor":13,"turns":5},{"damage":10,"enemies":"3 Louse","floor":15,"turns":3},{"damage":57,"enemies":"downfall:Silent","floor":16,"turns":8},{"damage":23,"enemies":"downfall:FleeingMerchant","floor":19,"turns":4},{"damage":10,"enemies":"3 Byrds","floor":22,"turns":7},{"damage":13,"enemies":"Snake Plant","floor":23,"turns":2},{"damage":30,"enemies":"downfall:FleeingMerchant","floor":26,"turns":4},{"damage":21,"enemies":"Centurion and Healer","floor":27,"turns":5},{"damage":36,"enemies":"Shelled Parasite and Fungi","floor":28,"turns":3},{"damage":34,"enemies":"Snecko","floor":32,"turns":4},{"damage":94,"enemies":"downfall:Ironclad","floor":33,"turns":7},{"damage":50,"enemies":"3 Darklings","floor":36,"turns":6},{"damage":16,"enemies":"3 Shapes","floor":37,"turns":3},{"damage":71,"enemies":"Writhing Mass","floor":38,"turns":5},{"damage":99,"enemies":"Transient","floor":40,"turns":5}],"seed_played":"1587442775830426440","potions_obtained":[{"floor":2,"key":"Slimebound:ThreeZeroPotion"},{"floor":2,"key":"Languid Potion"},{"floor":2,"key":"SneckoOil"},{"floor":6,"key":"DuplicationPotion"},{"floor":11,"key":"SteroidPotion"},{"floor":16,"key":"Strength Potion"},{"floor":18,"key":"Fruit Juice"},{"floor":18,"key":"Death Potion"},{"floor":22,"key":"ColorlessPotion"},{"floor":27,"key":"Milkshake"},{"floor":28,"key":"Regen Potion"},{"floor":33,"key":"Swift Potion"},{"floor":34,"key":"Block Potion"},{"floor":36,"key":"Doom Potion"},{"floor":38,"key":"Explosive Potion"}],"is_trial":false,"path_per_floor":["R","?","M","M","T","E","T","E","M","R","M","$","M","?","M","B",null,"R","$","?","?","M","M","T","R","$","M","M","R","?","?","M","B",null,"R","M","M","M","?","M"],"character_chosen":"THE_CHAMP","items_purchased":["champ:ShieldWall","champ:Shatter","BlessingOfTheForge","champ:GladiatorStyle"],"campfire_rested":1,"item_purchase_floors":[12,19,26,26],"current_hp_per_floor":[90,90,90,90,90,90,90,81,81,81,73,72,72,78,78,43,96,111,103,103,103,103,90,90,90,83,74,62,95,101,101,96,49,122,122,101,91,54,54,0,0,0],"gold":403,"neow_bonus":"THREE_ENEMY_KILL","is_daily":false,"chose_seed":false,"campfire_upgraded":2,"win_rate":0.0,"timestamp":1609431813,"path_taken":["R","?","?","M","?","E","T","E","M","R","M","$","M","?","M","BOSS","R","$","?","?","M","M","T","R","?","M","M","R","?","?","M","BOSS","R","M","M","M","?","M"],"items_purchased_type":["Card","Card","Potion","Card"],"build_version":"2020-12-22","purchased_purges":0,"victory":false,"max_hp_per_floor":[90,90,90,90,90,90,90,90,90,90,90,90,90,96,96,96,96,111,111,111,111,111,111,111,111,111,111,111,111,117,117,117,117,122,122,122,122,128,128,128,128,128],"card_choices":[{"not_picked":["champ:TornadoPunch","champ:FlashCut"],"picked":"champ:RisingSlash","floor":3},{"not_picked":["champ:BerserkersShout","champ:Haymaker","champ:Lariat"],"picked":"SKIP","floor":4},{"not_picked":["champ:DefensiveShout","champ:Haymaker"],"picked":"champ:IronFortress","floor":6},{"not_picked":["champ:ArenaPreparation","champ:FanOfKnives"],"picked":"champ:GladiatorStyle","floor":8},{"not_picked":["champ:RecklessLeap","champ:BringItOn"],"picked":"champ:ArenaPreparation","floor":9},{"not_picked":["champ:BerserkerStyle","champ:Haymaker","champ:FlashCut"],"picked":"SKIP","floor":11},{"not_picked":["champ:BladeFlurry","champ:StanceDance","champ:GladiatorStyle"],"picked":"SKIP","floor":12},{"not_picked":["champ:Circumvent","champ:EnragedBash","champ:DefensiveShout"],"picked":"SKIP","floor":13},{"not_picked":["sneckomod:UnknownClassSLIMEBOUND","hexamod:NightmareGuise"],"picked":"TheCursedMod:FuryStrike","floor":15},{"not_picked":["hermit:SprayPray","Quick Slash+1","PanicButton"],"picked":"SKIP","floor":19},{"not_picked":["Evaluate","TheCursedMod:Stigma","sneckomod:UnknownVulnerable"],"picked":"SKIP","floor":22},{"not_picked":["Dodge and Roll","Slimebound:ForwardTackle+1"],"picked":"Streamline","floor":23},{"not_picked":["BootSequence","Well Laid Plans+1"],"picked":"Metamorphosis","floor":26},{"not_picked":["Redo","hexamod:EmpoweredFlame","Carnage+1"],"picked":"SKIP","floor":27},{"not_picked":["Reflex","hermit:Dive"],"picked":"JustLucky","floor":28},{"not_picked":["Spot Weakness","Skewer"],"picked":"Blood for Blood+1","floor":32},{"not_picked":["SoundOfStar","Machine Learning"],"picked":"Sadistic Nature","floor":33},{"not_picked":[],"picked":"Bane+1","floor":34},{"not_picked":["Entrench"],"picked":"ReplayTheSpireMod:Strike From Hell","floor":36},{"not_picked":["ThirdEye"],"picked":"Cloak And Dagger+1","floor":37},{"not_picked":["Shrug It Off+1"],"picked":"Consecrate","floor":38}],"player_experience":108534,"relics_obtained":[{"floor":6,"key":"War Paint"},{"floor":7,"key":"Replay:Baseball"},{"floor":8,"key":"Darkstone Periapt"},{"floor":24,"key":"Snack Pack"},{"floor":35,"key":"Question Card"}],"event_choices":[{"damage_healed":0,"gold_gain":0,"player_choice":"Got Potions","damage_taken":0,"max_hp_gain":0,"max_hp_loss":0,"event_name":"Lab","floor":2,"gold_loss":0},{"damage_healed":0,"gold_gain":0,"player_choice":"Stole Relic","damage_taken":0,"relics_obtained":["Ancient Tea Set"],"max_hp_gain":0,"max_hp_loss":0,"event_name":"Addict","floor":30,"gold_loss":0,"cards_obtained":["Shame"]}],"is_beta":false,"boss_relics":[{"not_picked":["downfall:Hecktoplasm","ReplayTheSpireMod:DimensionalGlitch"],"picked":"Empty Cage"},{"not_picked":["SacredBark","Replay:Wanted Poster"],"picked":"Replay:Grab Bag"},{"not_picked":["Philosopher\u0027s Stone","Cursed Key"],"picked":"SlaversCollar"},{"not_picked":["Coffee Dripper","Runic Dome"],"picked":"Busted Crown"},{"not_picked":["Astrolabe","Runic Pyramid"],"picked":"Tiny House"}],"items_purged_floors":[],"is_endless":false,"potions_floor_spawned":[6,11,13,15,16,22,27,28,33,36,38],"killed_by":"Transient","ascension_level":0}}