{"host":"867cnhxguf2bzj4x","time":1609411497,"event":{"mods":["BaseMod","Duelist Mod","GifTheSpireLib","Minty Spire (QoL Compilation)","StSLib","The Bug Knight","The Cursed","The Disciple","The Jungle"],"gold_per_floor":[135,135,155,170,170,170,201,201,273,273,273,292,467,491,491,621,621,640,656,669,198,219,219,219],"floor_reached":23,"playtime":1232,"items_purged":["theDuelist:Sparks"],"score":191,"play_id":"4c787e92-904e-4912-9ce0-8fa6bc885049","local_time":"20201231114457","is_ascension_mode":false,"campfire_choices":[{"data":"theDuelist:ExodiaNecross","floor":6,"key":"SMITH"},{"data":"theDuelist:BlizzardPrincess","floor":8,"key":"SMITH"},{"data":"theDuelist:Nameless:Power:AssaultArmor","floor":10,"key":"SMITH"},{"floor":15,"key":"REST"}],"circlet_count":0,"master_deck":["theDuelist:CastleWalls","theDuelist:CastleWalls","theDuelist:DarkMagician","theDuelist:MysticalElf","theDuelist:MysticalElf","theDuelist:NeoMagic","theDuelist:GoldenApples","theDuelist:ExodiaNecross+1","theDuelist:Nameless:Power:AssaultArmor+1","theDuelist:BlizzardPrincess+1","theDuelist:ExodiaLL","theDuelist:RockSunrise","Doubt","theDuelist:MoonOrbCard","theDuelist:DarkPaladin","theDuelist:ExodiaLA"],"relics":["theDuelist:MillenniumPuzzle","theDuelist:CardPoolRelic","theDuelist:CardPoolBasicRelic","theDuelist:BoosterPackPoolRelic","theDuelist:CardPoolAddRelic","theDuelist:CardPoolMinusRelic","theDuelist:CardPoolSaveRelic","theDuelist:CardPoolOptionsRelic","theDuelist:NamelessHungerRelic","theDuelist:DuelistTeaSet","Anchor","Golden Idol","Empty Cage","Bottled Flame"],"acts_visited":["Exordium","TheCity"],"potions_floor_usage":[12,16,16,23,23],"damage_taken":[{"damage":0,"enemies":"Jaw Worm","floor":1,"turns":5},{"damage":0,"enemies":"2 Louse","floor":3,"turns":2},{"damage":2,"enemies":"Small Slimes","floor":4,"turns":3},{"damage":8,"enemies":"Gremlin Nob","floor":7,"turns":5},{"damage":0,"enemies":"Exordium Wildlife","floor":12,"turns":7},{"damage":8,"enemies":"Red Slaver","floor":14,"turns":3},{"damage":12,"enemies":"Slime Boss","floor":16,"turns":19},{"damage":17,"enemies":"3 Byrds","floor":18,"turns":9},{"damage":0,"enemies":"Chosen","floor":20,"turns":9},{"damage":15,"enemies":"Snake Plant","floor":22,"turns":6},{"damage":69,"enemies":"Gremlin Leader","floor":23,"turns":7}],"seed_played":"7552323803490742792","potions_obtained":[{"floor":1,"key":"theDuelist:BottledKuriboh"},{"floor":7,"key":"Energy Potion"},{"floor":12,"key":"Fruit Juice"},{"floor":14,"key":"theDuelist:FreezingPotion"},{"floor":22,"key":"theDuelist:BarricadePotion"}],"is_trial":false,"path_per_floor":["M","?","M","M","?","R","E","R","T","R","?","M","?","M","R","B",null,"M","?","M","$","M","E"],"character_chosen":"THE_DUELIST","items_purchased":["Bottled Flame","theDuelist:DarkPaladin"],"campfire_rested":1,"item_purchase_floors":[21,21],"current_hp_per_floor":[80,70,70,68,61,61,55,55,55,55,35,42,42,36,63,51,91,74,74,74,74,61,0,0],"gold":219,"neow_bonus":"RANDOM_COLORLESS","is_daily":false,"chose_seed":false,"campfire_upgraded":3,"win_rate":0.0,"timestamp":1609411497,"path_taken":["M","?","M","M","?","R","E","R","T","R","?","M","?","M","R","BOSS","M","?","M","$","M","E"],"items_purchased_type":["Relic","Card"],"build_version":"2020-12-22","purchased_purges":1,"victory":false,"max_hp_per_floor":[80,80,80,80,80,80,82,82,82,82,82,89,89,91,91,91,91,91,91,91,91,93,93,93],"card_choices":[{"not_picked":["theDuelist:LightningRodLord","theDuelist:UltimateOffering"],"picked":"theDuelist:GoldenApples","floor":0},{"not_picked":["theDuelist:ContractExodia","theDuelist:LegendaryExodia","theDuelist:ExodiaLL","theDuelist:ExodiaHead"],"picked":"theDuelist:ExodiaNecross","floor":1},{"not_picked":["theDuelist:BlizzardWarrior","theDuelist:FlyingSaucer","theDuelist:ThousandEyesIdol","theDuelist:TimeWizard"],"picked":"theDuelist:BlizzardPrincess","floor":3},{"not_picked":["theDuelist:BlizzardWarrior","theDuelist:Illusionist","theDuelist:NeoMagic","theDuelist:Yami"],"picked":"theDuelist:ExodiaLL","floor":4},{"not_picked":["theDuelist:SangaThunder","theDuelist:Mudballman","theDuelist:ExodiaLL","theDuelist:SpellShatteringArrow","theDuelist:BlizzardWarrior"],"picked":"SKIP","floor":7},{"not_picked":["theDuelist:Sangan","theDuelist:RedMedicine","theDuelist:RedHeadedOni","theDuelist:GemArmadillo"],"picked":"theDuelist:RockSunrise","floor":12},{"not_picked":["theDuelist:ExodiaNecross","theDuelist:RainbowMagician","theDuelist:GateGuardian"],"picked":"SKIP","floor":14},{"not_picked":["theDuelist:FireOrbCard","theDuelist:TokenOrbCard","theDuelist:SurgeOrbCard","theDuelist:EarthOrbCard"],"picked":"theDuelist:MoonOrbCard","floor":18},{"not_picked":["theDuelist:Nameless:Power:AssaultArmor","theDuelist:GoldenApples+1","theDuelist:RockSunrise"],"picked":"SKIP","floor":20},{"not_picked":["theDuelist:SpellShatteringArrow","theDuelist:BlizzardWarrior","theDuelist:ExodiaLL","theDuelist:GeminiElf"],"picked":"theDuelist:ExodiaLA","floor":22}],"player_experience":94060,"relics_obtained":[{"floor":7,"key":"Anchor"}],"event_choices":[{"power_reward":4,"total_magic_score":38,"gold_gain":0,"duelist":true,"damage_taken":10,"relics_obtained":["theDuelist:NamelessHungerRelic"],"points":7,"max_hp_gain":0,"max_hp_loss":0,"spent_points":{"magic":0,"greed":0,"war":0,"power":4,"hunger":3},"event_name":"Nameless Tomb","hunger_reward":3,"floor":2,"gold_loss":0,"cards_obtained":["theDuelist:Nameless:Power:AssaultArmor"]},{"damage_healed":0,"gold_gain":0,"player_choice":"Success","damage_taken":7,"relics_obtained":["theDuelist:DuelistTeaSet"],"max_hp_gain":0,"max_hp_loss":0,"event_name":"Scrap Ooze","floor":5,"gold_loss":0},{"damage_healed":0,"gold_gain":0,"player_choice":"Take Damage","damage_taken":20,"relics_obtained":["Golden Idol"],"max_hp_gain":0,"max_hp_loss":0,"event_name":"Golden Idol","floor":11,"gold_loss":0},{"damage_healed":0,"gold_gain":175,"player_choice":"AGREE","damage_taken":0,"max_hp_gain":0,"max_hp_loss":0,"event_name":"Liars Game","floor":13,"gold_loss":0,"cards_obtained":["Doubt"]},{"damage_healed":0,"gold_gain":0,"player_choice":"Sold Neo Magic Swordsman for 16 Gold.","duelist":true,"damage_taken":0,"max_hp_gain":0,"max_hp_loss":0,"event_name":"Card Trader","floor":19,"gold_loss":0}],"is_beta":false,"boss_relics":[{"not_picked":["Velvet Choker","Astrolabe"],"picked":"Empty Cage"}],"items_purged_floors":[21],"is_endless":false,"potions_floor_spawned":[1,7,12,14,22],"killed_by":"Gremlin Leader","ascension_level":0}}