{"host":"0azimyi6n3ugndj4","time":1609442352,"event":{"mods":["2.2 Compatiblity","BaseMod","Bestiary","Conspire","Curses Come First","Defuse TimeMaze Blight","Hyrulean Relics","Infinite Spire","Minty Spire (QoL Compilation)","Relic Stats","Replay The Spire","StSLib","SuperFastMode","Uncapped","¡¼?Úª?ø«¡½REMEMod"],"gold_per_floor":[153,195,195,252,252,327,327,154,200,200,248,335,1,226,226,475,475,544,670,720,720,797,797,896,564,589,694,760,760,760],"floor_reached":29,"playtime":771,"items_purged":[],"score":864,"play_id":"a1b24359-b790-4624-ad42-c1f7e02cc2d0","local_time":"20210101041912","daily_mods":["SealedDeck","Hoarder","Insanity","Chimera","Specialized","Vintage","ControlledChaos","Allstar","Diverse","Colorless Cards","Heirloom","Time Dilation","Flight","Elite Swarm","Lethality","Midas","Binary"],"is_ascension_mode":true,"campfire_choices":[{"floor":7,"key":"REST"},{"floor":15,"key":"REST"},{"floor":23,"key":"REST"}],"circlet_count":0,"master_deck":["Demon Form","Wraith Form v2","Echo Form","DevaForm","AscendersBane","Bash","Survivor","Zap","Eruption","Strike_R","Strike_G","Strike_B","Defend_R","Defend_G","Defend_P","Calculated Gamble","FollowUp","Replay:BluntJabs","CrushJoints","Reinforced Body","Uppercut","Evaluate","Blade Dance","EmptyBody","Dodge and Roll","REME_MagicPocketWatch","Perfected Strike","FIFO Queue","Warcry","Leap","Deadly Poison","Leap","Coolheaded","Cloak And Dagger","Dark Embrace","Go for the Eyes","Acrobatics","Quick Slash","Rebound","Evaluate","ReplayTheSpireMod:Strike From Hell","Rip and Tear","Conserve Battery","Accuracy","EmptyBody","Perseverance","Cloak And Dagger","Headbutt","Barrage","EmptyFist","REME_FirmDetermination","Defragment","Quick Slash","Deflect","Warcry","Clothesline","Hidden Blade","Warcry","Sever Soul","FTL","Replay:ManipulateFuture","Cloak And Dagger","Prepared","Flex","Bloodletting","FlurryOfBlows","FlurryOfBlows","FlurryOfBlows","FlurryOfBlows","FlurryOfBlows","FlurryOfBlows","FlurryOfBlows","FlurryOfBlows","FlurryOfBlows","FlurryOfBlows","FlurryOfBlows","FlurryOfBlows","FlurryOfBlows","FlurryOfBlows","FlurryOfBlows","Dodge and Roll","Dodge and Roll","Dodge and Roll","Cloak And Dagger","Cloak And Dagger","Cloak And Dagger","Deflect","Deflect","Deflect","REME_ShortnessOfBreath","REME_ShortnessOfBreath","REME_ShortnessOfBreath","ReplayTheSpireMod:Calculation Training","ReplayTheSpireMod:Calculation Training","ReplayTheSpireMod:Calculation Training","WreathOfFlame","WreathOfFlame","WreathOfFlame","Cleave","Cleave","Cleave","Glacier","Glacier","Glacier","Dagger Spray","Dagger Spray","Dagger Spray","Hello World","Hello World","Hello World","REME_ShadowStrike","REME_ShadowStrike","REME_ShadowStrike","Gash","Gash","Gash","Mirror Shield","Mirror Shield","Mirror Shield"],"relics":["Burning Blood","Frozen Eye","Busted Crown","REME_ComplimentaryCards","Pocketwatch","Omamori","Counterbalance","Akabeko","WarpedTongs","infinitespire:Eraser","Brimstone","zeldaRelics:CourageTriforce","infinitespire:PuzzleCube","zeldaRelics:Boomerang","REME_PuzzleBoxRelic","ReplayTheSpireMod:Spearhead","REME_ChargedStone","Sundial","Red Mask","zeldaRelics:WisdomTriforce","Art of War","Gremlin Food","Strawberry"],"acts_visited":["Exordium","TheCity"],"potions_floor_usage":[6,29,29],"damage_taken":[{"damage":15,"enemies":"Jaw Worm","floor":1,"turns":2},{"damage":12,"enemies":"Small Slimes","floor":4,"turns":6},{"damage":0,"enemies":"2 Louse","floor":6,"turns":1},{"damage":0,"enemies":"Exordium Thugs","floor":11,"turns":2},{"damage":23,"enemies":"3 Sentries","floor":12,"turns":5},{"damage":0,"enemies":"3 Sentries","floor":14,"turns":4},{"damage":34,"enemies":"The Guardian","floor":16,"turns":3},{"damage":7,"enemies":"2 Thieves","floor":18,"turns":2},{"damage":0,"enemies":"Masked Bandits","floor":19,"turns":2},{"damage":0,"enemies":"Nightmare","floor":24,"turns":2},{"damage":0,"enemies":"Replay:Snechameleon","floor":27,"turns":2},{"damage":5,"enemies":"Spheric Guardian","floor":28,"turns":1},{"damage":100060,"enemies":"conspire:HollyBat","floor":29,"turns":18}],"seed_played":"5176939133676115221","potions_obtained":[{"floor":1,"key":"Strength Potion"},{"floor":3,"key":"SkillPotion"},{"floor":3,"key":"REME_GoldPotion"},{"floor":11,"key":"Dexterity Potion"},{"floor":16,"key":"SkillPotion"}],"is_trial":true,"path_per_floor":["M","?","?","M","?","M","R","$","T","?","M","E","$","?","R","B",null,"M","?","?","?","T","R","NM","$","T","E","M","M"],"character_chosen":"IRONCLAD","items_purchased":["Brimstone","zeldaRelics:Boomerang","REME_PuzzleBoxRelic","Art of War","Gremlin Food"],"campfire_rested":3,"item_purchase_floors":[8,13,13,25,25],"current_hp_per_floor":[59,35,35,29,29,35,57,57,57,57,63,46,46,52,74,46,68,67,73,73,73,73,75,75,75,75,75,82,0,0],"gold":760,"neow_bonus":"","is_daily":false,"chose_seed":false,"campfire_upgraded":0,"win_rate":0.0,"timestamp":1609442352,"path_taken":["M","?","?","?","?","?","R","$","T","?","?","E","?","?","R","BOSS","M","?","?","?","?","R","NM","?","T","E","?","?"],"items_purchased_type":["Relic","Relic","Relic","Relic","Relic"],"build_version":"2020-12-22","purchased_purges":0,"victory":false,"max_hp_per_floor":[75,75,75,75,75,75,75,75,75,75,75,75,75,75,75,75,75,75,75,75,75,75,75,75,75,75,75,82,82,82],"relic_stats":{"Busted Crown":22,"counters":[13,49],"Sundial":[0],"Art of War":[1],"obtain_stats":[{"zeldaRelics:Boomerang":13,"REME_ChargedStone":17,"Burning Blood":0,"zeldaRelics:WisdomTriforce":27,"Frozen Eye":0,"Sundial":18,"Strawberry":28,"zeldaRelics:CouragePiece":9,"Red Mask":19,"infinitespire:Eraser":6,"Gremlin Food":25,"zeldaRelics:WisdomPiece":24,"Counterbalance":2,"Omamori":1,"Akabeko":4,"zeldaRelics:CourageTriforce":22,"WarpedTongs":5,"ReplayTheSpireMod:Spearhead":14,"Busted Crown":0,"Brimstone":8,"Art of War":25,"REME_PuzzleBoxRelic":13,"infinitespire:PuzzleCube":11,"REME_ComplimentaryCards":0,"Pocketwatch":0},{"zeldaRelics:Boomerang":5,"REME_ChargedStone":7,"Burning Blood":0,"zeldaRelics:WisdomTriforce":11,"Frozen Eye":0,"Sundial":8,"Strawberry":12,"zeldaRelics:CouragePiece":3,"Red Mask":9,"infinitespire:Eraser":3,"Gremlin Food":10,"zeldaRelics:WisdomPiece":10,"Counterbalance":1,"Omamori":1,"Akabeko":2,"zeldaRelics:CourageTriforce":9,"WarpedTongs":2,"ReplayTheSpireMod:Spearhead":6,"Busted Crown":0,"Brimstone":3,"Art of War":10,"REME_PuzzleBoxRelic":5,"infinitespire:PuzzleCube":4,"REME_ComplimentaryCards":0,"Pocketwatch":0},{"zeldaRelics:Boomerang":16,"REME_ChargedStone":23,"Burning Blood":0,"zeldaRelics:WisdomTriforce":31,"Frozen Eye":0,"Sundial":25,"Strawberry":32,"zeldaRelics:CouragePiece":9,"Red Mask":27,"infinitespire:Eraser":9,"Gremlin Food":29,"zeldaRelics:WisdomPiece":29,"Counterbalance":2,"Omamori":2,"Akabeko":8,"zeldaRelics:CourageTriforce":27,"WarpedTongs":8,"ReplayTheSpireMod:Spearhead":20,"Busted Crown":0,"Brimstone":9,"Art of War":29,"REME_PuzzleBoxRelic":16,"infinitespire:PuzzleCube":11,"REME_ComplimentaryCards":0,"Pocketwatch":0}],"Burning Blood":59,"Pocketwatch":[12],"WarpedTongs":[41]},"card_choices":[],"player_experience":1480739,"relics_obtained":[{"floor":1,"key":"Omamori"},{"floor":2,"key":"Counterbalance"},{"floor":4,"key":"Akabeko"},{"floor":6,"key":"infinitespire:Eraser"},{"floor":9,"key":"zeldaRelics:CouragePiece"},{"floor":11,"key":"infinitespire:PuzzleCube"},{"floor":12,"key":"zeldaRelics:CouragePiece"},{"floor":14,"key":"ReplayTheSpireMod:Spearhead"},{"floor":18,"key":"Sundial"},{"floor":19,"key":"Red Mask"},{"floor":22,"key":"zeldaRelics:CouragePiece"},{"floor":24,"key":"zeldaRelics:WisdomPiece"},{"floor":26,"key":"zeldaRelics:WisdomPiece"},{"floor":27,"key":"zeldaRelics:WisdomPiece"},{"floor":28,"key":"Strawberry"}],"event_choices":[{"damage_healed":0,"gold_gain":0,"player_choice":"Got Potions","damage_taken":0,"max_hp_gain":0,"max_hp_loss":0,"event_name":"Lab","floor":3,"gold_loss":0},{"damage_healed":0,"gold_gain":0,"player_choice":"Rummage","damage_taken":0,"relics_obtained":["WarpedTongs"],"max_hp_gain":0,"max_hp_loss":0,"event_name":"Accursed Blacksmith","floor":5,"gold_loss":0,"cards_obtained":["Pain"]},{"damage_healed":0,"gold_gain":0,"player_choice":"3 cards matched","damage_taken":0,"max_hp_gain":0,"max_hp_loss":0,"event_name":"Match and Keep!","floor":10,"gold_loss":0,"cards_obtained":["ReplayTheSpireMod:Restless Dread","Gash","Mirror Shield"]},{"damage_healed":0,"gold_gain":0,"player_choice":"Searched \u00271\u0027 times","damage_taken":0,"max_hp_gain":0,"max_hp_loss":0,"event_name":"Dead Adventurer","floor":14,"gold_loss":0},{"damage_healed":0,"gold_gain":0,"player_choice":"Fought Bandits","damage_taken":0,"max_hp_gain":0,"max_hp_loss":0,"event_name":"Masked Bandits","floor":19,"gold_loss":0},{"damage_healed":0,"gold_gain":50,"player_choice":"Stole From Cult","damage_taken":0,"max_hp_gain":0,"max_hp_loss":0,"event_name":"Nest","floor":20,"gold_loss":0},{"damage_healed":0,"gold_gain":0,"player_choice":"Ignored","damage_taken":0,"max_hp_gain":0,"max_hp_loss":0,"event_name":"Ghosts","floor":21,"gold_loss":0}],"is_beta":false,"boss_relics":[{"not_picked":["Replay:Drink Me","Runic Pyramid"],"picked":"REME_ChargedStone"}],"items_purged_floors":[],"is_endless":true,"potions_floor_spawned":[1,4,11,16,24],"killed_by":"conspire:HollyBat","ascension_level":20}}