{"host":"waq1ashgqt0tulkv","time":1609382532,"event":{"mods":["BaseMod","Downfall","Hermit","Infinite Spire","Minty Spire (QoL Compilation)","Replay The Spire","StSLib","The Animator","The Servant 0.9.4"],"gold_per_floor":[109,109,29,41,51,79,44,44,70,48,48,68,84,117,117,223,223,239,239,258,258,268,268,193,193,217,251,276,276,297,397,397,402,402],"floor_reached":33,"playtime":1448,"items_purged":[],"score":275,"play_id":"ecc73e69-e11d-4364-bb24-9456ef88c7f6","local_time":"20201230194212","is_ascension_mode":false,"campfire_choices":[{"data":"hermit:Showdown","floor":8,"key":"SMITH"},{"data":"hermit:Ricochet","floor":11,"key":"SMITH"},{"floor":15,"key":"DIG"},{"floor":23,"key":"REST"},{"data":"hermit:Malice","floor":25,"key":"SMITH"},{"floor":32,"key":"REST"}],"circlet_count":0,"master_deck":["hermit:Strike_Hermit","hermit:Strike_Hermit","hermit:Strike_Hermit","hermit:Strike_Hermit","hermit:Defend_Hermit","hermit:Defend_Hermit","hermit:Defend_Hermit","hermit:Snapshot+1","hermit:Covet","hermit:Headshot","hermit:Showdown+1","hermit:Scavenge","hermit:Feint","hermit:Feint","hermit:Ricochet+1","hermit:Malice+1","hermit:FlashPowder","hermit:Dive","hermit:Quickdraw+1","hermit:Enervate","hermit:Headshot+1"],"relics":["hermit:Momento","Happy Flower","Pet Ghost","Oddly Smooth Stone","Pen Nib","hermit:BartenderGlass","PreservedInsect","ReplayTheSpireMod:TigerMarble"],"acts_visited":["Exordium","TheCity"],"potions_floor_usage":[16,16,27,33,33],"damage_taken":[{"damage":0,"enemies":"Small Slimes","floor":1,"turns":3},{"damage":8,"enemies":"Jaw Worm","floor":4,"turns":3},{"damage":1,"enemies":"2 Louse","floor":5,"turns":2},{"damage":28,"enemies":"Lagavulin","floor":6,"turns":9},{"damage":0,"enemies":"Large Slime","floor":12,"turns":4},{"damage":0,"enemies":"Red Slaver","floor":13,"turns":2},{"damage":25,"enemies":"Gremlin Nob","floor":14,"turns":4},{"damage":27,"enemies":"Slime Boss","floor":16,"turns":13},{"damage":26,"enemies":"2 Thieves","floor":18,"turns":4},{"damage":5,"enemies":"3 Byrds","floor":20,"turns":8},{"damage":1,"enemies":"Snecko","floor":22,"turns":4},{"damage":14,"enemies":"Gremlin Leader","floor":27,"turns":5},{"damage":14,"enemies":"Centurion and Healer","floor":28,"turns":5},{"damage":5,"enemies":"Snake Plant","floor":30,"turns":4},{"damage":66,"enemies":"Automaton","floor":33,"turns":10}],"seed_played":"7230739332574347932","potions_obtained":[{"floor":1,"key":"BlessingOfTheForge"},{"floor":6,"key":"Strength Potion"},{"floor":12,"key":"SteroidPotion"},{"floor":16,"key":"Elixir"},{"floor":18,"key":"champ:CounterPotion"},{"floor":30,"key":"hermit:Tonic"}],"is_trial":false,"path_per_floor":["M","?","$","M","M","E","?","R","T","$","R","M","M","E","R","B",null,"M","?","M","?","M","R","?","R","T","E","M","?","M","?","R","B"],"character_chosen":"HERMIT","items_purchased":["hermit:Showdown","hermit:Ricochet"],"campfire_rested":2,"item_purchase_floors":[3,10],"current_hp_per_floor":[75,75,75,67,66,38,56,56,56,56,56,56,56,31,31,4,75,49,49,44,44,43,65,65,65,65,51,37,42,37,37,59,0,0],"gold":402,"neow_bonus":"UPGRADE_CARD","is_daily":false,"chose_seed":false,"campfire_upgraded":3,"win_rate":0.0,"timestamp":1609382532,"path_taken":["M","?","$","M","M","E","?","R","T","?","R","M","M","E","R","BOSS","M","?","M","?","M","R","?","R","T","E","M","?","?","?","R","BOSS"],"items_purchased_type":["Card","Card"],"build_version":"2020-12-13","purchased_purges":0,"victory":false,"max_hp_per_floor":[75,75,75,75,75,75,75,75,75,75,75,75,75,75,75,75,75,75,75,75,75,75,75,75,75,75,75,75,75,75,75,75,75,75],"card_choices":[{"not_picked":["hermit:BodyArmor","hermit:Shortfuse"],"picked":"hermit:Headshot","floor":1},{"not_picked":["hermit:Spite","hermit:LoneWolf"],"picked":"hermit:Scavenge","floor":4},{"not_picked":["hermit:Quickdraw","hermit:HighCaliber"],"picked":"hermit:Feint","floor":5},{"not_picked":["hermit:LuckOfTheDraw","hermit:Shortfuse"],"picked":"hermit:Feint","floor":6},{"not_picked":["hermit:Gestalt","hermit:HeroicBravado"],"picked":"hermit:Malice","floor":12},{"not_picked":["hermit:Roulette","hermit:HoleUp"],"picked":"hermit:FlashPowder","floor":13},{"not_picked":["hermit:SprayPray","hermit:FinalCanter"],"picked":"hermit:Dive","floor":14},{"not_picked":["hermit:Dive","hermit:Ricochet"],"picked":"hermit:Quickdraw+1","floor":18},{"not_picked":["hermit:Glare","hermit:Grudge+1"],"picked":"hermit:Enervate","floor":20},{"not_picked":["hermit:Malice","hermit:Deadeye"],"picked":"hermit:Headshot+1","floor":22},{"not_picked":["hermit:Coalescence","hermit:Midnight+1"],"picked":"hermit:WideOpen","floor":27},{"not_picked":["hermit:Malice","hermit:Determination","hermit:Shortfuse"],"picked":"SKIP","floor":28},{"not_picked":["hermit:LowProfile","hermit:Feint","hermit:ShadowCloak"],"picked":"SKIP","floor":30}],"player_experience":12421,"relics_obtained":[{"floor":6,"key":"Happy Flower"},{"floor":9,"key":"Pet Ghost"},{"floor":14,"key":"Oddly Smooth Stone"},{"floor":15,"key":"Pen Nib"},{"floor":26,"key":"PreservedInsect"},{"floor":27,"key":"ReplayTheSpireMod:TigerMarble"}],"event_choices":[{"damage_healed":18,"gold_gain":0,"player_choice":"Healed","damage_taken":0,"max_hp_gain":0,"max_hp_loss":0,"event_name":"The Cleric","floor":7,"gold_loss":35},{"damage_healed":0,"gold_gain":0,"player_choice":"Ignored","damage_taken":0,"max_hp_gain":0,"max_hp_loss":0,"event_name":"Ghosts","floor":19,"gold_loss":0},{"cards_removed":["hermit:Defend_Hermit"],"damage_healed":0,"gold_gain":0,"player_choice":"Gave Gold","damage_taken":0,"max_hp_gain":0,"max_hp_loss":0,"event_name":"Beggar","floor":24,"gold_loss":75},{"cards_removed":["hermit:WideOpen"],"damage_healed":5,"gold_gain":0,"player_choice":"Offered Common","damage_taken":0,"max_hp_gain":0,"max_hp_loss":0,"event_name":"Bonfire Elementals","floor":29,"gold_loss":0},{"cards_removed":["hermit:WideOpen"],"damage_healed":5,"gold_gain":0,"player_choice":"Offered Special","damage_taken":0,"max_hp_gain":0,"max_hp_loss":0,"event_name":"Bonfire Elementals","floor":29,"gold_loss":0},{"damage_healed":0,"gold_gain":100,"player_choice":"Pray","damage_taken":0,"max_hp_gain":0,"max_hp_loss":0,"event_name":"Golden Shrine","floor":31,"gold_loss":0}],"is_beta":false,"boss_relics":[{"not_picked":["Busted Crown","Honey Jar"],"picked":"hermit:BartenderGlass"}],"items_purged_floors":[],"is_endless":false,"potions_floor_spawned":[1,6,12,16,18,30],"killed_by":"Automaton","ascension_level":0}}