{"host":"873t0y8ybyo38pfq","time":1609432353,"event":{"mods":["BaseMod","Bestiary","Colored Map","Colored Powertips","Highlight Path","Minty Spire (QoL Compilation)","Quick Restart","RNG Fix","Rare Cards Sparkle","Relic Stats","StSLib"],"gold_per_floor":[115,415,340,353,15,41,60,60,60,60,60,92,92,109,109,180,180,199,212,5,5,5,5],"floor_reached":22,"playtime":1031,"items_purged":["Strike_B","Strike_B"],"score":434,"play_id":"361491da-4a9b-44f5-a7e2-fcc38ce89045","local_time":"20201231113233","is_ascension_mode":true,"campfire_choices":[{"data":"Echo Form","floor":8,"key":"SMITH"},{"data":"Zap","floor":10,"key":"SMITH"},{"floor":13,"key":"REST"},{"floor":15,"key":"REST"}],"circlet_count":0,"master_deck":["AscendersBane","Strike_B","Strike_B","Defend_B","Defend_B","Defend_B","Defend_B","Zap+1","Dualcast","Echo Form+1","Static Discharge","Leap","Ball Lightning+1","Force Field","Electrodynamics","Leap","Conserve Battery","Hyperbeam+1","Steam Power","Zap","Reboot"],"relics":["Cracked Core","NeowsBlessing","Old Coin","ClockworkSouvenir","Smiling Mask","Molten Egg 2","Bottled Lightning","Nuclear Battery"],"acts_visited":["Exordium","TheCity"],"potions_floor_usage":[16,16,22],"damage_taken":[{"damage":0,"enemies":"Jaw Worm","floor":1,"turns":1},{"damage":0,"enemies":"2 Louse","floor":4,"turns":1},{"damage":0,"enemies":"Lagavulin","floor":6,"turns":2},{"damage":14,"enemies":"Small Slimes","floor":7,"turns":4},{"damage":36,"enemies":"3 Sentries","floor":12,"turns":8},{"damage":21,"enemies":"Gremlin Gang","floor":14,"turns":3},{"damage":24,"enemies":"Hexaghost","floor":16,"turns":9},{"damage":28,"enemies":"Shell Parasite","floor":18,"turns":4},{"damage":23,"enemies":"Spheric Guardian","floor":19,"turns":5},{"damage":5,"enemies":"Shelled Parasite and Fungi","floor":22,"turns":4}],"seed_played":"3299627749639362148","potions_obtained":[{"floor":12,"key":"PotionOfCapacity"},{"floor":14,"key":"LiquidMemories"},{"floor":16,"key":"Fire Potion"}],"is_trial":false,"path_per_floor":["M","?","$","M","$","E","M","R","T","R","?","E","R","M","R","B",null,"M","M","$","?","M"],"character_chosen":"DEFECT","items_purchased":["Echo Form","ClockworkSouvenir","Hyperbeam+1","Steam Power"],"campfire_rested":2,"item_purchase_floors":[5,5,20,20],"current_hp_per_floor":[64,64,64,64,64,64,50,50,50,50,50,14,35,14,35,11,56,28,5,5,5,0,0],"gold":5,"neow_bonus":"THREE_ENEMY_KILL","is_daily":false,"chose_seed":false,"campfire_upgraded":2,"win_rate":0.0,"timestamp":1609432353,"path_taken":["M","?","?","M","$","E","?","R","T","R","?","E","R","M","R","BOSS","M","M","$","?","M"],"items_purchased_type":["Card","Relic","Card","Card"],"build_version":"2020-12-22","purchased_purges":2,"victory":false,"max_hp_per_floor":[71,71,71,71,71,71,71,71,71,71,71,71,71,71,71,71,71,71,71,71,71,71,71],"relic_stats":{"counters":[10,41],"Smiling Mask":50,"obtain_stats":[{"NeowsBlessing":0,"Molten Egg 2":9,"Bottled Lightning":12,"Cracked Core":0,"Smiling Mask":6,"Old Coin":2,"ClockworkSouvenir":5,"Nuclear Battery":17},{"NeowsBlessing":0,"Molten Egg 2":4,"Bottled Lightning":5,"Cracked Core":0,"Smiling Mask":3,"Old Coin":1,"ClockworkSouvenir":2,"Nuclear Battery":7},{"NeowsBlessing":0,"Molten Egg 2":8,"Bottled Lightning":16,"Cracked Core":0,"Smiling Mask":4,"Old Coin":1,"ClockworkSouvenir":2,"Nuclear Battery":28}]},"card_choices":[{"not_picked":["Hologram","Conserve Battery"],"picked":"Skim","floor":1},{"not_picked":["Heatsinks","Rebound","Reprogram"],"picked":"SKIP","floor":4},{"not_picked":["Leap","Capacitor"],"picked":"Static Discharge","floor":6},{"not_picked":["Stack","Reinforced Body"],"picked":"Leap","floor":7},{"not_picked":["Barrage+1","Sweeping Beam+1"],"picked":"Ball Lightning+1","floor":12},{"not_picked":["Sunder+1","Static Discharge"],"picked":"Force Field","floor":14},{"not_picked":["Core Surge+1","Seek"],"picked":"Electrodynamics","floor":16},{"not_picked":["Rebound+1","Chill"],"picked":"Leap","floor":18},{"not_picked":["Chaos+1","Sweeping Beam+1"],"picked":"Conserve Battery","floor":19}],"player_experience":1446037,"relics_obtained":[{"floor":6,"key":"Smiling Mask"},{"floor":9,"key":"Molten Egg 2"},{"floor":12,"key":"Bottled Lightning"}],"event_choices":[{"cards_removed":["Skim"],"damage_healed":0,"gold_gain":0,"player_choice":"Gave Card","damage_taken":0,"relics_obtained":["Old Coin"],"max_hp_gain":0,"max_hp_loss":0,"event_name":"WeMeetAgain","floor":2,"gold_loss":0},{"damage_healed":0,"gold_gain":0,"player_choice":"Ignored","damage_taken":0,"max_hp_gain":0,"max_hp_loss":0,"event_name":"Liars Game","floor":11,"gold_loss":0},{"damage_healed":0,"gold_gain":0,"player_choice":"2 cards matched","damage_taken":0,"max_hp_gain":0,"max_hp_loss":0,"event_name":"Match and Keep!","floor":21,"gold_loss":0,"cards_obtained":["Zap","Reboot"]}],"is_beta":false,"boss_relics":[{"not_picked":["Empty Cage","Snecko Eye"],"picked":"Nuclear Battery"}],"items_purged_floors":[3,20],"is_endless":false,"potions_floor_spawned":[12,14,16],"killed_by":"Shelled Parasite and Fungi","ascension_level":20}}