{"host":"rmsq46plbpwfbxcc","time":1609432920,"event":{"mods":["AchievementEnabler","BaseMod","Colored Map","Colored Powertips","DeckTracker","KOR Keyword Fix","Minty Spire (QoL Compilation)","Permanent Neow","Quick Restart","SuperFastMode"],"gold_per_floor":[112,112,126,139,150,150,176,101,101,120,153,153,153,169,169,241,241,258,258,16,0,50,50,64,64,64,82,82,82,110,122,122,199,249,268,268,168,168,188,188,63,82,82,109,109,138,138,138,138,138,138],"floor_reached":52,"playtime":1538,"items_purged":["Strike_G","Defend_G+1","Strike_G+1"],"score":2022,"play_id":"553148d3-2657-469a-b1a0-8126b90b8020","local_time":"20210101014200","is_ascension_mode":true,"campfire_choices":[{"data":"Blade Dance","floor":6.0,"key":"SMITH"},{"data":"Cloak And Dagger","floor":12.0,"key":"SMITH"},{"data":"Cloak And Dagger","floor":15.0,"key":"SMITH"},{"data":"After Image","floor":23.0,"key":"SMITH"},{"data":"Accuracy","floor":25.0,"key":"SMITH"},{"data":"Finisher","floor":29.0,"key":"SMITH"},{"data":"Accuracy","floor":32.0,"key":"SMITH"},{"data":"Blade Dance","floor":40.0,"key":"SMITH"},{"data":"Terror","floor":45.0,"key":"SMITH"},{"data":"Bullet Time","floor":47.0,"key":"SMITH"},{"floor":49.0,"key":"REST"}],"circlet_count":0,"master_deck":["AscendersBane","Strike_G+1","Strike_G+1","Defend_G+1","Defend_G+1","Defend_G+1","Survivor+1","Neutralize+1","PiercingWail+1","Cloak And Dagger+1","Blade Dance+1","Backflip","Endless Agony","Cloak And Dagger+1","After Image+1","Accuracy+1","Finisher+1","Accuracy+1","Burst","Blade Dance+1","Acrobatics+1","Terror+1","Bullet Time+1","Trip"],"relics":["WristBlade","Omamori","War Paint","StrikeDummy","SlaversCollar","Toy Ornithopter","Mummified Hand","Tiny House","White Beast Statue","Lizard Tail","Singing Bowl","Darkstone Periapt"],"acts_visited":["Exordium","TheCity","TheBeyond"],"potions_floor_usage":[],"damage_taken":[{"damage":2.0,"enemies":"2 Louse","floor":1.0,"turns":5.0},{"damage":2.0,"enemies":"Jaw Worm","floor":3.0,"turns":5.0},{"damage":0.0,"enemies":"Cultist","floor":4.0,"turns":5.0},{"damage":14.0,"enemies":"3 Louse","floor":5.0,"turns":5.0},{"damage":24.0,"enemies":"Gremlin Nob","floor":7.0,"turns":4.0},{"damage":0.0,"enemies":"2 Fungi Beasts","floor":10.0,"turns":2.0},{"damage":5.0,"enemies":"Lagavulin","floor":11.0,"turns":5.0},{"damage":0.0,"enemies":"Blue Slaver","floor":14.0,"turns":2.0},{"damage":0.0,"enemies":"Slime Boss","floor":16.0,"turns":6.0},{"damage":15.0,"enemies":"Chosen","floor":18.0,"turns":4.0},{"damage":4.0,"enemies":"2 Thieves","floor":24.0,"turns":4.0},{"damage":8.0,"enemies":"Shelled Parasite and Fungi","floor":27.0,"turns":5.0},{"damage":18.0,"enemies":"Slavers","floor":30.0,"turns":5.0},{"damage":0.0,"enemies":"Snecko","floor":31.0,"turns":4.0},{"damage":34.0,"enemies":"Collector","floor":33.0,"turns":8.0},{"damage":22.0,"enemies":"3 Darklings","floor":35.0,"turns":3.0},{"damage":4.0,"enemies":"3 Shapes","floor":39.0,"turns":7.0},{"damage":0.0,"enemies":"Jaw Worm Horde","floor":42.0,"turns":2.0},{"damage":0.0,"enemies":"Reptomancer","floor":44.0,"turns":3.0},{"damage":8.0,"enemies":"Giant Head","floor":46.0,"turns":4.0},{"damage":8.0,"enemies":"Awakened One","floor":50.0,"turns":6.0},{"damage":62,"enemies":"Time Eater","floor":51,"turns":8}],"seed_played":"6528897552751078548","potions_obtained":[{"floor":7.0,"key":"Swift Potion"},{"floor":10.0,"key":"Fire Potion"},{"floor":14.0,"key":"BlessingOfTheForge"},{"floor":16.0,"key":"CunningPotion"},{"floor":24.0,"key":"Swift Potion"},{"floor":30.0,"key":"AttackPotion"},{"floor":31.0,"key":"GamblersBrew"},{"floor":34.0,"key":"Fire Potion"},{"floor":35.0,"key":"ColorlessPotion"},{"floor":39.0,"key":"CunningPotion"},{"floor":42.0,"key":"LiquidMemories"},{"floor":44.0,"key":"Weak Potion"}],"is_trial":false,"path_per_floor":["M","?","M","M","M","R","E","$","T","M","E","R","?","M","R","B",null,"M","?","$","?","?","R","M","R","T","M","$","R","E","M","R","B",null,"M","?","$","T","M","R","$","M","T","E","R","E","R","?","R","B","B",null],"character_chosen":"THE_SILENT","items_purchased":["Accuracy","Finisher","Regen Potion"],"campfire_rested":1,"item_purchase_floors":[20,20,20],"current_hp_per_floor":[57,57,55,55,41,41,17,17,17,17,12,12,12,12,12,12,53,38,38,38,38,38,38,46,46,46,43,43,43,25,25,25,1,55,38,38,38,38,39,39,39,44,44,44,44,38,38,38,59,61,36],"gold":138,"neow_bonus":"BOSS_RELIC","is_daily":false,"chose_seed":false,"campfire_upgraded":10,"win_rate":0.0,"timestamp":1609432920,"path_taken":["M","?","M","M","M","R","E","$","T","M","E","R","?","M","R","BOSS","M","?","$","?","?","R","M","R","T","?","$","R","E","M","R","BOSS","M","?","?","?","M","R","$","M","T","E","R","E","R","?","R","BOSS","BOSS"],"items_purchased_type":["Card","Card","Potion"],"build_version":"2020-12-22","purchased_purges":3,"victory":true,"max_hp_per_floor":[66,66,66,66,66,66,66,66,66,66,66,66,66,66,66,66,66,66,66,66,66,66,66,66,66,66,66,66,66,66,66,66,66,71,71,71,71,71,71,71,71,71,71,71,71,73,73,73,73,73,73],"card_choices":[{"not_picked":["Quick Slash","Bane"],"picked":"PiercingWail","floor":1.0},{"not_picked":["Bane","Riddle With Holes"],"picked":"Cloak And Dagger","floor":3.0},{"not_picked":["Predator","All Out Attack","Prepared"],"picked":"SKIP","floor":4.0},{"not_picked":["Deflect","Footwork"],"picked":"Blade Dance","floor":5.0},{"not_picked":["Eviscerate","Doppelganger","Dagger Throw"],"picked":"SKIP","floor":7.0},{"not_picked":["Deadly Poison","All Out Attack"],"picked":"Backflip","floor":10.0},{"not_picked":["Dagger Spray","Night Terror"],"picked":"Endless Agony","floor":11.0},{"not_picked":["Deflect","Bane"],"picked":"Cloak And Dagger","floor":14.0},{"not_picked":["Die Die Die","Phantasmal Killer"],"picked":"After Image","floor":16.0},{"not_picked":["Leg Sweep","Backflip","Dagger Throw"],"picked":"SKIP","floor":18.0},{"not_picked":["Dodge and Roll+1","Expertise","Sucker Punch"],"picked":"SKIP","floor":24.0},{"not_picked":["Expertise+1","Crippling Poison+1","Deflect"],"picked":"SKIP","floor":27.0},{"not_picked":["Catalyst","Dodge and Roll+1"],"picked":"Accuracy","floor":30.0},{"not_picked":["Poisoned Stab","Underhanded Strike","Endless Agony"],"picked":"SKIP","floor":31.0},{"not_picked":["Die Die Die","Night Terror"],"picked":"Burst","floor":33.0},{"not_picked":["Underhanded Strike+1","Dagger Throw+1"],"picked":"Blade Dance","floor":34.0},{"not_picked":["Deadly Poison","Flying Knee+1","Sucker Punch"],"picked":"SKIP","floor":35.0},{"not_picked":["Sucker Punch+1","Eviscerate+1"],"picked":"Acrobatics+1","floor":39.0},{"not_picked":["Caltrops","Cloak And Dagger"],"picked":"Terror","floor":42.0},{"not_picked":["Die Die Die","Blade Dance"],"picked":"Bullet Time","floor":44.0},{"not_picked":["Blade Dance","Backstab","Sucker Punch+1"],"picked":"Singing Bowl","floor":46.0},{"not_picked":["Dramatic Entrance","Secret Weapon"],"picked":"Trip","floor":48.0}],"player_experience":1424182,"relics_obtained":[{"floor":7.0,"key":"Omamori"},{"floor":9.0,"key":"War Paint"},{"floor":11.0,"key":"StrikeDummy"},{"floor":26.0,"key":"Toy Ornithopter"},{"floor":30.0,"key":"Mummified Hand"},{"floor":38.0,"key":"White Beast Statue"},{"floor":43.0,"key":"Lizard Tail"},{"floor":44.0,"key":"Singing Bowl"},{"floor":46.0,"key":"Darkstone Periapt"}],"event_choices":[{"damage_healed":0.0,"max_hp_gain":0.0,"max_hp_loss":0.0,"gold_gain":0.0,"event_name":"Living Wall","player_choice":"Grow","floor":2.0,"gold_loss":0.0,"damage_taken":0.0,"cards_upgraded":["Neutralize"]},{"cards_removed":["Defend_G"],"damage_healed":0.0,"max_hp_gain":0.0,"max_hp_loss":0.0,"gold_gain":0.0,"event_name":"Wheel of Change","player_choice":"Card Removal","floor":13.0,"gold_loss":0.0,"damage_taken":0.0},{"damage_healed":0.0,"max_hp_gain":0.0,"max_hp_loss":0.0,"gold_gain":0.0,"event_name":"Back to Basics","player_choice":"Simplicity","floor":19.0,"gold_loss":0.0,"damage_taken":0.0,"cards_upgraded":["Strike_G","Strike_G","Strike_G","Strike_G","Defend_G","Defend_G","Defend_G"]},{"damage_healed":0.0,"max_hp_gain":0.0,"max_hp_loss":0.0,"gold_gain":0.0,"event_name":"Masked Bandits","player_choice":"Paid Fearfully","floor":21.0,"gold_loss":16.0,"damage_taken":0.0},{"damage_healed":0.0,"max_hp_gain":0.0,"max_hp_loss":0.0,"gold_gain":50.0,"event_name":"Nest","player_choice":"Stole From Cult","floor":22.0,"gold_loss":0.0,"damage_taken":0.0},{"cards_removed":["Strike_G"],"damage_healed":0.0,"max_hp_gain":0.0,"max_hp_loss":0.0,"gold_gain":0.0,"event_name":"Bonfire Elementals","player_choice":"Offered Basic","floor":36.0,"gold_loss":0.0,"damage_taken":0.0},{"damage_healed":0.0,"max_hp_gain":0.0,"max_hp_loss":0.0,"gold_gain":0.0,"event_name":"SensoryStone","player_choice":"Memory 1","floor":48.0,"gold_loss":0.0,"damage_taken":0.0}],"is_beta":false,"boss_relics":[{"not_picked":["Pandora\u0027s Box","SacredBark"],"picked":"SlaversCollar"},{"not_picked":["Runic Pyramid","Velvet Choker"],"picked":"Tiny House"}],"items_purged_floors":[8,37,41],"is_endless":false,"potions_floor_spawned":[7,10,14,16,24,30,31,35,39,42,44,46],"ascension_level":20}}