{"host":"o5or1zybx7au40zl","time":1609422136,"event":{"mods":["Act Like it!","BaseMod","Better Third Choice","Conspire","Dota2Spire","Hubris","Minty Spire (QoL Compilation)","Replay The Spire","StSLib"],"gold_per_floor":[118,129,326,345,362,397,412,412,435,446,462,462,479,479,479,581,581,593,609,609,629,644,644,644,644],"floor_reached":24,"playtime":1493,"items_purged":[],"score":204,"play_id":"9ad0fcf8-dd91-47cb-858c-d170774ff77f","local_time":"20201231144216","is_ascension_mode":false,"campfire_choices":[{"floor":8,"key":"RECALL"},{"floor":12,"key":"REST"},{"data":"Envenom","floor":15,"key":"SMITH"},{"floor":23,"key":"REST"}],"circlet_count":0,"master_deck":["Strike_G","Strike_G","Strike_G","Defend_G","Defend_G","Defend_G","Defend_G","Survivor","Neutralize","PiercingWail+1","Predator+1","Escape Plan+1","Dagger Spray","Draining Mist","ReplayTheSpireMod:Splinters","conspire:DoublingDagger","Toxin Wave","Flying Knee","Crippling Poison","Envenom+1","Draining Mist","Dagger Spray","Glass Knife","CurseOfTheBell","Quick Slash+1","conspire:PoisonWeapons+1","Burst"],"relics":["Astrolabe","hubris:AncientText","hubris:Towel","Calling Bell","hubris:ToyBattleship","White Beast Statue","Thread and Needle"],"acts_visited":["Exordium","TheCity"],"potions_floor_usage":[16,21,22,24],"damage_taken":[{"damage":0,"enemies":"conspire:RoseBush","floor":1,"turns":2},{"damage":0,"enemies":"Small Slimes","floor":2,"turns":3},{"damage":0,"enemies":"Jaw Worm","floor":4,"turns":3},{"damage":29,"enemies":"Exordium Thugs","floor":5,"turns":6},{"damage":8,"enemies":"Replay:BlueRogue","floor":6,"turns":6},{"damage":7,"enemies":"Blue Slaver","floor":7,"turns":3},{"damage":0,"enemies":"3 Louse","floor":10,"turns":3},{"damage":8,"enemies":"Lots of Slimes","floor":11,"turns":2},{"damage":8,"enemies":"Red Slaver","floor":13,"turns":4},{"damage":22,"enemies":"Slime Boss","floor":16,"turns":8},{"damage":0,"enemies":"3 Byrds","floor":18,"turns":5},{"damage":0,"enemies":"Chosen","floor":19,"turns":5},{"damage":27,"enemies":"Shelled Parasite and Fungi","floor":21,"turns":6},{"damage":29,"enemies":"Centurion and Healer","floor":22,"turns":7},{"damage":46,"enemies":"conspire:SneckoGhost","floor":24,"turns":6}],"seed_played":"-4163850761458761543","potions_obtained":[{"floor":4,"key":"Dota2Spire:Clarity"},{"floor":6,"key":"Energy Potion"},{"floor":10,"key":"Languid Potion"},{"floor":13,"key":"Cursed Concoction"},{"floor":18,"key":"BlessingOfTheForge"},{"floor":21,"key":"Poison Potion"},{"floor":22,"key":"Ancient Potion"}],"is_trial":false,"path_per_floor":["M","M","?","M","M","E","M","R","T","M","M","R","M","?","R","B",null,"M","M","?","M","M","R","E"],"character_chosen":"THE_SILENT","items_purchased":[],"campfire_rested":2,"item_purchase_floors":[],"current_hp_per_floor":[70,70,70,70,41,33,26,26,26,26,18,39,31,31,31,9,70,70,70,70,43,14,35,0,0],"gold":644,"neow_bonus":"BOSS_RELIC","is_daily":false,"chose_seed":false,"campfire_upgraded":1,"win_rate":0.0,"timestamp":1609422136,"path_taken":["M","M","?","M","M","E","M","R","T","M","M","R","M","?","R","BOSS","M","M","?","M","M","R","E"],"items_purchased_type":[],"build_version":"2020-12-22","purchased_purges":0,"victory":false,"max_hp_per_floor":[70,70,70,70,70,70,70,70,70,70,70,70,70,70,70,70,70,70,70,70,70,70,70,70,70],"card_choices":[{"not_picked":["Deflect","Finisher"],"picked":"Dagger Spray","floor":1},{"not_picked":["Deadly Poison","Terror"],"picked":"Draining Mist","floor":2},{"not_picked":["Hidden Blade","Acrobatics"],"picked":"conspire:DoublingDagger","floor":3},{"not_picked":["Underhanded Strike","Bane"],"picked":"Toxin Wave","floor":4},{"not_picked":["Backflip","Sucker Punch"],"picked":"Flying Knee","floor":5},{"not_picked":["ReplayTheSpireMod:Tripwire","Dagger Throw"],"picked":"Crippling Poison","floor":6},{"not_picked":["ReplayTheSpireMod:Shiv Toss","Cloak And Dagger"],"picked":"Envenom","floor":7},{"not_picked":["Sucker Punch","Accuracy"],"picked":"Draining Mist","floor":10},{"not_picked":["Prepared","Toxin Wave"],"picked":"Dagger Spray","floor":11},{"not_picked":["Concentrate","Noxious Fumes","Dagger Throw"],"picked":"SKIP","floor":13},{"not_picked":["Night Terror","Envenom"],"picked":"Glass Knife","floor":16},{"not_picked":["Underhanded Strike","Calculated Gamble"],"picked":"Quick Slash+1","floor":18},{"not_picked":["Deadly Poison","Predator+1"],"picked":"conspire:PoisonWeapons+1","floor":19},{"not_picked":["Outmaneuver+1","conspire:PoisonWeapons","Acrobatics"],"picked":"SKIP","floor":21},{"not_picked":["Deflect","Flying Knee"],"picked":"Burst","floor":22}],"player_experience":914089,"relics_obtained":[{"floor":6,"key":"hubris:AncientText"},{"floor":17,"key":"hubris:ToyBattleship"},{"floor":17,"key":"White Beast Statue"},{"floor":17,"key":"Thread and Needle"}],"event_choices":[{"damage_healed":0,"gold_gain":0,"player_choice":"Bought 0 Potions","damage_taken":0,"max_hp_gain":0,"max_hp_loss":0,"event_name":"The Woman in Blue","floor":20,"gold_loss":0}],"is_beta":false,"boss_relics":[{"not_picked":["hubris:GrandSneckoEye","Snecko Scales"],"picked":"Calling Bell"}],"items_purged_floors":[],"is_endless":false,"potions_floor_spawned":[4,6,10,13,18,19,21,22],"killed_by":"conspire:SneckoGhost","ascension_level":0}}