{"host":"92108ef2q9tm8rod","time":1609375814,"event":{"mods":["BaseMod","Defuse TimeMaze Blight","Minty Spire (QoL Compilation)","StSLib","The Jungle"],"gold_per_floor":[112,122,122,134,134,169,169,195,222,222,222,242,242,261,261,365,365,384,401,420,193,193,193,193,22,22,56,56,73,73,83,83,188,188,200,218,68,118,134,134,134,134,134,134,166,166,166,176,176,176],"floor_reached":51,"playtime":2559,"items_purged":["Poisoned Stab"],"score":853,"play_id":"07d51d32-5244-4b7c-bb57-11903910ceb5","local_time":"20201231005014","daily_mods":["SealedDeck","Colorless Cards","Heirloom","Flight"],"is_ascension_mode":false,"campfire_choices":[{"data":"Madness","floor":7,"key":"SMITH"},{"data":"Blur","floor":10,"key":"SMITH"},{"data":"Blind","floor":11,"key":"SMITH"},{"data":"Panacea","floor":13,"key":"SMITH"},{"data":"Backflip","floor":15,"key":"SMITH"},{"data":"Adrenaline","floor":23,"key":"SMITH"},{"data":"Catalyst","floor":24,"key":"SMITH"},{"data":"Sadistic Nature","floor":28,"key":"SMITH"},{"data":"Dodge and Roll","floor":30,"key":"SMITH"},{"data":"Blur","floor":32,"key":"SMITH"},{"data":"Noxious Fumes","floor":40,"key":"SMITH"},{"data":"Corpse Explosion","floor":41,"key":"SMITH"},{"data":"Dramatic Entrance","floor":42,"key":"SMITH"},{"data":"Deadly Poison","floor":44,"key":"SMITH"},{"data":"Finesse","floor":46,"key":"SMITH"},{"data":"Bane","floor":47,"key":"SMITH"},{"data":"After Image","floor":49,"key":"SMITH"}],"circlet_count":0,"master_deck":["Masterful Stab","Dodge and Roll+1","Dramatic Entrance+1","Backflip+1","Madness+1","Blind+1","Deadly Poison+1","Bane+1","Blur+1","Panacea+1","Finesse+1","Adrenaline+1","Corpse Explosion+1","Noxious Fumes+1","Catalyst+1","Sadistic Nature+1","Blur+1","After Image+1","Escape Plan+1"],"relics":["Ring of the Snake","Turnip","Ancient Tea Set","Strawberry","Toy Ornithopter","Empty Cage","Question Card","Art of War","Anchor","Peace Pipe","Pen Nib","Blood Vial"],"acts_visited":["Exordium","TheCity","TheBeyond"],"potions_floor_usage":[12,29,31,33,45,50,50],"damage_taken":[{"damage":0,"enemies":"Small Slimes","floor":1,"turns":2},{"damage":0,"enemies":"Cultist","floor":2,"turns":2},{"damage":0,"enemies":"2 Louse","floor":4,"turns":2},{"damage":8,"enemies":"3 Sentries","floor":6,"turns":6},{"damage":3,"enemies":"Gremlin Nob","floor":8,"turns":4},{"damage":0,"enemies":"Large Slime","floor":12,"turns":3},{"damage":0,"enemies":"2 Fungi Beasts","floor":14,"turns":3},{"damage":0,"enemies":"Hexaghost","floor":16,"turns":7},{"damage":0,"enemies":"Shell Parasite","floor":18,"turns":3},{"damage":0,"enemies":"3 Byrds","floor":19,"turns":4},{"damage":0,"enemies":"3 Cultists","floor":20,"turns":5},{"damage":19,"enemies":"Slavers","floor":27,"turns":2},{"damage":0,"enemies":"Snecko","floor":29,"turns":3},{"damage":0,"enemies":"Snake Plant","floor":31,"turns":2},{"damage":0,"enemies":"Champ","floor":33,"turns":7},{"damage":0,"enemies":"3 Shapes","floor":35,"turns":3},{"damage":0,"enemies":"Orb Walker","floor":36,"turns":3},{"damage":0,"enemies":"Mind Bloom Boss Battle","floor":38,"turns":5},{"damage":0,"enemies":"Sphere and 2 Shapes","floor":39,"turns":4},{"damage":0,"enemies":"Reptomancer","floor":45,"turns":3},{"damage":0,"enemies":"Spire Growth","floor":48,"turns":3},{"damage":14,"enemies":"Donu and Deca","floor":50,"turns":6}],"seed_played":"-3351875137660384704","potions_obtained":[{"floor":1,"key":"Regen Potion"},{"floor":6,"key":"Regen Potion"},{"floor":12,"key":"SpeedPotion"},{"floor":16,"key":"Ancient Potion"},{"floor":29,"key":"GamblersBrew"},{"floor":33,"key":"PowerPotion"},{"floor":36,"key":"DuplicationPotion"}],"is_trial":true,"path_per_floor":["M","M","?","M","$","E","R","E","T","R","R","M","R","M","R","B",null,"M","M","M","$","?","R","R","$","T","E","R","M","R","M","R","B",null,"M","M","$","?","M","R","R","R","T","R","E","R","R","M","R","B",null],"character_chosen":"THE_SILENT","items_purchased":["Noxious Fumes","Catalyst","Sadistic Nature","Anchor"],"campfire_rested":0,"item_purchase_floors":[21,21,25,37],"current_hp_per_floor":[70,70,70,70,70,62,62,66,66,66,66,77,77,77,77,77,77,77,77,77,77,77,77,77,77,77,58,58,75,75,77,77,77,77,77,77,77,77,77,77,77,77,77,77,77,77,77,77,77,63],"gold":176,"neow_bonus":"","is_daily":false,"chose_seed":false,"campfire_upgraded":17,"win_rate":0.0,"timestamp":1609375814,"path_taken":["M","M","?","M","$","E","R","E","T","R","R","M","R","M","R","BOSS","M","?","?","$","?","R","R","$","T","E","R","M","R","M","R","BOSS","M","M","$","?","M","R","R","R","T","R","E","R","R","M","R","BOSS"],"items_purchased_type":["Card","Card","Card","Relic"],"build_version":"2020-12-22","purchased_purges":1,"victory":true,"max_hp_per_floor":[70,70,70,70,70,70,70,77,77,77,77,77,77,77,77,77,77,77,77,77,77,77,77,77,77,77,77,77,77,77,77,77,77,77,77,77,77,77,77,77,77,77,77,77,77,77,77,77,77,77],"card_choices":[{"not_picked":["Acrobatics","Prepared","Finisher"],"picked":"SKIP","floor":1},{"not_picked":["Underhanded Strike","Bandage Up"],"picked":"Bane","floor":2},{"not_picked":["Tactician","Dagger Spray"],"picked":"Panacea","floor":4},{"not_picked":["Deadly Poison","Accuracy"],"picked":"Finesse","floor":6},{"not_picked":["Outmaneuver","Secret Weapon","Blind"],"picked":"SKIP","floor":8},{"not_picked":["Jack Of All Trades","Calculated Gamble","Outmaneuver"],"picked":"SKIP","floor":12},{"not_picked":["Deflect","Outmaneuver","Slice"],"picked":"SKIP","floor":14},{"not_picked":["Thinking Ahead","Chrysalis"],"picked":"Adrenaline","floor":16},{"not_picked":["Distraction","Outmaneuver","Blade Dance+1"],"picked":"SKIP","floor":18},{"not_picked":["Underhanded Strike","Prepared","Deflect"],"picked":"SKIP","floor":19},{"not_picked":["Deadly Poison+1","Distraction"],"picked":"Corpse Explosion","floor":20},{"not_picked":["Jack Of All Trades","Well Laid Plans+1","Quick Slash","Cloak And Dagger"],"picked":"SKIP","floor":27},{"not_picked":["Bane+1","Dodge and Roll","Prepared","Cloak And Dagger"],"picked":"SKIP","floor":29},{"not_picked":["Slice+1","Accuracy","Caltrops+1"],"picked":"Blur","floor":31},{"not_picked":["Envenom","Chrysalis","Corpse Explosion"],"picked":"After Image","floor":33},{"not_picked":["Dodge and Roll+1","Acrobatics","Dagger Throw","Sucker Punch"],"picked":"SKIP","floor":35},{"not_picked":["Good Instincts","Sucker Punch","Deflect+1"],"picked":"Escape Plan+1","floor":36},{"not_picked":["Prepared+1","Poisoned Stab+1","Dodge and Roll","Dark Shackles+1"],"picked":"SKIP","floor":39},{"not_picked":["Prepared+1","Poisoned Stab+1","Dodge and Roll","Dark Shackles+1"],"picked":"SKIP","floor":39},{"not_picked":["Backflip","Deflect+1","Impatience","Accuracy"],"picked":"SKIP","floor":45},{"not_picked":["Blade Dance+1","Dagger Throw+1","Outmaneuver+1","Eviscerate"],"picked":"SKIP","floor":48}],"player_experience":3216889,"relics_obtained":[{"floor":6,"key":"Ancient Tea Set"},{"floor":8,"key":"Strawberry"},{"floor":9,"key":"Toy Ornithopter"},{"floor":26,"key":"Question Card"},{"floor":27,"key":"Art of War"},{"floor":38,"key":"Peace Pipe"},{"floor":43,"key":"Pen Nib"},{"floor":45,"key":"Blood Vial"}],"event_choices":[{"damage_healed":0,"gold_gain":0,"player_choice":"1 cards matched","damage_taken":0,"max_hp_gain":0,"max_hp_loss":0,"event_name":"Match and Keep!","floor":3,"gold_loss":0,"cards_obtained":["Blur"]},{"damage_healed":0,"gold_gain":0,"player_choice":"Ignored","damage_taken":0,"max_hp_gain":0,"max_hp_loss":0,"event_name":"Beggar","floor":22,"gold_loss":0},{"damage_healed":0,"gold_gain":0,"player_choice":"Fight","damage_taken":0,"max_hp_gain":0,"max_hp_loss":0,"event_name":"MindBloom","floor":38,"gold_loss":0}],"is_beta":false,"boss_relics":[{"not_picked":["SlaversCollar","SacredBark"],"picked":"Empty Cage"},{"not_picked":["Philosopher\u0027s Stone","Runic Dome","Cursed Key"]}],"items_purged_floors":[21],"is_endless":false,"potions_floor_spawned":[1,6,12,16,18,29,33,36,38],"ascension_level":0}}