{"host":"981nlwu0905dw1bz","time":1609432264,"event":{"mods":["BaseMod","DeckTracker","Minty Spire (QoL Compilation)","Rare Cards Sparkle","SuperFastMode"],"gold_per_floor":[116,216,235,246,258,292,292,292,292,307,11,11,23,42,42,140,140,157,157,157,157,1,1,35,35,113,129,143,143,162,179,179,179,179],"floor_reached":33,"playtime":1501,"items_purged":[],"score":430,"play_id":"331fc675-1a08-4a68-9a28-6c1da6cd5e40","local_time":"20210101013104","is_ascension_mode":true,"campfire_choices":[{"floor":8.0,"key":"REST"},{"floor":15.0,"key":"REST"},{"floor":23,"key":"REST"},{"data":"Streamline","floor":25,"key":"SMITH"},{"floor":29,"key":"REST"},{"data":"Leap","floor":32,"key":"SMITH"}],"circlet_count":0,"master_deck":["AscendersBane","Defend_B","Defend_B","Defend_B","Defend_B","Zap","Dualcast","Conserve Battery","Streamline+1","Go for the Eyes","Rebound","Sweeping Beam","Cold Snap","Melter","Biased Cognition","Redo+1","Chill+1","Streamline+1","BootSequence","Leap+1","Stack"],"relics":["Cracked Core","Kunai","Blue Candle","Bottled Flame","Emotion Chip","Astrolabe","Enchiridion","DataDisk","Peace Pipe","Meat on the Bone"],"acts_visited":["Exordium","TheCity"],"potions_floor_usage":[24],"damage_taken":[{"damage":6.0,"enemies":"Jaw Worm","floor":1.0,"turns":4.0},{"damage":1.0,"enemies":"Cultist","floor":3.0,"turns":3.0},{"damage":0.0,"enemies":"2 Louse","floor":4.0,"turns":2.0},{"damage":10.0,"enemies":"Gremlin Gang","floor":5.0,"turns":5.0},{"damage":21.0,"enemies":"3 Sentries","floor":6.0,"turns":6.0},{"damage":4.0,"enemies":"Red Slaver","floor":10.0,"turns":4.0},{"damage":23.0,"enemies":"Exordium Thugs","floor":13.0,"turns":4.0},{"damage":6.0,"enemies":"Blue Slaver","floor":14.0,"turns":3.0},{"damage":14,"enemies":"Slime Boss","floor":16,"turns":11},{"damage":6,"enemies":"Shell Parasite","floor":18,"turns":5},{"damage":22,"enemies":"Gremlin Leader","floor":24,"turns":8},{"damage":0,"enemies":"Chosen","floor":27,"turns":4},{"damage":15,"enemies":"Snecko","floor":28,"turns":6},{"damage":0,"enemies":"Cultist and Chosen","floor":30,"turns":7},{"damage":10,"enemies":"Centurion and Healer","floor":31,"turns":6},{"damage":19,"enemies":"Champ","floor":33,"turns":8}],"seed_played":"3467914141440422254","potions_obtained":[{"floor":3.0,"key":"CultistPotion"},{"floor":13.0,"key":"SkillPotion"},{"floor":14.0,"key":"Energy Potion"},{"floor":16,"key":"AttackPotion"},{"floor":28,"key":"BlessingOfTheForge"}],"is_trial":false,"path_per_floor":["M","?","M","M","M","E","?","R","T","M","$","$","M","M","R","B",null,"M","?","?","?","$","R","E","R","T","M","M","R","M","M","R","B"],"character_chosen":"DEFECT","items_purchased":["Emotion Chip","DataDisk"],"campfire_rested":4,"item_purchase_floors":[11,22],"current_hp_per_floor":[62,62,61,61,51,30,30,52,52,48,48,48,25,19,41,27,63,57,41,41,41,41,63,41,41,41,41,38,60,60,50,50,31,31],"gold":179,"neow_bonus":"TRANSFORM_CARD","is_daily":false,"chose_seed":false,"campfire_upgraded":2,"win_rate":0.0,"timestamp":1609432264,"path_taken":["M","?","M","?","M","E","?","R","T","?","?","$","M","M","R","BOSS","M","?","?","?","$","R","E","R","T","M","?","R","M","M","R","BOSS"],"items_purchased_type":["Relic","Relic"],"build_version":"2020-12-22","purchased_purges":0,"victory":false,"max_hp_per_floor":[75,75,75,75,75,75,75,75,75,75,75,75,75,75,75,75,75,75,75,75,75,75,75,75,75,75,75,75,75,75,75,75,75,75],"card_choices":[{"not_picked":["Turbo","Ball Lightning"],"picked":"Streamline","floor":1.0},{"not_picked":["Stack","White Noise"],"picked":"Go for the Eyes","floor":3.0},{"not_picked":["Streamline","Core Surge"],"picked":"Rebound","floor":4.0},{"not_picked":["Rebound","Doom and Gloom"],"picked":"Sweeping Beam","floor":5.0},{"not_picked":["Ball Lightning","Reprogram"],"picked":"Cold Snap","floor":6.0},{"not_picked":["Rebound","Streamline"],"picked":"Melter","floor":10.0},{"not_picked":["Rebound","Turbo","Fusion"],"picked":"SKIP","floor":13.0},{"not_picked":["Steam","Reinforced Body"],"picked":"Go for the Eyes","floor":14.0},{"not_picked":["All For One","Hyperbeam"],"picked":"Biased Cognition","floor":16},{"not_picked":["Sweeping Beam","Coolheaded","Gash"],"picked":"SKIP","floor":18},{"not_picked":["Gash","Melter"],"picked":"BootSequence","floor":24},{"not_picked":["Compile Driver","Sweeping Beam"],"picked":"Leap","floor":27},{"not_picked":["Darkness","Barrage","Heatsinks"],"picked":"SKIP","floor":28},{"not_picked":["BootSequence","Go for the Eyes","Streamline"],"picked":"SKIP","floor":30},{"not_picked":["Recycle+1","Fission"],"picked":"Stack","floor":31}],"player_experience":516803,"relics_obtained":[{"floor":6.0,"key":"Kunai"},{"floor":9.0,"key":"Bottled Flame"},{"floor":19,"key":"Enchiridion"},{"floor":24,"key":"Peace Pipe"},{"floor":26,"key":"Meat on the Bone"}],"event_choices":[{"damage_healed":0.0,"max_hp_gain":0.0,"max_hp_loss":0.0,"gold_gain":100.0,"event_name":"Golden Shrine","player_choice":"Pray","floor":2.0,"gold_loss":0.0,"damage_taken":0.0},{"damage_healed":0.0,"max_hp_gain":0.0,"max_hp_loss":0.0,"gold_gain":0.0,"event_name":"WeMeetAgain","player_choice":"Gave Potion","floor":7.0,"gold_loss":0.0,"damage_taken":0.0,"relics_obtained":["Blue Candle"]},{"damage_healed":0,"gold_gain":0,"player_choice":"Obtained Book","damage_taken":16,"max_hp_gain":0,"max_hp_loss":0,"event_name":"Cursed Tome","floor":19,"gold_loss":0},{"damage_healed":0,"gold_gain":0,"player_choice":"Ignored","damage_taken":0,"max_hp_gain":0,"max_hp_loss":0,"event_name":"Beggar","floor":20,"gold_loss":0},{"cards_removed":["Go for the Eyes"],"damage_healed":0,"gold_gain":0,"player_choice":"Purged","damage_taken":0,"max_hp_gain":0,"max_hp_loss":0,"event_name":"Purifier","floor":21,"gold_loss":0}],"is_beta":false,"boss_relics":[{"not_picked":["Sozu","Cursed Key"],"picked":"Astrolabe"}],"items_purged_floors":[],"is_endless":false,"potions_floor_spawned":[3,13,14,16,18,28,31],"killed_by":"Champ","ascension_level":12}}