{"host":"6l14a1yoo52x3x71","time":1609419612,"event":{"mods":["2.2 Compatiblity","AchievementEnabler","Act Like it!","BaseMod","Bestiary","Better Third Choice","Colored Map","Googly Eyes","Minty Spire (QoL Compilation)","Permanent Neow","Quick Restart","StSLib","The Marked","The Poker Player"],"gold_per_floor":[363,313,313,333,349,349,18,18,71,89,106,106,139,168,168,263,263,277,277,308,223,235,235,257,295,295,318,318,343,360,378,378,483,483,502,98,320,320,340,340,388,388,388,406,432,460,34,51,51,51],"floor_reached":51,"playtime":2081,"items_purged":["theMarked:Strike","theMarked:Strike","theMarked:Strike"],"score":717,"play_id":"096be143-5e9a-4ffd-9831-d5b76400dda3","local_time":"20201231150012","is_ascension_mode":false,"campfire_choices":[{"data":"theMarked:BanishingStrike","floor":6,"key":"SMITH"},{"data":"theMarked:SoldierOfQuellstein","floor":8,"key":"SMITH"},{"floor":12,"key":"REST"},{"data":"theMarked:Frustration","floor":15,"key":"SMITH"},{"floor":23,"key":"REST"},{"data":"theMarked:BindingBlade","floor":28,"key":"SMITH"},{"data":"theMarked:TakeOffHeels","floor":32,"key":"SMITH"},{"data":"theMarked:Defy","floor":40,"key":"SMITH"},{"data":"theMarked:MysticalArsenal","floor":42,"key":"SMITH"},{"floor":49,"key":"REST"}],"circlet_count":0,"master_deck":["theMarked:Strike+1","theMarked:Defend+1","theMarked:Defend","theMarked:Defend+1","theMarked:SoldierOfQuellstein+1","theMarked:ChainLightning","theMarked:BanishingStrike+1","theMarked:Frustration+1","theMarked:Snap","theMarked:BindingBlade+1","CurseOfTheBell","theMarked:BanishingStrike+1","theMarked:WardOff","theMarked:TakeOffHeels+1","theMarked:MysticalArsenal+1","theMarked:Defy+1","theMarked:BanishingWave+1","Madness","Madness","Parasite","theMarked:BanishingStrike+1"],"relics":["theMarked:BronzeBlade","Mercury Hourglass","Anchor","War Paint","Odd Mushroom","Calling Bell","Toy Ornithopter","Singing Bowl","Turnip","Red Mask","CeramicFish","White Beast Statue","Matryoshka","Gremlin Horn","Whetstone","OrangePellets","Boot","Meat on the Bone","Oddly Smooth Stone","Bottled Flame","Nunchaku","PreservedInsect"],"acts_visited":["Exordium","TheCity","TheBeyond"],"potions_floor_usage":[13,16,16,16,25,31,33,33,35,35,50,50,50],"damage_taken":[{"damage":1,"enemies":"2 Louse","floor":1,"turns":3},{"damage":3,"enemies":"Jaw Worm","floor":4,"turns":3},{"damage":3,"enemies":"Small Slimes","floor":5,"turns":2},{"damage":0,"enemies":"2 Fungi Beasts","floor":10,"turns":2},{"damage":0,"enemies":"3 Louse","floor":11,"turns":2},{"damage":18,"enemies":"Lagavulin","floor":13,"turns":3},{"damage":1,"enemies":"The Mushroom Lair","floor":14,"turns":3},{"damage":24,"enemies":"The Guardian","floor":16,"turns":5},{"damage":12,"enemies":"3 Byrds","floor":18,"turns":4},{"damage":25,"enemies":"Masked Bandits","floor":20,"turns":4},{"damage":0,"enemies":"Spheric Guardian","floor":22,"turns":3},{"damage":4,"enemies":"Centurion and Healer","floor":24,"turns":4},{"damage":0,"enemies":"Gremlin Leader","floor":25,"turns":4},{"damage":4,"enemies":"Snake Plant","floor":27,"turns":3},{"damage":0,"enemies":"Cultist and Chosen","floor":30,"turns":4},{"damage":9,"enemies":"3 Cultists","floor":31,"turns":4},{"damage":37,"enemies":"Champ","floor":33,"turns":8},{"damage":9,"enemies":"3 Darklings","floor":35,"turns":3},{"damage":4,"enemies":"3 Shapes","floor":39,"turns":3},{"damage":5,"enemies":"Writhing Mass","floor":45,"turns":3},{"damage":0,"enemies":"Jaw Worm Horde","floor":46,"turns":1},{"damage":6,"enemies":"3 Darklings","floor":48,"turns":4},{"damage":71,"enemies":"Time Eater","floor":50,"turns":8}],"seed_played":"-7141451729160499849","potions_obtained":[{"floor":4,"key":"DuplicationPotion"},{"floor":5,"key":"SteroidPotion"},{"floor":11,"key":"Swift Potion"},{"floor":13,"key":"DistilledChaos"},{"floor":20,"key":"FearPotion"},{"floor":22,"key":"Explosive Potion"},{"floor":25,"key":"Weak Potion"},{"floor":27,"key":"DuplicationPotion"},{"floor":31,"key":"Energy Potion"},{"floor":33,"key":"Explosive Potion"},{"floor":35,"key":"SpeedPotion"},{"floor":39,"key":"AttackPotion"},{"floor":45,"key":"Energy Potion"}],"is_trial":false,"path_per_floor":["M","?","?","M","M","R","$","R","T","M","M","R","E","?","R","B",null,"M","?","?","?","M","R","M","E","T","M","R","T","M","M","R","B",null,"M","$","?","?","M","R","T","R","T","?","M","M","$","M","R","B",null],"character_chosen":"THE_DEFAULT","items_purchased":["Mercury Hourglass","OrangePellets","Boot","Nunchaku","PreservedInsect"],"campfire_rested":3,"item_purchase_floors":[7,36,36,47,47],"current_hp_per_floor":[48,48,48,45,42,42,42,42,42,42,42,63,45,44,44,20,70,60,60,35,35,37,59,55,60,60,56,56,56,58,56,56,29,78,71,71,71,71,67,67,67,67,67,57,54,54,54,50,75,31],"gold":51,"neow_bonus":"TWO_FIFTY_GOLD","is_daily":false,"chose_seed":false,"campfire_upgraded":7,"win_rate":0.0,"timestamp":1609419612,"path_taken":["M","?","?","M","M","R","?","R","T","M","M","R","E","?","R","BOSS","M","?","?","?","M","R","M","E","T","M","R","?","M","M","R","BOSS","M","$","?","?","M","R","?","R","T","?","M","M","?","M","R","BOSS"],"items_purchased_type":["Relic","Relic","Relic","Relic","Relic"],"build_version":"2020-12-22","purchased_purges":3,"victory":true,"max_hp_per_floor":[70,70,70,70,70,70,70,70,70,70,70,70,70,70,70,70,70,72,72,72,72,74,74,74,74,74,74,74,74,76,78,78,78,78,80,80,80,80,80,80,80,80,80,80,82,82,82,84,84,84],"card_choices":[{"not_picked":["theMarked:WastefulAttack","theMarked:EnhanceMovement"],"picked":"theMarked:ChainLightning","floor":1},{"not_picked":["theMarked:Aftermath","theMarked:ResourceFulStrike"],"picked":"theMarked:BanishingStrike","floor":4},{"not_picked":["theMarked:Parkour","theMarked:Panic"],"picked":"theMarked:Frustration","floor":5},{"not_picked":["theMarked:Aftermath","theMarked:EmpowerWeapon","theMarked:EnhancedHearing"],"picked":"SKIP","floor":10},{"not_picked":["theMarked:WastefulAttack","theMarked:TwofoldDefense","theMarked:SwordAndMagic"],"picked":"SKIP","floor":11},{"not_picked":["theMarked:Static","theMarked:Improvise"],"picked":"theMarked:Snap","floor":13},{"not_picked":["theMarked:Challenge","theMarked:SoldierForm"],"picked":"theMarked:BindingBlade","floor":16},{"not_picked":["theMarked:Improvise","theMarked:Static+1","theMarked:WastefulAttack"],"picked":"Singing Bowl","floor":18},{"not_picked":["theMarked:TwofoldDefense","theMarked:SwordAndMagic"],"picked":"theMarked:BanishingStrike+1","floor":20},{"not_picked":["theMarked:ChainLightning","theMarked:RogueSparks","theMarked:ShockingTouch"],"picked":"Singing Bowl","floor":22},{"not_picked":["theMarked:ParalyzingBlade","theMarked:Static"],"picked":"theMarked:WardOff","floor":24},{"not_picked":["theMarked:BanishingStrike+1","theMarked:TwofoldDefense"],"picked":"theMarked:TakeOffHeels","floor":25},{"not_picked":["theMarked:AttractMetal","theMarked:GodGivenPower"],"picked":"theMarked:MysticalArsenal","floor":27},{"not_picked":["theMarked:ChainLightning","theMarked:WastefulAttack+1","theMarked:ResourceFulStrike"],"picked":"Singing Bowl","floor":30},{"not_picked":["theMarked:BanishingStrike","theMarked:WardOff","theMarked:ParalyzingBlade+1"],"picked":"Singing Bowl","floor":31},{"not_picked":["theMarked:EternalStudent","theMarked:ThrowWeapon"],"picked":"theMarked:Defy","floor":33},{"not_picked":["theMarked:Generate","theMarked:Electrocute+1","theMarked:EmpowerWeapon+1"],"picked":"Singing Bowl","floor":35},{"not_picked":["theMarked:ElectricStrings","theMarked:EnhancedHearing+1"],"picked":"theMarked:BanishingWave+1","floor":39},{"not_picked":["theMarked:EnhanceMovement+1","theMarked:WastefulDefense+1","theMarked:LightningStrikesTwice+1"],"picked":"Singing Bowl","floor":45},{"not_picked":["theMarked:Parkour","theMarked:EmpowerWeapon"],"picked":"theMarked:BanishingStrike+1","floor":46},{"not_picked":["theMarked:Parkour+1","theMarked:WardOff","theMarked:Overcharge+1"],"picked":"Singing Bowl","floor":48}],"player_experience":154456,"relics_obtained":[{"floor":9,"key":"Anchor"},{"floor":13,"key":"War Paint"},{"floor":14,"key":"Odd Mushroom"},{"floor":17,"key":"Toy Ornithopter"},{"floor":17,"key":"Singing Bowl"},{"floor":17,"key":"Turnip"},{"floor":20,"key":"Red Mask"},{"floor":25,"key":"White Beast Statue"},{"floor":26,"key":"Matryoshka"},{"floor":29,"key":"Gremlin Horn"},{"floor":29,"key":"Whetstone"},{"floor":41,"key":"Meat on the Bone"},{"floor":41,"key":"Oddly Smooth Stone"},{"floor":43,"key":"Bottled Flame"}],"event_choices":[{"cards_removed":["theMarked:Defend"],"damage_healed":0,"gold_gain":0,"player_choice":"Card Removal","damage_taken":0,"max_hp_gain":0,"max_hp_loss":0,"event_name":"The Cleric","floor":2,"gold_loss":50},{"damage_healed":0,"gold_gain":0,"player_choice":"Ignored","damage_taken":313,"max_hp_gain":0,"max_hp_loss":0,"event_name":"betterThird:BetterSerpent","floor":3,"gold_loss":0},{"damage_healed":0,"gold_gain":0,"player_choice":"Fought Mushrooms","damage_taken":0,"max_hp_gain":0,"max_hp_loss":0,"event_name":"Mushrooms","floor":14,"gold_loss":0},{"damage_healed":0,"gold_gain":0,"player_choice":"Ignored","damage_taken":0,"max_hp_gain":0,"max_hp_loss":0,"event_name":"Vampires","floor":19,"gold_loss":0},{"damage_healed":0,"gold_gain":0,"player_choice":"Fought Bandits","damage_taken":0,"max_hp_gain":0,"max_hp_loss":0,"event_name":"Masked Bandits","floor":20,"gold_loss":0},{"damage_healed":0,"gold_gain":0,"player_choice":"Obtained Relic","damage_taken":0,"relics_obtained":["CeramicFish"],"max_hp_gain":0,"max_hp_loss":0,"event_name":"Addict","floor":21,"gold_loss":85},{"damage_healed":0,"gold_gain":222,"player_choice":"Wore Mask","damage_taken":0,"max_hp_gain":0,"max_hp_loss":0,"event_name":"Tomb of Lord Red Mask","floor":37,"gold_loss":0},{"cards_removed":["theMarked:Strike"],"damage_healed":0,"gold_gain":0,"player_choice":"Removed Attack","damage_taken":0,"max_hp_gain":0,"max_hp_loss":0,"event_name":"Falling","floor":38,"gold_loss":0},{"damage_healed":0,"gold_gain":0,"player_choice":"Embrace Madness","damage_taken":10,"max_hp_gain":0,"max_hp_loss":0,"event_name":"Winding Halls","floor":44,"gold_loss":0,"cards_obtained":["Madness","Madness"]}],"is_beta":false,"boss_relics":[{"not_picked":["Coffee Dripper","Cursed Key"],"picked":"Calling Bell"},{"not_picked":["Runic Pyramid","Astrolabe"],"picked":"theMarked:BronzeBlade"}],"items_purged_floors":[7,36,47],"is_endless":false,"potions_floor_spawned":[4,5,11,13,20,22,25,27,30,31,33,35,39,45,46,48],"ascension_level":0}}