{"host":"hjw1ay65n7jm40lc","time":1609389534,"event":{"mods":["AchievementEnabler","BaseMod","Block Reminder","Colored Map","Colored Powertips","Downfall","Googly Eyes","Highlight Path","Minty Spire (QoL Compilation)","Quick Restart","Relic Stats","StSLib"],"gold_per_floor":[99,114,127,147,247,247,272,197,231,247,263,290,290,323,334,408,408,408,419,437,462,477,490,490,517,517,528,528,558,569,583,597,669,669,594,614,614,629,639,639,639,664,678,692,304,304,304,304],"floor_reached":46,"playtime":4247,"items_purged":["Guardian:Strike_Guardian"],"score":1108,"play_id":"6f85f3c9-811d-49f7-9173-64859ac9b3fa","local_time":"20201230233854","is_ascension_mode":true,"campfire_choices":[{"data":"Guardian:TwinSlam","floor":1.0,"key":"SMITH"},{"floor":6.0,"key":"RECALL"},{"data":"Guardian:SpikerProtocol","floor":8.0,"key":"SMITH"},{"floor":13.0,"key":"REST"},{"data":"Guardian:CompilePackage","floor":18.0,"key":"SMITH"},{"floor":26.0,"key":"REST"},{"data":"Guardian:CompilePackage","floor":28.0,"key":"SMITH"},{"data":"Guardian:MultiBeam","floor":35.0,"key":"SMITH"}],"circlet_count":0,"master_deck":["AscendersBane","Guardian:Strike_Guardian+1","Guardian:Strike_Guardian","Guardian:Strike_Guardian","Guardian:Defend_Guardian","Guardian:Defend_Guardian","Guardian:CurlUp","Guardian:TwinSlam+1","Guardian:PiercingHide","Guardian:SpikerProtocol+1","Guardian:ChargeCore+1","Guardian:Orbwalk","Guardian:Reroute","Guardian:Preprogram","Guardian:CompilePackage+1","Guardian:CompilePackage+1","Guardian:RollAttack","Guardian:EvasiveProtocol","Guardian:StasisField","Guardian:Clone","Guardian:MultiBeam+1","Guardian:StasisStrike","Guardian:Gem_Cyan","expansioncontent:QuickStudy"],"relics":["Empty Cage","Whetstone","downfall:HeartBlessingRed","Bag of Marbles","Omamori","Bottled Tornado","Philosopher\u0027s Stone","The Courier","Kunai","MealTicket","Sozu","downfall:HeartBlessingGreen","Guardian:StasisEgg","Guardian:PickAxe","Anchor"],"acts_visited":["Exordium","TheCity","TheBeyond"],"potions_floor_usage":[],"damage_taken":[{"damage":0.0,"enemies":"2 Louse","floor":2.0,"turns":2.0},{"damage":3.0,"enemies":"Jaw Worm","floor":3.0,"turns":4.0},{"damage":3.0,"enemies":"Small Slimes","floor":4.0,"turns":3.0},{"damage":24.0,"enemies":"Lagavulin","floor":9.0,"turns":6.0},{"damage":0.0,"enemies":"Gremlin Gang","floor":10.0,"turns":3.0},{"damage":9.0,"enemies":"Blue Slaver","floor":11.0,"turns":3.0},{"damage":4.0,"enemies":"Gremlin Nob","floor":14.0,"turns":3.0},{"damage":4.0,"enemies":"Exordium Thugs","floor":15.0,"turns":3.0},{"damage":24.0,"enemies":"downfall:Watcher","floor":16.0,"turns":6.0},{"damage":24.0,"enemies":"Chosen","floor":19.0,"turns":6.0},{"damage":0.0,"enemies":"Centurion and Healer","floor":20.0,"turns":4.0},{"damage":0.0,"enemies":"Chosen and Byrds","floor":22.0,"turns":4.0},{"damage":13.0,"enemies":"Sentry and Sphere","floor":23.0,"turns":4.0},{"damage":0.0,"enemies":"Slavers","floor":25.0,"turns":2.0},{"damage":6.0,"enemies":"Snake Plant","floor":27.0,"turns":2.0},{"damage":0.0,"enemies":"Book of Stabbing","floor":29.0,"turns":4.0},{"damage":1.0,"enemies":"Centurion and Healer","floor":30.0,"turns":4.0},{"damage":27.0,"enemies":"Shelled Parasite and Fungi","floor":31.0,"turns":4.0},{"damage":0.0,"enemies":"Snecko","floor":32.0,"turns":5.0},{"damage":11.0,"enemies":"downfall:Silent","floor":33.0,"turns":7.0},{"damage":0.0,"enemies":"Orb Walker","floor":36.0,"turns":3.0},{"damage":0.0,"enemies":"3 Darklings","floor":38.0,"turns":1.0},{"damage":0.0,"enemies":"Transient","floor":39.0,"turns":6.0},{"damage":3.0,"enemies":"Giant Head","floor":42.0,"turns":6.0},{"damage":2.0,"enemies":"Spire Growth","floor":43.0,"turns":5.0},{"damage":44.0,"enemies":"Jaw Worm Horde","floor":44.0,"turns":4.0},{"damage":0.0,"enemies":"downfall:FleeingMerchant","floor":45.0,"turns":4.0},{"damage":26,"enemies":"Reptomancer","floor":46,"turns":2}],"seed_played":"7508964978968759644","potions_obtained":[{"floor":2.0,"key":"PowerPotion"},{"floor":3.0,"key":"ColorlessPotion"},{"floor":10.0,"key":"Guardian:DefensiveModePotion"},{"floor":11.0,"key":"Energy Potion"},{"floor":15.0,"key":"Regen Potion"},{"floor":19.0,"key":"ColorlessPotion"},{"floor":30.0,"key":"GamblersBrew"},{"floor":31.0,"key":"GamblersBrew"},{"floor":33.0,"key":"Fire Potion"}],"is_trial":false,"path_per_floor":["R","M","M","M","?","R","T","R","E","M","M","T","R","E","M","B",null,"R","M","M","?","M","M","T","E","R","M","R","E","M","M","M","B",null,"R","M","?","M","M","?","T","E","M","M","$","E"],"character_chosen":"GUARDIAN","items_purchased":["Guardian:Gem_Cyan","Anchor","expansioncontent:QuickStudy"],"campfire_rested":2,"item_purchase_floors":[45,45,45],"current_hp_per_floor":[65,65,62,59,59,59,59,59,35,35,26,26,47,43,39,30,62,62,38,38,38,38,25,25,25,46,40,40,40,39,12,12,1,54,54,54,54,54,54,54,54,51,49,5,20,0,0,0],"gold":304,"neow_bonus":"BOSS_RELIC","is_daily":false,"chose_seed":false,"campfire_upgraded":5,"win_rate":0.0,"timestamp":1609389534,"path_taken":["R","M","M","M","?","R","T","R","E","M","M","?","R","E","M","BOSS","R","M","M","?","?","M","T","E","R","M","R","E","M","M","M","BOSS","R","M","?","M","M","?","T","E","M","?","$","E"],"items_purchased_type":["Card","Relic","Card"],"build_version":"2020-12-22","purchased_purges":1,"victory":false,"max_hp_per_floor":[72,72,72,72,72,72,72,72,72,72,72,72,72,72,72,72,72,72,72,72,72,72,72,72,72,72,72,72,72,72,72,72,72,72,72,72,72,72,72,72,72,72,72,72,72,72,72,72],"relic_stats":{"Sozu":2,"counters":[28,110],"MealTicket":15,"Whetstone":["Guardian:Strike_Guardian","Guardian:ChargeCore"],"Kunai":[22],"obtain_stats":[{"downfall:HeartBlessingRed":8,"Guardian:StasisEgg":37,"Guardian:ModeShifter":0,"downfall:HeartBlessingGreen":35,"The Courier":24,"Omamori":12,"Whetstone":7,"Bottled Tornado":14,"Empty Cage":0,"Sozu":34,"Guardian:PickAxe":42,"Anchor":45,"Philosopher\u0027s Stone":17,"MealTicket":29,"Bag of Marbles":9,"Kunai":25},{"downfall:HeartBlessingRed":3,"Guardian:StasisEgg":21,"Guardian:ModeShifter":0,"downfall:HeartBlessingGreen":20,"The Courier":13,"Omamori":6,"Whetstone":3,"Bottled Tornado":7,"Empty Cage":0,"Sozu":20,"Guardian:PickAxe":24,"Anchor":27,"Philosopher\u0027s Stone":9,"MealTicket":16,"Bag of Marbles":4,"Kunai":14},{"downfall:HeartBlessingRed":9,"Guardian:StasisEgg":82,"Guardian:ModeShifter":0,"downfall:HeartBlessingGreen":79,"The Courier":51,"Omamori":21,"Whetstone":9,"Bottled Tornado":24,"Empty Cage":0,"Sozu":79,"Guardian:PickAxe":95,"Anchor":108,"Philosopher\u0027s Stone":33,"MealTicket":59,"Bag of Marbles":15,"Kunai":53}]},"card_choices":[{"not_picked":["Guardian:ChargeCore","Guardian:Gem_Purple"],"picked":"Guardian:PiercingHide","floor":2.0},{"not_picked":["Guardian:Suspension","Guardian:ChargeCore"],"picked":"Guardian:SpikerProtocol","floor":3.0},{"not_picked":["Guardian:ShieldCharger","Guardian:PiercingHide"],"picked":"Guardian:ChargeCore","floor":4.0},{"not_picked":["Guardian:HyperBeam_Guardian","Guardian:VentSteam"],"picked":"Guardian:Orbwalk","floor":9.0},{"not_picked":["Guardian:Gem_Lightblue","Guardian:Gem_Cyan"],"picked":"Guardian:Reroute","floor":10.0},{"not_picked":["Guardian:PrismaticBarrier","Guardian:PrimingBeam"],"picked":"Guardian:Preprogram","floor":11.0},{"not_picked":["Guardian:VentSteam","Guardian:Gem_Lightblue"],"picked":"Guardian:CompilePackage","floor":14.0},{"not_picked":["Guardian:TemporalStrike","Guardian:TemporalShield","Guardian:Gem_Green"],"picked":"SKIP","floor":15.0},{"not_picked":["Guardian:HyperBeam_Guardian","Guardian:StasisField"],"picked":"Guardian:CompilePackage","floor":16.0},{"not_picked":["Guardian:VentSteam","Guardian:Emergency"],"picked":"Guardian:Gem_Cyan","floor":19.0},{"not_picked":["Guardian:TemporalShield","Guardian:Preprogram"],"picked":"Guardian:RollAttack","floor":20.0},{"not_picked":["Guardian:PrismaticBarrier","Guardian:Gem_Red","Guardian:FloatingOrbs+1"],"picked":"SKIP","floor":22.0},{"not_picked":["Guardian:PiercingHide","Guardian:PrimingBeam+1"],"picked":"Guardian:EvasiveProtocol","floor":23.0},{"not_picked":["Guardian:PrismaticBarrier+1","Guardian:Recover"],"picked":"Guardian:StasisField","floor":25.0},{"not_picked":["Guardian:EvasiveProtocol","Guardian:Planning","Guardian:SentryBeam"],"picked":"SKIP","floor":27.0},{"not_picked":["Guardian:Preprogram+1","Guardian:Incinerate"],"picked":"Guardian:Clone","floor":29.0},{"not_picked":["Guardian:CrystalBeam","Guardian:TemporalStrike"],"picked":"Guardian:MultiBeam","floor":30.0},{"not_picked":["Guardian:DonusPower","Guardian:CrystalBeam","Guardian:Gem_Lightblue"],"picked":"SKIP","floor":31.0},{"not_picked":["Guardian:ExploitGems","Guardian:FloatingOrbs","Guardian:VentSteam"],"picked":"SKIP","floor":32.0},{"not_picked":["Guardian:HyperBeam_Guardian","Guardian:GemFire"],"picked":"Guardian:Gem_Synthetic","floor":33.0},{"not_picked":["Guardian:Reroute","Guardian:ArmoredProtocol+1","Guardian:CrystalBeam+1"],"picked":"SKIP","floor":36.0},{"not_picked":["Guardian:Incinerate+1","Guardian:VentSteam+1","Guardian:SpikerProtocol"],"picked":"SKIP","floor":38.0},{"not_picked":["Guardian:Gem_Purple","Guardian:Preprogram+1","Guardian:Orbwalk+1"],"picked":"SKIP","floor":39.0},{"not_picked":["Guardian:PrimingBeam","Guardian:SpikerProtocol","Guardian:PolyBeam"],"picked":"SKIP","floor":42.0},{"not_picked":["Guardian:Harden","Guardian:ShieldCharger","Guardian:RefractedBeam+1"],"picked":"SKIP","floor":43.0},{"not_picked":["Guardian:Gem_Red","Guardian:CrystalBeam","Guardian:Gem_Lightblue"],"picked":"SKIP","floor":44.0},{"not_picked":["Guardian:BronzeArmor+1","Guardian:HyperBeam_Guardian"],"picked":"Guardian:StasisStrike","floor":45.0}],"player_experience":648277,"relics_obtained":[{"floor":7.0,"key":"Whetstone"},{"floor":9.0,"key":"Bag of Marbles"},{"floor":12.0,"key":"Omamori"},{"floor":14.0,"key":"Bottled Tornado"},{"floor":24.0,"key":"The Courier"},{"floor":25.0,"key":"Kunai"},{"floor":29.0,"key":"MealTicket"},{"floor":42.0,"key":"Guardian:PickAxe"}],"event_choices":[{"cards_removed":["Slimebound:Icky"],"damage_healed":0.0,"max_hp_gain":0.0,"max_hp_loss":0.0,"gold_gain":0.0,"event_name":"Purifier","player_choice":"Purged","floor":40.0,"gold_loss":0.0,"damage_taken":0.0}],"is_beta":false,"boss_relics":[{"not_picked":["Coffee Dripper","SacredBark"],"picked":"Philosopher\u0027s Stone"},{"not_picked":["Runic Dome","Tiny House"],"picked":"Sozu"}],"items_purged_floors":[45],"is_endless":false,"potions_floor_spawned":[2,3,10,11,15,19,23,30,31,33,36,38],"killed_by":"Reptomancer","ascension_level":18}}