{"host":"foq4mrde4mssg7vt","time":1609435710,"event":{"mods":["AchievementEnabler","BaseMod","Colored Map","Colored Powertips","Highlight Path","Minty Spire (QoL Compilation)","Relic Stats","everything is the same but u backflip on backflip"],"gold_per_floor":[209,209,221,221,232,264,264,264,264],"floor_reached":8,"playtime":291,"items_purged":[],"score":95,"play_id":"788be90e-3ee1-44b1-94ae-1cb87d0f2bda","local_time":"20210101012830","is_ascension_mode":true,"campfire_choices":[{"data":"Bash","floor":7,"key":"SMITH"}],"circlet_count":0,"master_deck":["AscendersBane","Strike_R","Strike_R","Strike_R","Strike_R","Defend_R","Defend_R","Defend_R","Defend_R","Bash+1","Headbutt","Iron Wave","Disarm"],"relics":["Burning Blood","Ginger"],"acts_visited":["Exordium"],"potions_floor_usage":[6],"damage_taken":[{"damage":18,"enemies":"Jaw Worm","floor":1,"turns":4},{"damage":11,"enemies":"2 Louse","floor":3,"turns":4},{"damage":7,"enemies":"Small Slimes","floor":5,"turns":4},{"damage":16,"enemies":"3 Sentries","floor":6,"turns":10},{"damage":50,"enemies":"Lagavulin","floor":8,"turns":8}],"seed_played":"271130703967533755","potions_obtained":[{"floor":3,"key":"BlessingOfTheForge"}],"is_trial":false,"path_per_floor":["M","?","M","?","M","E","R","E"],"character_chosen":"IRONCLAD","items_purchased":[],"campfire_rested":0,"item_purchase_floors":[],"current_hp_per_floor":[56,56,51,44,43,33,33,0,0],"gold":264,"neow_bonus":"HUNDRED_GOLD","is_daily":false,"chose_seed":false,"campfire_upgraded":1,"win_rate":0.0,"timestamp":1609435710,"path_taken":["M","?","M","?","M","E","R","E"],"items_purchased_type":[],"build_version":"2020-12-22","purchased_purges":0,"victory":false,"max_hp_per_floor":[75,75,75,75,75,75,75,75,75],"relic_stats":{"counters":[5,30],"Ginger":[0],"obtain_stats":[{"Ginger":6,"Burning Blood":0},{"Ginger":4,"Burning Blood":0},{"Ginger":22,"Burning Blood":0}],"Burning Blood":24},"card_choices":[{"not_picked":["Havoc","Heavy Blade"],"picked":"Headbutt","floor":1},{"not_picked":["Clash","Dropkick"],"picked":"Iron Wave","floor":3},{"not_picked":["Pommel Strike","Shrug It Off"],"picked":"Disarm","floor":5},{"not_picked":["Havoc","Rage","Clothesline"],"picked":"SKIP","floor":6}],"player_experience":346355,"relics_obtained":[{"floor":6,"key":"Ginger"}],"event_choices":[{"damage_healed":0,"gold_gain":0,"player_choice":"Ignored","damage_taken":0,"max_hp_gain":0,"max_hp_loss":0,"event_name":"Liars Game","floor":2,"gold_loss":0},{"cards_removed":["Strike_R"],"damage_healed":0,"gold_gain":0,"player_choice":"Card Removal","damage_taken":7,"max_hp_gain":0,"max_hp_loss":0,"event_name":"Golden Wing","floor":4,"gold_loss":0}],"is_beta":false,"boss_relics":[],"items_purged_floors":[],"is_endless":false,"potions_floor_spawned":[3],"killed_by":"Lagavulin","ascension_level":14}}