{"host":"hwrdjx5eod2cxh09","time":1609440902,"event":{"mods":["AchievementEnabler","BaseMod","Bestiary","Minty Spire (QoL Compilation)","Relic Stats"],"gold_per_floor":[114,127,146,160,173,198,198,212,212,239,124,124,140,153,153,249,249,267,280,300,52,69,101,120,120,147,147,47,378,391,411,411,511,511,521,535,535,552,563,597,144,159,159,192,192,202,222,238,238,238,238,238,41,70,70,70],"floor_reached":55,"playtime":4386,"items_purged":["Strike_B","Strike_B","Parasite","Parasite"],"score":816,"play_id":"77e58147-80b7-4fe3-abe0-86facc9580d0","local_time":"20210101035502","is_ascension_mode":false,"campfire_choices":[{"data":"Zap","floor":7,"key":"SMITH"},{"data":"Defragment","floor":12,"key":"SMITH"},{"data":"Redo","floor":15,"key":"SMITH"},{"data":"Echo Form","floor":25,"key":"SMITH"},{"data":"Bandage Up","floor":27,"key":"SMITH"},{"floor":32,"key":"REST"},{"floor":45,"key":"RECALL"},{"data":"Loop","floor":49,"key":"SMITH"},{"data":"Defragment","floor":52,"key":"SMITH"}],"circlet_count":0,"master_deck":["Strike_B","Strike_B","Defend_B","Defend_B","Defend_B","Defend_B","Zap+1","Dualcast","Coolheaded","Coolheaded","Static Discharge","Conserve Battery","Cold Snap","Defragment+1","Redo+1","Electrodynamics","Leap+1","BootSequence+1","Bandage Up+1","Echo Form+1","Machine Learning","Defragment+1","Leap+1","Barrage","Turbo+1","Capacitor+1","Loop+1","Glacier+1","BootSequence+1","Chill+1","Ball Lightning","Fusion+1"],"relics":["Inserter","Blood Vial","Symbiotic Virus","Sozu","Torii","Pen Nib","Old Coin","Runic Pyramid","Bottled Lightning","Unceasing Top","Regal Pillow","Shuriken"],"acts_visited":["Exordium","TheCity","TheBeyond","TheEnding"],"potions_floor_usage":[10,23,23],"damage_taken":[{"damage":1,"enemies":"Cultist","floor":1,"turns":4},{"damage":0,"enemies":"Small Slimes","floor":2,"turns":3},{"damage":0,"enemies":"2 Louse","floor":3,"turns":5},{"damage":1,"enemies":"Blue Slaver","floor":4,"turns":6},{"damage":11,"enemies":"Looter","floor":5,"turns":5},{"damage":25,"enemies":"3 Sentries","floor":6,"turns":9},{"damage":6,"enemies":"Exordium Thugs","floor":8,"turns":4},{"damage":0,"enemies":"Lagavulin","floor":10,"turns":10},{"damage":3,"enemies":"Blue Slaver","floor":13,"turns":4},{"damage":0,"enemies":"Looter","floor":14,"turns":4},{"damage":15,"enemies":"Slime Boss","floor":16,"turns":6},{"damage":6,"enemies":"Shell Parasite","floor":18,"turns":6},{"damage":10,"enemies":"Chosen","floor":19,"turns":5},{"damage":18,"enemies":"Snake Plant","floor":20,"turns":4},{"damage":4,"enemies":"Shelled Parasite and Fungi","floor":22,"turns":6},{"damage":10,"enemies":"Slavers","floor":23,"turns":9},{"damage":12,"enemies":"Snecko","floor":24,"turns":6},{"damage":15,"enemies":"Book of Stabbing","floor":29,"turns":6},{"damage":14,"enemies":"3 Cultists","floor":30,"turns":5},{"damage":7,"enemies":"Centurion and Healer","floor":31,"turns":6},{"damage":1,"enemies":"Champ","floor":33,"turns":13},{"damage":0,"enemies":"Orb Walker","floor":35,"turns":5},{"damage":1,"enemies":"3 Shapes","floor":36,"turns":5},{"damage":12,"enemies":"Writhing Mass","floor":38,"turns":6},{"damage":9,"enemies":"3 Darklings","floor":39,"turns":7},{"damage":0,"enemies":"Giant Head","floor":40,"turns":9},{"damage":0,"enemies":"4 Shapes","floor":42,"turns":6},{"damage":66,"enemies":"Reptomancer","floor":44,"turns":7},{"damage":2,"enemies":"Writhing Mass","floor":46,"turns":6},{"damage":7,"enemies":"Sphere and 2 Shapes","floor":47,"turns":12},{"damage":1,"enemies":"3 Darklings","floor":48,"turns":7},{"damage":13,"enemies":"Donu and Deca","floor":50,"turns":12},{"damage":27,"enemies":"Shield and Spear","floor":54,"turns":11},{"damage":82,"enemies":"The Heart","floor":55,"turns":5}],"seed_played":"-2431519275390948241","potions_obtained":[{"floor":2,"key":"Dexterity Potion"},{"floor":4,"key":"FocusPotion"},{"floor":8,"key":"Regen Potion"},{"floor":13,"key":"Ancient Potion"}],"is_trial":false,"path_per_floor":["M","M","M","M","M","E","R","M","T","E","$","R","M","M","R","B",null,"M","M","M","$","M","E","M","R","T","R","$","E","M","M","R","B",null,"M","M","?","M","M","E","$","M","T","E","R","M","M","M","R","B",null,"R","$","E","B"],"character_chosen":"DEFECT","items_purchased":["Defragment","Bandage Up","Echo Form","Loop","Bottled Lightning","Ball Lightning"],"campfire_rested":1,"item_purchase_floors":[11,21,21,41,41,53],"current_hp_per_floor":[74,74,74,73,62,37,37,33,33,35,35,35,34,36,36,23,75,69,61,45,45,47,58,56,56,56,56,56,43,37,44,66,73,75,75,75,75,75,75,75,72,72,72,18,18,30,37,50,50,51,72,72,69,54,0,0],"gold":70,"neow_bonus":"BOSS_RELIC","is_daily":false,"chose_seed":false,"campfire_upgraded":7,"win_rate":0.0,"timestamp":1609440902,"path_taken":["M","M","?","M","M","E","R","M","T","E","$","R","M","M","R","BOSS","M","M","?","?","M","E","M","R","T","R","$","E","M","M","R","BOSS","M","M","?","M","M","E","$","M","T","E","R","M","M","M","R","BOSS","R","$","E","BOSS"],"items_purchased_type":["Card","Card","Card","Card","Relic","Card"],"build_version":"2020-12-22","purchased_purges":4,"victory":false,"max_hp_per_floor":[75,75,75,75,75,75,75,75,75,75,75,75,75,75,75,75,75,75,75,75,75,75,75,75,75,75,75,75,75,75,75,75,75,75,75,75,75,75,75,75,72,72,72,72,72,72,72,72,72,72,72,72,69,69,69,69],"relic_stats":{"Blood Vial":38,"Sozu":6,"Regal Pillow":0,"Inserter":[106],"Torii":37,"counters":[34,223],"Shuriken":[0],"Pen Nib":[9],"obtain_stats":[{"Regal Pillow":44,"Inserter":0,"Torii":23,"Pen Nib":26,"Old Coin":29,"Blood Vial":6,"Sozu":17,"Shuriken":54,"Bottled Lightning":41,"Cracked Core":0,"Symbiotic Virus":10,"Unceasing Top":43,"Runic Pyramid":34},{"Regal Pillow":28,"Inserter":0,"Torii":16,"Pen Nib":17,"Old Coin":18,"Blood Vial":6,"Sozu":11,"Shuriken":33,"Bottled Lightning":26,"Cracked Core":0,"Symbiotic Virus":8,"Unceasing Top":27,"Runic Pyramid":21},{"Regal Pillow":170,"Inserter":0,"Torii":90,"Pen Nib":96,"Old Coin":102,"Blood Vial":32,"Sozu":60,"Shuriken":218,"Bottled Lightning":158,"Cracked Core":0,"Symbiotic Virus":46,"Unceasing Top":163,"Runic Pyramid":126}],"Unceasing Top":[0]},"card_choices":[{"not_picked":["Sweeping Beam","Compile Driver"],"picked":"Coolheaded","floor":1},{"not_picked":["Hello World","Hologram"],"picked":"Coolheaded","floor":2},{"not_picked":["Stack","Melter","Steam"],"picked":"SKIP","floor":3},{"not_picked":["Stack","Cold Snap"],"picked":"Static Discharge","floor":4},{"not_picked":["Hologram","Reprogram"],"picked":"Conserve Battery","floor":5},{"not_picked":["Beam Cell","Scrape"],"picked":"Cold Snap","floor":6},{"not_picked":["Streamline","Rebound","Stack"],"picked":"SKIP","floor":8},{"not_picked":["Cold Snap","Doom and Gloom","Biased Cognition"],"picked":"SKIP","floor":10},{"not_picked":["Gash","Hello World","Force Field"],"picked":"SKIP","floor":13},{"not_picked":["Sweeping Beam","Gash"],"picked":"Redo","floor":14},{"not_picked":["Buffer","Machine Learning"],"picked":"Electrodynamics","floor":16},{"not_picked":["Conserve Battery","Gash"],"picked":"Leap+1","floor":18},{"not_picked":["Recycle","Go for the Eyes"],"picked":"BootSequence+1","floor":19},{"not_picked":["White Noise","Lockon","Compile Driver+1"],"picked":"SKIP","floor":20},{"not_picked":["Force Field","Coolheaded","Hello World+1"],"picked":"SKIP","floor":22},{"not_picked":["Gash","Coolheaded"],"picked":"Machine Learning","floor":23},{"not_picked":["Gash+1","Capacitor","Hello World+1"],"picked":"SKIP","floor":24},{"not_picked":["Force Field","Steam Power+1"],"picked":"Defragment","floor":29},{"not_picked":["Coolheaded","Cold Snap+1"],"picked":"Leap+1","floor":30},{"not_picked":["Rebound","Cold Snap","Streamline+1"],"picked":"SKIP","floor":31},{"not_picked":["Stack","White Noise","Gash"],"picked":"SKIP","floor":35},{"not_picked":["Conserve Battery","Stack+1"],"picked":"Barrage","floor":36},{"not_picked":["Lockon","Stack"],"picked":"Turbo+1","floor":38},{"not_picked":["Storm","Sunder+1","Melter"],"picked":"SKIP","floor":39},{"not_picked":["Stack","Capacitor+1","Static Discharge+1"],"picked":"SKIP","floor":40},{"not_picked":["Stack","Static Discharge+1"],"picked":"Capacitor+1","floor":40},{"not_picked":["Compile Driver","Barrage","Reinforced Body+1"],"picked":"SKIP","floor":42},{"not_picked":["Fusion","Turbo"],"picked":"Glacier+1","floor":44},{"not_picked":["Stack+1","White Noise+1"],"picked":"BootSequence+1","floor":46},{"not_picked":["Recycle+1","Gash+1"],"picked":"Chill+1","floor":47},{"not_picked":["Creative AI","Static Discharge","Coolheaded"],"picked":"SKIP","floor":48},{"not_picked":["Creative AI","Static Discharge","Coolheaded"],"picked":"SKIP","floor":48},{"not_picked":["Double Energy","Redo+1"],"picked":"Fusion+1","floor":54}],"player_experience":129490,"relics_obtained":[{"floor":6,"key":"Blood Vial"},{"floor":10,"key":"Symbiotic Virus"},{"floor":23,"key":"Torii"},{"floor":26,"key":"Pen Nib"},{"floor":29,"key":"Old Coin"},{"floor":43,"key":"Unceasing Top"},{"floor":44,"key":"Regal Pillow"},{"floor":54,"key":"Shuriken"}],"event_choices":[{"damage_healed":0,"gold_gain":0,"player_choice":"Ignored","damage_taken":0,"max_hp_gain":0,"max_hp_loss":0,"event_name":"Tomb of Lord Red Mask","floor":37,"gold_loss":0}],"is_beta":false,"boss_relics":[{"not_picked":["Philosopher\u0027s Stone","Fusion Hammer"],"picked":"Sozu"},{"not_picked":["Calling Bell","Velvet Choker"],"picked":"Runic Pyramid"}],"items_purged_floors":[11,28,41,53],"is_endless":false,"potions_floor_spawned":[2,4,8,13,19,22,24,30,31,39,40,44,47],"killed_by":"The Heart","ascension_level":0}}