{"host":"9whf1n4a9wpiw119","time":1609433991,"event":{"mods":["Aspiration","BaseMod","Beaked The Cultist","Bestiary","Better Altar","Better Note","Better Skull","Better Third Choice","Challenge The Spire","Colored Map","Colored Powertips","Conspire","Emptier Cage","Energized Spire","GifTheSpireLib","Halation","Hermit","Highlight Path","Hubris","Infinite Spire","Minty Spire (QoL Compilation)","Quick Restart","Rare Cards Sparkle","Relic Stats","Replay The Spire","Shop Mod","Spikes Relics","StSLib","Stuff the Spire","SuperFastMode","Synergy Search","The Construct","The Jungle"],"gold_per_floor":[115,115,115,7,19,19,19],"floor_reached":6,"playtime":234,"items_purged":["StuffTheSpire:CuriosityCurse"],"score":51,"play_id":"a129324d-5ad1-4f62-88a9-67618f5d9913","local_time":"20201231195951","is_ascension_mode":true,"campfire_choices":[],"circlet_count":0,"master_deck":["AscendersBane","Strike_G","Strike_G","Strike_G","Strike_G","Defend_G","Defend_G","Defend_G","Defend_G","Defend_G","Survivor","Neutralize","Hidden Blade","ReplayTheSpireMod:Scrap Shanks","Dagger Throw"],"relics":["SacredBark","halation:Toothbrush"],"acts_visited":["Exordium"],"potions_floor_usage":[],"damage_taken":[{"damage":7,"enemies":"2 Louse","floor":1,"turns":4},{"damage":9,"enemies":"conspire:RoseBush","floor":5,"turns":5},{"damage":60,"enemies":"Lagavulin","floor":6,"turns":11}],"seed_played":"-7517034318463998188","potions_obtained":[],"is_trial":false,"path_per_floor":["M","?","?","$","M","E"],"character_chosen":"THE_SILENT","items_purchased":["ReplayTheSpireMod:Scrap Shanks"],"campfire_rested":0,"item_purchase_floors":[4],"current_hp_per_floor":[56,56,59,62,53,0,0],"gold":19,"neow_bonus":"BOSS_RELIC","is_daily":false,"chose_seed":false,"campfire_upgraded":0,"win_rate":0.0,"timestamp":1609433991,"path_taken":["M","?","?","$","M","E"],"items_purchased_type":["Card"],"build_version":"2020-12-22","purchased_purges":1,"victory":false,"max_hp_per_floor":[70,70,73,76,76,76,76],"relic_stats":{"counters":[3,20],"obtain_stats":[{"SacredBark":0,"halation:Toothbrush":2,"Ring of the Snake":0},{"SacredBark":0,"halation:Toothbrush":1,"Ring of the Snake":0},{"SacredBark":0,"halation:Toothbrush":4,"Ring of the Snake":0}]},"card_choices":[{"not_picked":["Flying Knee","Prepared"],"picked":"Hidden Blade","floor":1},{"not_picked":["StuffTheSpire:BumpUp","Prepared"],"picked":"Dagger Throw","floor":5}],"player_experience":1078866,"relics_obtained":[],"event_choices":[],"is_beta":false,"boss_relics":[],"items_purged_floors":[4],"is_endless":false,"potions_floor_spawned":[],"killed_by":"Lagavulin","ascension_level":10}}