{"host":"re9xirrjoezsqg3h","time":1609409722,"event":{"mods":["AchievementEnabler","BaseMod","Dota2Spire","Downfall","GifTheSpireLib","Hermit","Minty Spire (QoL Compilation)","Replay The Spire","Robot Space Explorer","StSLib","The Bug Knight","The Cursed","[IsaacMod]ÒÔÈö¼âËþ"],"gold_per_floor":[99,114,129,144,244,274,299,314,239,239,224,291,303,415,442,554,616,628,655,817,864,941,968,980,992,1192,758,788,818,668,698,713,813,813,813,828,473,488,553,620,620,670,370,400,465,465,515,144,159,159,159,189,39,39,39,39],"floor_reached":55,"playtime":2812,"items_purged":["Defend_G","Strike_G","Strike_G","Defend_G","Strike_G"],"score":1028,"play_id":"735d4236-5303-42b1-94fb-cab57efed1e3","local_time":"20201231181522","daily_mods":["Specialized","Flight","downfall:WorldOfGoo"],"is_ascension_mode":false,"campfire_choices":[{"floor":1.0,"key":"RECALL"},{"data":"Prepared","floor":9.0,"key":"SMITH"},{"floor":18.0,"key":"DIG"},{"data":"Prepared","floor":25.0,"key":"SMITH"},{"data":"Well Laid Plans","floor":30,"key":"SMITH"},{"floor":46,"key":"REST"},{"floor":54,"key":"REST"}],"circlet_count":0,"master_deck":["Strike_G","Defend_G","Defend_G","Survivor","Neutralize","Atom Bomb","Atom Bomb","Atom Bomb","Atom Bomb","Atom Bomb","Cloak And Dagger","Backstab+1","Quick Slash","Prepared+1","Bullet Time","Hidden Blade","Calculated Gamble","Venomology","Prepared+1","Well Laid Plans+1","Reflex+1","Cloak And Dagger+1","Tactician","Well Laid Plans+1","Bullet Time","Thinking Ahead","Reflex","expansioncontent:FaceSlap","Discovery","Concentrate+1"],"relics":["Ring of the Snake","HushsDoor","DoctorsRemote","Boot","downfall:HeartBlessingRed","MawBank","downfall:CloakOfManyFaces","CultistMask","FaceOfCleric","NlothsMask","GremlinMask","SsserpentHead","Tiny House","Pet Ghost","Tough Bandages","Dota2Spire:OrchidMalevolence","DollysMirror","GuppysTail","AnarchistCookbook","downfall:HeartBlessingGreen","downfall:HeartBlessingBlue","SatanicBible","Fusion Hammer","Replay:Mystery Machine","Ring of the Snake","StrikeDummy","Dota2Spire:PhaseBoots","ReplayTheSpireMod:TigerMarble","InkBottle","HandDrill"],"acts_visited":["Exordium","TheCity","TheBeyond","TheEnding"],"potions_floor_usage":[28,29,31,33,50,50,55,55],"damage_taken":[{"damage":0.0,"enemies":"Cultist","floor":2.0,"turns":4.0},{"damage":0.0,"enemies":"2 Louse","floor":3.0,"turns":3.0},{"damage":5.0,"enemies":"Jaw Worm","floor":4.0,"turns":5.0},{"damage":12.0,"enemies":"Lagavulin","floor":6.0,"turns":6.0},{"damage":2.0,"enemies":"Exordium Thugs","floor":8.0,"turns":5.0},{"damage":0.0,"enemies":"downfall:FleeingMerchant","floor":11.0,"turns":4.0},{"damage":3.0,"enemies":"downfall:FaceTrader","floor":14.0,"turns":4.0},{"damage":0.0,"enemies":"Blue Slaver","floor":15.0,"turns":3.0},{"damage":38.0,"enemies":"The Guardian","floor":16.0,"turns":10.0},{"damage":0.0,"enemies":"Spheric Guardian","floor":19.0,"turns":3.0},{"damage":0.0,"enemies":"Colosseum Nobs","floor":20.0,"turns":2.0},{"damage":10.0,"enemies":"downfall:FleeingMerchant","floor":21.0,"turns":4.0},{"damage":5.0,"enemies":"Chosen","floor":22.0,"turns":6.0},{"damage":8.0,"enemies":"Centurion and Healer","floor":23.0,"turns":2.0},{"damage":3.0,"enemies":"downfall:FleeingMerchant","floor":26.0,"turns":5.0},{"damage":11,"enemies":"Slavers","floor":28,"turns":2},{"damage":21,"enemies":"Gremlin Leader","floor":29,"turns":4},{"damage":7,"enemies":"HollowMod:Nosk","floor":31,"turns":3},{"damage":0,"enemies":"Snake Plant","floor":32,"turns":1},{"damage":29,"enemies":"downfall:Defect","floor":33,"turns":4},{"damage":14,"enemies":"3 Shapes","floor":36,"turns":3},{"damage":0,"enemies":"Orb Walker","floor":38,"turns":1},{"damage":17,"enemies":"Transient","floor":39,"turns":5},{"damage":12,"enemies":"2 Orb Walkers","floor":40,"turns":2},{"damage":8,"enemies":"HollowMod:StalkingDevout","floor":44,"turns":2},{"damage":8,"enemies":"Jaw Worm Horde","floor":45,"turns":2},{"damage":0,"enemies":"4 Shapes","floor":49,"turns":1},{"damage":0,"enemies":"downfall:Ironclad","floor":50,"turns":2},{"damage":8,"enemies":"downfall:CharBossMerchant","floor":52,"turns":2},{"damage":114,"enemies":"Delirium","floor":55,"turns":5}],"seed_played":"-5051420239723459148","potions_obtained":[{"floor":2.0,"key":"Strength Potion"},{"floor":6.0,"key":"Dexterity Potion"},{"floor":14.0,"key":"LifebloodPotion"},{"floor":17.0,"key":"Ancient Potion"},{"floor":28,"key":"Weak Potion"},{"floor":29,"key":"Energy Potion"},{"floor":39,"key":"CunningPotion"},{"floor":52,"key":"Adrenaline Potion"}],"is_trial":false,"path_per_floor":["R","M","M","M","?","E","T","M","R","?","$","?","?","?","M","B",null,"R","M","?","$","M","M","T","R","$","$","E","E","R","E","M","B",null,"R","M","$","M","M","?","T","?","$","E","M","R","?","$","M","B",null,"E","$","R","B"],"character_chosen":"THE_SILENT","items_purchased":["Tactician","Well Laid Plans","DollysMirror","Thinking Ahead","Reflex","Replay:Mystery Machine","Dota2Spire:PhaseBoots","ReplayTheSpireMod:TigerMarble","Discovery","HandDrill"],"campfire_rested":2,"item_purchase_floors":[26,26,27,27,37,37,43,48,48,53],"current_hp_per_floor":[70,70,70,65,65,53,53,51,51,51,51,51,51,48,49,12,77,77,78,79,70,66,59,59,59,57,57,47,27,37,31,32,4,98,98,85,85,86,70,59,59,59,59,52,45,76,76,76,77,78,106,99,99,107,0,0],"gold":39,"neow_bonus":"","is_daily":true,"chose_seed":false,"campfire_upgraded":3,"win_rate":0.0,"timestamp":1609409722,"path_taken":["R","M","M","?","?","E","T","?","R","?","?","?","?","?","M","BOSS","R","M","?","?","?","M","T","R","?","$","E","E","R","E","M","BOSS","R","M","$","M","?","?","T","?","$","E","?","R","?","?","M","BOSS","E","$","R","BOSS"],"items_purchased_type":["Card","Card","Relic","Card","Card","Relic","Relic","Relic","Card","Relic"],"build_version":"2020-12-22","purchased_purges":5,"victory":false,"max_hp_per_floor":[70,70,70,70,70,70,70,70,70,70,70,70,70,70,71,72,77,77,78,79,80,81,82,82,82,83,83,84,85,95,96,97,98,98,98,99,99,100,101,102,102,102,102,103,104,104,104,104,105,106,106,107,107,107,107,107],"card_choices":[{"not_picked":[],"picked":"DoctorFetus","floor":0.0},{"not_picked":["Calculated Gamble","Deflect","Concentrate"],"picked":"SKIP","floor":2.0},{"not_picked":["Dodge and Roll","Underhanded Strike","Choke"],"picked":"SKIP","floor":3.0},{"not_picked":["Hidden Blade","Prepared"],"picked":"Cloak And Dagger","floor":4.0},{"not_picked":["Bane","Sucker Punch"],"picked":"Backstab","floor":5.0},{"not_picked":["Envenom","Accuracy"],"picked":"Quick Slash","floor":6.0},{"not_picked":["Hidden Blade","Replay:Poison Smokescreen"],"picked":"Prepared","floor":8.0},{"not_picked":["Calculated Gamble","Hidden Blade"],"picked":"Bullet Time","floor":11.0},{"not_picked":["Flechettes","Deflect"],"picked":"Hidden Blade","floor":12.0},{"not_picked":["Deflect","Outmaneuver"],"picked":"Calculated Gamble","floor":15.0},{"not_picked":["Corpse Explosion","Malaise"],"picked":"Venomology","floor":16.0},{"not_picked":["Fluid Movement","Poisoned Stab"],"picked":"Prepared","floor":17.0},{"not_picked":["Flying Knee","Prepared","Bouncing Flask"],"picked":"SKIP","floor":19.0},{"not_picked":["Caltrops","Dodge and Roll"],"picked":"Well Laid Plans+1","floor":21.0},{"not_picked":["ReplayTheSpireMod:The Works","Backflip+1"],"picked":"Reflex+1","floor":22.0},{"not_picked":["Blur+1","Deflect","Bane+1"],"picked":"SKIP","floor":23.0},{"not_picked":["Underhanded Strike+1","Caltrops+1"],"picked":"Cloak And Dagger+1","floor":26.0},{"not_picked":["Setup","Blur","Replay:Bag of Tricks"],"picked":"SKIP","floor":28},{"not_picked":["Sucker Punch","Flying Knee","Poisoned Stab"],"picked":"SKIP","floor":29},{"not_picked":["Predator","Heel Hook","Blur+1"],"picked":"SKIP","floor":31},{"not_picked":["Predator","Accuracy+1","Slice+1"],"picked":"SKIP","floor":32},{"not_picked":["Distraction","Skewer+1","Cloak And Dagger"],"picked":"SKIP","floor":36},{"not_picked":["Blur","Toxin Wave","Poisoned Stab"],"picked":"SKIP","floor":38},{"not_picked":["Dagger Spray","Footwork","Backflip+1"],"picked":"SKIP","floor":39},{"not_picked":["Setup","Cloak And Dagger+1","ReplayTheSpireMod:Shiv Toss"],"picked":"SKIP","floor":44},{"not_picked":["PiercingWail","Masterful Stab","Dagger Throw"],"picked":"SKIP","floor":45},{"not_picked":["expansioncontent:GuardianWhirl","expansioncontent:DecasProtection"],"picked":"expansioncontent:FaceSlap","floor":47},{"not_picked":["Cloak And Dagger","All Out Attack+1","Underhanded Strike"],"picked":"SKIP","floor":49},{"not_picked":["Corpse Explosion","ReplayTheSpireMod:Tripwire+1"],"picked":"Concentrate+1","floor":52}],"player_experience":315917,"relics_obtained":[{"floor":6.0,"key":"Boot"},{"floor":12.0,"key":"MawBank"},{"floor":14.0,"key":"downfall:CloakOfManyFaces"},{"floor":18.0,"key":"Pet Ghost"},{"floor":20.0,"key":"Tough Bandages"},{"floor":20.0,"key":"Dota2Spire:OrchidMalevolence"},{"floor":28,"key":"GuppysTail"},{"floor":29,"key":"AnarchistCookbook"},{"floor":31,"key":"SatanicBible"},{"floor":40,"key":"Diplopia"},{"floor":41,"key":"StrikeDummy"},{"floor":52,"key":"InkBottle"}],"event_choices":[{"cards_removed":["Defend_G"],"damage_healed":0.0,"max_hp_gain":0.0,"max_hp_loss":0.0,"gold_gain":0.0,"event_name":"Living Wall","player_choice":"Forget","floor":13.0,"gold_loss":0.0,"damage_taken":0.0},{"damage_healed":0,"gold_gain":0,"player_choice":"Fight","damage_taken":0,"max_hp_gain":0,"max_hp_loss":0,"event_name":"Mysterious Sphere","floor":40,"gold_loss":0},{"cards_removed":["DoctorFetus"],"damage_healed":0,"gold_gain":0,"player_choice":"Removed Power","damage_taken":0,"max_hp_gain":0,"max_hp_loss":0,"event_name":"Falling","floor":42,"gold_loss":0}],"is_beta":false,"boss_relics":[{"not_picked":["ChampionBelt","ChewingGum"],"picked":"Tiny House"},{"not_picked":[]},{"not_picked":["Replay:Bronze Core","Replay:Drink Me"],"picked":"Fusion Hammer"},{"not_picked":[]}],"items_purged_floors":[26,27,37,43,48],"is_endless":false,"potions_floor_spawned":[2,6,14,19,28,29,31,39,44,45,52],"killed_by":"Delirium","ascension_level":0}}