{"host":"l60rmjjsfi0fipmi","time":1609452078,"event":{"mods":["BaseMod","Colored Map","DeckTracker","Highlight Path","Minty Spire (QoL Compilation)"],"gold_per_floor":[113,113,127,76,87,87,116,116,139,155,155,165,165,233,233,233,233],"floor_reached":16,"playtime":1778,"items_purged":[],"score":100,"play_id":"6f23cfc1-0c04-46e7-a783-15a44e122d37","local_time":"20201231170118","is_ascension_mode":false,"campfire_choices":[{"data":"Weave","floor":6,"key":"SMITH"},{"data":"JustLucky","floor":8,"key":"SMITH"},{"data":"FlyingSleeves","floor":11,"key":"SMITH"},{"data":"FollowUp","floor":15,"key":"SMITH"}],"circlet_count":0,"master_deck":["Strike_P","Strike_P","Strike_P","Strike_P","Defend_P+1","Defend_P","Defend_P","Defend_P+1","Eruption","Vigilance+1","Wireheading","Weave+1","FlyingSleeves+1","CutThroughFate","JustLucky+1","FollowUp+1","Injury"],"relics":["PureWater","PreservedInsect","Tiny Chest","Golden Idol"],"acts_visited":["Exordium"],"potions_floor_usage":[7,16,16],"damage_taken":[{"damage":0,"enemies":"2 Louse","floor":1,"turns":2},{"damage":0,"enemies":"Jaw Worm","floor":3,"turns":4},{"damage":0,"enemies":"Small Slimes","floor":5,"turns":2},{"damage":15,"enemies":"3 Sentries","floor":7,"turns":8},{"damage":0,"enemies":"Exordium Wildlife","floor":10,"turns":3},{"damage":2,"enemies":"2 Fungi Beasts","floor":12,"turns":3},{"damage":41,"enemies":"The Guardian","floor":16,"turns":9}],"seed_played":"-3321667825820978865","potions_obtained":[{"floor":1,"key":"ColorlessPotion"},{"floor":3,"key":"Energy Potion"},{"floor":12,"key":"Strength Potion"}],"is_trial":false,"path_per_floor":["M","?","M","$","M","R","E","R","T","M","R","M","?","T","R","B"],"character_chosen":"WATCHER","items_purchased":["FlyingSleeves"],"campfire_rested":0,"item_purchase_floors":[4],"current_hp_per_floor":[72,58,58,58,58,58,43,43,43,43,43,41,41,41,41,0,0],"gold":233,"neow_bonus":"UPGRADE_CARD","is_daily":false,"chose_seed":false,"campfire_upgraded":4,"win_rate":0.0,"timestamp":1609452078,"path_taken":["M","?","M","$","M","R","E","R","T","M","R","M","?","?","R","BOSS"],"items_purchased_type":["Card"],"build_version":"2020-12-22","purchased_purges":0,"victory":false,"max_hp_per_floor":[72,72,72,72,72,72,72,72,72,72,72,72,72,72,72,72,72],"card_choices":[{"not_picked":["Nirvana","Conclude"],"picked":"Wireheading","floor":1},{"not_picked":["Protect","FlurryOfBlows"],"picked":"Weave","floor":3},{"not_picked":["CrushJoints","BowlingBash"],"picked":"CutThroughFate","floor":5},{"not_picked":["LikeWater","EmptyMind"],"picked":"JustLucky","floor":7},{"not_picked":["Evaluate","Weave","PathToVictory"],"picked":"SKIP","floor":10},{"not_picked":["Omniscience","Weave"],"picked":"FollowUp","floor":12}],"player_experience":149039,"relics_obtained":[{"floor":7,"key":"PreservedInsect"},{"floor":9,"key":"Tiny Chest"}],"event_choices":[{"damage_healed":0,"gold_gain":0,"player_choice":"Entered Light","damage_taken":14,"max_hp_gain":0,"max_hp_loss":0,"event_name":"Shining Light","floor":2,"gold_loss":0,"cards_upgraded":["Defend_P","Defend_P"]},{"damage_healed":0,"gold_gain":0,"player_choice":"Take Wound","damage_taken":0,"relics_obtained":["Golden Idol"],"max_hp_gain":0,"max_hp_loss":0,"event_name":"Golden Idol","floor":13,"gold_loss":0,"cards_obtained":["Injury"]}],"is_beta":false,"boss_relics":[],"items_purged_floors":[],"is_endless":false,"potions_floor_spawned":[1,3,12],"killed_by":"The Guardian","ascension_level":0}}