{"host":"51qmnr9isyv85d0p","time":1609413665,"event":{"mods":["AchievementEnabler","BaseMod","Colored Map","Colored Powertips","Curses Come First","Downfall","Minty Spire (QoL Compilation)","Relic Stats","StSLib","TestMod","vexMod"],"gold_per_floor":[99,9999,9364,9464,8868,8868,8920,8930,8958,8977,8977,8996,8996,8563,8573,8673,8673,8673,8692,8709,7899,7912,7943,8020,8020,8020,6962,5836,5852,5852,5864,5883,5987,5987,5987,6010,6030,6046,6060,5560,5607,5618,5618,5618],"floor_reached":42,"playtime":3923,"items_purged":["hexamod:Defend","hexamod:Strike","hexamod:Defend","hexamod:Strike","hexamod:Defend","hexamod:Strike","hexamod:HeatCrush"],"score":702,"play_id":"a065ca65-954a-417d-a7b6-d728d489579a","local_time":"20201231192105","is_ascension_mode":true,"campfire_choices":[{"data":"hexamod:Float","floor":1,"key":"SMITH"},{"data":"hexamod:SpectralAdrenaline","floor":6,"key":"SMITH"},{"data":"hexamod:SearingWound","floor":13,"key":"SMITH"},{"data":"hexamod:SearingWound","floor":18,"key":"SMITH"},{"data":"hexamod:SpectralSpark","floor":30,"key":"SMITH"},{"data":"hexamod:GhostOfSpirePresent","floor":35,"key":"SMITH"}],"circlet_count":0,"master_deck":["hexamod:Sear","hexamod:Float+1","hexamod:SpectralSpark+1","hexamod:SpectralAdrenaline+1","hexamod:ExtraCrispy","hexamod:SearingWound+1","hexamod:InspiringFlames","hexamod:SearingWound+1","hexamod:PowerFromBeyond+1","hexamod:SuperheatedStrike+1","hexamod:SpectralSpark+1","Thinking Ahead+1","testmod-Mystery+1","hexamod:CrushingStance+1","Chrysalis+1","hexamod:GhostOfSpirePresent+1","hexamod:FlamesFromBeyond+1","hexamod:RadiantFlame+1","hexamod:TimeWarp+1","Trip+1"],"relics":["hexamod:SpiritBrand","testmod-TestBox","testmod-ArcanaOfDestiny","Lantern","Dream Catcher","TheAbacus","testmod-IndustrialRevolution","Vajra","Lee\u0027s Waffle","vexMod:BarristanHead","Sundial","vexMod:RedPlottingStone","testmod-DragonStarHat","Runic Pyramid","Oddly Smooth Stone","Molten Egg 2","Frozen Eye","testmod-AssaultLearning","Toxic Egg 2","testmod-Acrobat","Bag of Preparation","HandDrill","Bottled Tornado","Membership Card","testmod-FatalChain","vexMod:EndlessSickness","Juzu Bracelet","Bottled Lightning","OrangePellets","MealTicket"],"acts_visited":["Exordium","TheCity","TheBeyond"],"potions_floor_usage":[10,14,15,16,19,23,23,31,32,33,33,42,42],"damage_taken":[{"damage":1,"enemies":"Jaw Worm","floor":2,"turns":2},{"damage":0,"enemies":"downfall:FleeingMerchant","floor":3,"turns":4},{"damage":0,"enemies":"downfall:FleeingMerchant","floor":5,"turns":4},{"damage":0,"enemies":"Cultist","floor":8,"turns":3},{"damage":0,"enemies":"Lagavulin","floor":9,"turns":3},{"damage":5,"enemies":"Small Slimes","floor":10,"turns":3},{"damage":7,"enemies":"3 Louse","floor":12,"turns":2},{"damage":9,"enemies":"downfall:FleeingMerchant","floor":14,"turns":4},{"damage":0,"enemies":"Blue Slaver","floor":15,"turns":1},{"damage":13,"enemies":"downfall:Silent","floor":16,"turns":3},{"damage":8,"enemies":"Shell Parasite","floor":19,"turns":2},{"damage":0,"enemies":"Spheric Guardian","floor":20,"turns":3},{"damage":0,"enemies":"Chosen and Byrds","floor":22,"turns":3},{"damage":0,"enemies":"Gremlin Leader","floor":23,"turns":4},{"damage":0,"enemies":"Centurion and Healer","floor":29,"turns":1},{"damage":4,"enemies":"Cultist and Chosen","floor":31,"turns":2},{"damage":6,"enemies":"Chosen and Byrds","floor":32,"turns":2},{"damage":0,"enemies":"downfall:Watcher","floor":33,"turns":3},{"damage":5,"enemies":"Orb Walker","floor":36,"turns":2},{"damage":0,"enemies":"3 Darklings","floor":37,"turns":1},{"damage":31,"enemies":"4 Shapes","floor":38,"turns":2},{"damage":0,"enemies":"Jaw Worm Horde","floor":39,"turns":1},{"damage":50,"enemies":"Nemesis","floor":42,"turns":2}],"seed_played":"2874528955026523339","potions_obtained":[{"floor":2,"key":"Weak Potion"},{"floor":10,"key":"FearPotion"},{"floor":16,"key":"Dexterity Potion"},{"floor":19,"key":"AttackPotion"},{"floor":23,"key":"SteroidPotion"},{"floor":31,"key":"Ancient Potion"},{"floor":33,"key":"DuplicationPotion"},{"floor":38,"key":"SkillPotion"},{"floor":39,"key":"Fire Potion"}],"is_trial":false,"path_per_floor":["R","M","$","?","$","R","T","M","E","M","?","M","R","$","M","B",null,"R","M","M","$","M","E","T","?","?","$","$","M","R","M","M","B",null,"R","M","M","M","M","$","T","E"],"character_chosen":"THE_SPIRIT","items_purchased":["Lantern","Dream Catcher","TheAbacus","BlessingOfTheForge","Energy Potion","testmod-IndustrialRevolution","Vajra","Lee\u0027s Waffle","hexamod:ExtraCrispy","vexMod:RedPlottingStone","testmod-DragonStarHat","BlessingOfTheForge","Fire Potion","Oddly Smooth Stone","Molten Egg 2","Frozen Eye","hexamod:SuperheatedStrike+1","testmod-TestPotion","testmod-Acrobat","Bag of Preparation","HandDrill","hexamod:SpectralSpark+1","Thinking Ahead+1","testmod-Mystery+1","testmod-TestPotion","hexamod:CrushingStance+1","Chrysalis+1","hexamod:GhostOfSpirePresent","Bottled Tornado","Membership Card","testmod-FatalChain","Fire Potion","hexamod:FlamesFromBeyond+1","Juzu Bracelet","Bottled Lightning","OrangePellets","hexamod:TimeWarp+1","Trip+1"],"campfire_rested":0,"item_purchase_floors":[3,3,3,3,3,5,5,5,5,14,14,14,14,21,21,21,21,21,27,27,27,27,27,27,27,28,28,28,28,28,28,28,28,40,40,40,40,40],"current_hp_per_floor":[77,76,76,76,84,84,84,84,84,79,79,72,72,63,63,50,84,84,76,76,76,76,76,76,76,76,76,76,76,76,72,66,66,84,84,79,79,48,48,48,48,0,0,0],"gold":5618,"neow_bonus":"TEN_PERCENT_HP_BONUS","is_daily":false,"chose_seed":false,"campfire_upgraded":6,"win_rate":0.0,"timestamp":1609413665,"path_taken":["R","M","$","?","$","R","T","M","E","?","?","M","R","$","M","BOSS","R","M","M","$","M","E","T","?","?","?","$","M","R","M","M","BOSS","R","M","M","M","M","$","T","E"],"items_purchased_type":["Relic","Relic","Relic","Potion","Potion","Relic","Relic","Relic","Card","Relic","Relic","Potion","Potion","Relic","Relic","Relic","Card","Potion","Relic","Relic","Relic","Card","Card","Card","Potion","Card","Card","Card","Relic","Relic","Relic","Potion","Card","Relic","Relic","Relic","Card","Card"],"build_version":"2020-12-22","purchased_purges":7,"victory":false,"max_hp_per_floor":[77,77,77,77,84,84,84,84,84,84,84,84,84,84,84,84,84,84,84,84,84,84,84,84,84,84,84,84,84,84,84,84,84,84,84,84,84,84,84,84,84,84,84,84],"relic_stats":{"OrangePellets":[0],"Dream Catcher":0,"Lee\u0027s Waffle":8,"TheAbacus":[66],"counters":[23,57],"Sundial":[4],"MealTicket":0,"Bag of Preparation":[18],"HandDrill":[10],"Juzu Bracelet":0,"obtain_stats":[{"Lantern":3,"Vajra":5,"Bag of Preparation":27,"Juzu Bracelet":40,"Bottled Tornado":28,"Frozen Eye":21,"Dream Catcher":3,"TheAbacus":3,"Sundial":9,"vexMod:RedPlottingStone":14,"vexMod:EndlessSickness":34,"MealTicket":41,"testmod-DragonStarHat":14,"HandDrill":27,"Toxic Egg 2":24,"hexamod:SpiritBrand":0,"testmod-ArcanaOfDestiny":0,"Runic Pyramid":17,"Lee\u0027s Waffle":5,"testmod-TestBox":0,"testmod-FatalChain":28,"Oddly Smooth Stone":21,"testmod-IndustrialRevolution":5,"OrangePellets":40,"vexMod:BarristanHead":7,"testmod-AssaultLearning":23,"testmod-Acrobat":27,"Molten Egg 2":21,"Membership Card":28,"Bottled Lightning":40},{"Lantern":2,"Vajra":3,"Bag of Preparation":14,"Juzu Bracelet":22,"Bottled Tornado":14,"Frozen Eye":12,"Dream Catcher":2,"TheAbacus":2,"Sundial":5,"vexMod:RedPlottingStone":8,"vexMod:EndlessSickness":18,"MealTicket":22,"testmod-DragonStarHat":8,"HandDrill":14,"Toxic Egg 2":14,"hexamod:SpiritBrand":0,"testmod-ArcanaOfDestiny":0,"Runic Pyramid":10,"Lee\u0027s Waffle":3,"testmod-TestBox":0,"testmod-FatalChain":14,"Oddly Smooth Stone":12,"testmod-IndustrialRevolution":3,"OrangePellets":22,"vexMod:BarristanHead":3,"testmod-AssaultLearning":14,"testmod-Acrobat":14,"Molten Egg 2":12,"Membership Card":14,"Bottled Lightning":22},{"Lantern":6,"Vajra":10,"Bag of Preparation":41,"Juzu Bracelet":55,"Bottled Tornado":41,"Frozen Eye":34,"Dream Catcher":6,"TheAbacus":6,"Sundial":16,"vexMod:RedPlottingStone":25,"vexMod:EndlessSickness":49,"MealTicket":55,"testmod-DragonStarHat":25,"HandDrill":41,"Toxic Egg 2":41,"hexamod:SpiritBrand":0,"testmod-ArcanaOfDestiny":0,"Runic Pyramid":29,"Lee\u0027s Waffle":10,"testmod-TestBox":0,"testmod-FatalChain":41,"Oddly Smooth Stone":34,"testmod-IndustrialRevolution":10,"OrangePellets":55,"vexMod:BarristanHead":10,"testmod-AssaultLearning":41,"testmod-Acrobat":41,"Molten Egg 2":34,"Membership Card":41,"Bottled Lightning":55}]},"card_choices":[{"not_picked":["hexamod:PowerFromBeyond","hexamod:BacktrackSmack"],"picked":"hexamod:SpectralSpark","floor":2},{"not_picked":["hexamod:RainOfEmbers","hexamod:NightmareStrike"],"picked":"hexamod:SpectralAdrenaline","floor":3},{"not_picked":["hexamod:BurningTouch","hexamod:FourthSeal","hexamod:RecurringNightmare"],"picked":"SKIP","floor":5},{"not_picked":["hexamod:TurnItUp","hexamod:Firestarter","hexamod:GhostLash"],"picked":"SKIP","floor":8},{"not_picked":["hexamod:GhostOfSpirePast","hexamod:DynamicBlow"],"picked":"hexamod:HeatCrush","floor":9},{"not_picked":["hexamod:DynamicBlow","hexamod:HauntingEcho"],"picked":"hexamod:SearingWound","floor":10},{"not_picked":["hexamod:HauntingEcho","hexamod:AdvancingGuard","hexamod:ThirdSeal"],"picked":"SKIP","floor":12},{"not_picked":["hexamod:Haunt","hexamod:InspiringFlames","hexamod:EmpoweringStance"],"picked":"SKIP","floor":14},{"not_picked":["hexamod:GhostLash","hexamod:ExtraCrispy"],"picked":"hexamod:InspiringFlames","floor":15},{"not_picked":["hexamod:EmpoweringStance","hexamod:TurnItUp"],"picked":"hexamod:SearingWound","floor":16},{"not_picked":["hexamod:GhostShield+1","hexamod:HeatCrush","hexamod:RecurringNightmare"],"picked":"SKIP","floor":19},{"not_picked":["hexamod:ThermalTransfer+1","hexamod:InspiringFlames+1"],"picked":"hexamod:PowerFromBeyond+1","floor":20},{"not_picked":["hexamod:PhantomFireball+1","hexamod:ChargedBarrage","hexamod:RetreatToShadows+1"],"picked":"SKIP","floor":22},{"not_picked":["hexamod:SwordOfDarkness+1","hexamod:GhostflameInferno","hexamod:RecurringNightmare"],"picked":"SKIP","floor":23},{"not_picked":["hexamod:InspiringFlames+1","hexamod:GhostShield+1"],"picked":"hexamod:RadiantFlame+1","floor":29},{"not_picked":["hexamod:InspiringFlames+1","hexamod:AdvancingGuard+1","hexamod:FastForward+1"],"picked":"SKIP","floor":31},{"not_picked":["hexamod:HauntingEcho+1","hexamod:FastForward+1","hexamod:DynamicBlow+1"],"picked":"SKIP","floor":32},{"not_picked":["hexamod:HeatCrush+1","hexamod:ThermalTransfer+1","hexamod:BurningTouch+1"],"picked":"SKIP","floor":36},{"not_picked":["hexamod:StepThrough+1","hexamod:GhostShield+1","hexamod:SwordOfDarkness+1"],"picked":"SKIP","floor":37},{"not_picked":["hexamod:NecessarySacrifice+1","hexamod:Hexaguard+1","hexamod:EmpoweredFlame+1"],"picked":"SKIP","floor":38},{"not_picked":["hexamod:Firestarter+1","hexamod:Hexaguard+1","hexamod:SkipABeat+1"],"picked":"SKIP","floor":39}],"player_experience":39103,"relics_obtained":[{"floor":7,"key":"vexMod:BarristanHead"},{"floor":9,"key":"Sundial"},{"floor":23,"key":"testmod-AssaultLearning"},{"floor":24,"key":"Toxic Egg 2"},{"floor":41,"key":"MealTicket"}],"event_choices":[{"cards_removed":["hexamod:Strike"],"damage_healed":0,"gold_gain":0,"player_choice":"Elegance","damage_taken":0,"max_hp_gain":0,"max_hp_loss":0,"event_name":"Back to Basics","floor":26,"gold_loss":0}],"is_beta":false,"boss_relics":[{"not_picked":["testmod-Recursion","Snecko Eye"],"picked":"Runic Pyramid"},{"not_picked":["vexMod:RockOfEvil","Sozu"],"picked":"vexMod:EndlessSickness"}],"items_purged_floors":[3,5,14,21,27,28,40],"is_endless":false,"potions_floor_spawned":[2,9,10,16,19,22,23,31,33,38,39],"killed_by":"Nemesis","ascension_level":3}}