{"host":"1zfbckszmdcrhnfi","time":1609447759,"event":{"mods":["AchievementEnabler","BaseMod","Colored Map","Downfall","Marisa£®ÏF”Í°°ƒß¿Ì…≥£©","Minty Spire (QoL Compilation)","Replay The Spire","Shop Mod","StSLib","The Cursed","The Servant 0.9.4"],"gold_per_floor":[115,127,144,144,156,190,190,202,202,202,202,235,235,410,410,530,530,544,544,469,424,438,438,438,438],"floor_reached":24,"playtime":992,"items_purged":[],"score":240,"play_id":"0e345bb9-c767-4cb6-9b01-46d51ce7d510","local_time":"20210101044919","is_ascension_mode":true,"campfire_choices":[{"floor":7,"key":"REST"},{"floor":10,"key":"RECALL"},{"floor":15,"key":"REST"},{"data":"TheCursedMod:VoidForm","floor":23,"key":"SMITH"}],"circlet_count":0,"master_deck":["TheCursedMod:Strike_TheCursed","TheCursedMod:Strike_TheCursed","TheCursedMod:Strike_TheCursed","TheCursedMod:Strike_TheCursed","TheCursedMod:Defend_TheCursed","TheCursedMod:Defend_TheCursed","TheCursedMod:CursedWand","TheCursedMod:CleanUpWorkshop","TheCursedMod:Dregs","TheCursedMod:Grudge+1","TheCursedMod:CursedBlade","TheCursedMod:ReleasedStrength","TheCursedMod:TroublousMinions","Injury","TheCursedMod:TroublousMinions","Doubt","TheCursedMod:VoidForm+1","TheCursedMod:Stigma","TheCursedMod:SpitefulStrike","TheCursedMod:SurpriseAttack"],"relics":["TheCursedMod:FourLeafCloverCharm","MealTicket","Quantum Egg","Golden Idol","Orichalcum","TheCursedMod:OminousMark"],"acts_visited":["Exordium","TheCity"],"potions_floor_usage":[12,16,16,24],"damage_taken":[{"damage":0.0,"enemies":"Jaw Worm","floor":1.0,"turns":5.0},{"damage":1.0,"enemies":"Cultist","floor":2.0,"turns":4.0},{"damage":1.0,"enemies":"2 Louse","floor":3.0,"turns":3.0},{"damage":14,"enemies":"2 Fungi Beasts","floor":5,"turns":6},{"damage":18,"enemies":"3 Sentries","floor":6,"turns":9},{"damage":4,"enemies":"Blue Slaver","floor":8,"turns":4},{"damage":12,"enemies":"Gremlin Nob","floor":12,"turns":2},{"damage":66,"enemies":"Hexaghost","floor":16,"turns":13},{"damage":32,"enemies":"Shell Parasite","floor":18,"turns":7},{"damage":14,"enemies":"Spheric Guardian","floor":22,"turns":5},{"damage":50,"enemies":"Book of Stabbing","floor":24,"turns":6}],"seed_played":"6789542266845100953","potions_obtained":[{"floor":1.0,"key":"Regen Potion"},{"floor":5,"key":"SteroidPotion"},{"floor":8,"key":"Death Potion"},{"floor":12,"key":"Block Potion"},{"floor":22,"key":"PowerPotion"}],"is_trial":false,"path_per_floor":["M","M","M","?","M","E","R","M","T","R","?","E","?","?","R","B",null,"M","?","?","$","M","R","E"],"character_chosen":"THE_CURSED","items_purchased":["TheCursedMod:SpitefulStrike"],"campfire_rested":2,"item_purchase_floors":[21],"current_hp_per_floor":[75,74,73,73,59,41,63,59,59,59,59,47,47,47,69,18,75,43,43,43,58,44,44,0,0],"gold":438,"neow_bonus":"BOSS_RELIC","is_daily":false,"chose_seed":false,"campfire_upgraded":1,"win_rate":0.0,"timestamp":1609447759,"path_taken":["M","M","M","?","?","E","R","M","T","R","?","E","?","?","R","BOSS","M","?","?","$","M","R","E"],"items_purchased_type":["Card"],"build_version":"2020-12-22","purchased_purges":0,"victory":false,"max_hp_per_floor":[75,75,75,75,75,75,75,75,75,75,75,75,75,75,75,75,75,75,75,75,75,75,75,75,75],"card_choices":[{"not_picked":["TheCursedMod:CursedSpellbook","TheCursedMod:CircleOfCorruption"],"picked":"TheCursedMod:CursedBlade","floor":1.0},{"not_picked":["TheCursedMod:CursedMace","TheCursedMod:Stigma"],"picked":"TheCursedMod:Grudge","floor":2.0},{"not_picked":["TheCursedMod:AshesToAshes","TheCursedMod:CursedBlade","TheCursedMod:Grudge"],"picked":"SKIP","floor":3.0},{"not_picked":["TheCursedMod:RapidMovement","TheCursedMod:SoulReap"],"picked":"TheCursedMod:CursedBlade","floor":5},{"not_picked":["TheCursedMod:CursedBlade","TheCursedMod:CursedRelics"],"picked":"TheCursedMod:ReleasedStrength","floor":6},{"not_picked":["TheCursedMod:SoulCrush","TheCursedMod:WearCloak"],"picked":"TheCursedMod:TroublousMinions","floor":8},{"not_picked":["TheCursedMod:SoulCrush","TheCursedMod:SpitefulStrike"],"picked":"TheCursedMod:TroublousMinions","floor":12},{"not_picked":["TheCursedMod:DemonSword","TheCursedMod:AntiAging"],"picked":"TheCursedMod:VoidForm","floor":16},{"not_picked":["TheCursedMod:FleshFromBone","TheCursedMod:Stretching+1"],"picked":"TheCursedMod:Stigma","floor":18},{"not_picked":["TheCursedMod:CircleOfAmplification","TheCursedMod:AshesToAshes+1"],"picked":"TheCursedMod:SurpriseAttack","floor":22}],"player_experience":177441,"relics_obtained":[{"floor":6,"key":"Quantum Egg"},{"floor":12,"key":"Orichalcum"}],"event_choices":[{"cards_removed":["TheCursedMod:CursedBlade"],"damage_healed":0.0,"max_hp_gain":0.0,"max_hp_loss":0.0,"gold_gain":0.0,"event_name":"WeMeetAgain","player_choice":"Gave Card","floor":4.0,"gold_loss":0.0,"damage_taken":0.0,"relics_obtained":["MealTicket"]},{"damage_healed":0,"gold_gain":0,"player_choice":"Take Wound","damage_taken":0,"relics_obtained":["Golden Idol"],"max_hp_gain":0,"max_hp_loss":0,"event_name":"Golden Idol","floor":11,"gold_loss":0,"cards_obtained":["Injury"]},{"damage_healed":0,"gold_gain":175,"player_choice":"AGREE","damage_taken":0,"max_hp_gain":0,"max_hp_loss":0,"event_name":"Liars Game","floor":14,"gold_loss":0,"cards_obtained":["Doubt"]},{"cards_removed":["TheCursedMod:Defend_TheCursed"],"damage_healed":0,"gold_gain":0,"player_choice":"Elegance","damage_taken":0,"max_hp_gain":0,"max_hp_loss":0,"event_name":"Back to Basics","floor":19,"gold_loss":0},{"cards_removed":["TheCursedMod:Defend_TheCursed"],"damage_healed":0,"gold_gain":0,"player_choice":"Gave Gold","damage_taken":0,"max_hp_gain":0,"max_hp_loss":0,"event_name":"Beggar","floor":20,"gold_loss":75}],"is_beta":false,"boss_relics":[{"not_picked":["Honey Jar","Painkiller Herb"],"picked":"TheCursedMod:OminousMark"}],"items_purged_floors":[],"is_endless":false,"potions_floor_spawned":[1,5,8,12,22],"killed_by":"Book of Stabbing","ascension_level":1}}