{"host":"u7lm8z2rvb4dg2oo","time":1609399382,"event":{"mods":["AchievementEnabler","BaseMod","Colored Map","Colored Powertips","Curses Come First","Googly Eyes","Highlight Path","Minty Spire (QoL Compilation)","Quick Restart","StSLib"],"gold_per_floor":[115,134,144,144,164,164,190,190,240,240,240,240,272,284,284,384,384,401,401,421,267,278,313,313,327,406,441,457,488,488,488,488,589,589,609,469,480,580,335,335,370,385,385,412,412,429,439,242,242,242],"floor_reached":51,"playtime":3132,"items_purged":["Strike_P+1"],"score":1100,"play_id":"c1385f77-06b7-483c-9250-3717b961ee9a","local_time":"20201231022302","is_ascension_mode":true,"campfire_choices":[{"data":"Eruption","floor":6,"key":"SMITH"},{"data":"CutThroughFate","floor":10,"key":"SMITH"},{"data":"Indignation","floor":15,"key":"SMITH"},{"data":"Blasphemy","floor":24,"key":"SMITH"},{"data":"Wireheading","floor":30,"key":"SMITH"},{"floor":32,"key":"REST"},{"floor":40,"key":"RECALL"},{"floor":45,"key":"REST"},{"floor":49,"key":"REST"}],"circlet_count":0,"master_deck":["Strike_P","Defend_P","Defend_P","Defend_P","Defend_P","Eruption+1","Vigilance","Wallop+1","ReachHeaven+1","Consecrate","FlurryOfBlows+1","CutThroughFate+1","Indignation+1","Consecrate","Blasphemy+1","Consecrate+1","Wireheading+1","FearNoEvil","CutThroughFate","SandsOfTime+1","Adaptation+1","SpiritShield","Vault","CutThroughFate+1","Wireheading+1","Tantrum+1","Meditate"],"relics":["PureWater","NeowsBlessing","Ornamental Fan","Whetstone","Velvet Choker","Mango","Meat on the Bone","Ancient Tea Set","Anchor","Fusion Hammer","Kunai","CloakClasp","Dead Branch","Vajra"],"acts_visited":["Exordium","TheCity","TheBeyond"],"potions_floor_usage":[5,7,7,20,27,28,33,35,35,41,47,48],"damage_taken":[{"damage":0,"enemies":"2 Louse","floor":1,"turns":1},{"damage":0,"enemies":"Small Slimes","floor":2,"turns":1},{"damage":0,"enemies":"Cultist","floor":3,"turns":1},{"damage":4,"enemies":"Lots of Slimes","floor":5,"turns":3},{"damage":0,"enemies":"Gremlin Nob","floor":7,"turns":2},{"damage":0,"enemies":"Lagavulin","floor":13,"turns":2},{"damage":3,"enemies":"Blue Slaver","floor":14,"turns":3},{"damage":0,"enemies":"Slime Boss","floor":16,"turns":4},{"damage":2,"enemies":"Chosen","floor":18,"turns":3},{"damage":24,"enemies":"2 Thieves","floor":20,"turns":4},{"damage":0,"enemies":"3 Cultists","floor":22,"turns":3},{"damage":0,"enemies":"Gremlin Leader","floor":23,"turns":3},{"damage":0,"enemies":"Sentry and Sphere","floor":25,"turns":2},{"damage":26,"enemies":"Slavers","floor":27,"turns":2},{"damage":0,"enemies":"Centurion and Healer","floor":28,"turns":3},{"damage":13,"enemies":"Gremlin Leader","floor":29,"turns":4},{"damage":22,"enemies":"Champ","floor":33,"turns":4},{"damage":4,"enemies":"3 Darklings","floor":35,"turns":3},{"damage":3,"enemies":"Orb Walker","floor":37,"turns":2},{"damage":61,"enemies":"Giant Head","floor":41,"turns":8},{"damage":37,"enemies":"Spire Growth","floor":42,"turns":4},{"damage":31,"enemies":"Nemesis","floor":44,"turns":4},{"damage":34,"enemies":"4 Shapes","floor":46,"turns":3},{"damage":0,"enemies":"Sphere and 2 Shapes","floor":47,"turns":2},{"damage":107,"enemies":"Awakened One","floor":50,"turns":8}],"seed_played":"-2115084917292888460","potions_obtained":[{"floor":1,"key":"BottledMiracle"},{"floor":5,"key":"EntropicBrew"},{"floor":7,"key":"StancePotion"},{"floor":23,"key":"Weak Potion"},{"floor":25,"key":"Explosive Potion"},{"floor":27,"key":"DistilledChaos"},{"floor":29,"key":"LiquidBronze"},{"floor":42,"key":"Ancient Potion"},{"floor":44,"key":"DistilledChaos"},{"floor":46,"key":"FearPotion"}],"is_trial":false,"path_per_floor":["M","M","M","$","M","R","E","?","T","R","?","?","E","M","R","B",null,"M","$","M","$","M","E","R","M","T","E","M","E","R","?","R","B",null,"M","$","M","?","$","R","E","M","T","E","R","M","M","$","R","B",null],"character_chosen":"WATCHER","items_purchased":["Wireheading","Vault","Kunai","Fruit Juice","FairyPotion"],"campfire_rested":3,"item_purchase_floors":[21,36,39,48,48],"current_hp_per_floor":[72,72,72,72,68,68,68,73,73,73,58,58,58,55,55,55,77,75,75,51,51,51,65,65,65,65,51,51,50,50,50,77,55,91,87,87,84,84,84,84,35,39,39,20,47,25,37,42,70,20],"gold":242,"neow_bonus":"THREE_ENEMY_KILL","is_daily":false,"chose_seed":false,"campfire_upgraded":5,"win_rate":0.0,"timestamp":1609399382,"path_taken":["M","M","M","$","M","R","E","?","T","R","?","?","E","M","R","BOSS","M","$","M","$","M","E","R","M","T","E","M","E","R","?","R","BOSS","M","$","M","?","$","R","E","M","T","E","R","M","?","?","R","BOSS"],"items_purchased_type":["Card","Card","Relic","Potion","Potion"],"build_version":"2020-12-22","purchased_purges":1,"victory":true,"max_hp_per_floor":[72,72,72,72,72,72,72,77,77,77,77,77,77,77,77,77,77,77,77,77,77,77,91,91,91,91,91,91,91,91,91,91,91,91,91,91,91,91,91,91,91,91,91,91,91,91,91,96,96,96],"card_choices":[{"not_picked":["Collect","EmptyBody"],"picked":"Wallop","floor":1},{"not_picked":["LikeWater","Indignation"],"picked":"ReachHeaven","floor":2},{"not_picked":["EmptyBody","CrushJoints"],"picked":"Consecrate","floor":3},{"not_picked":["Collect","FlyingSleeves"],"picked":"FlurryOfBlows","floor":5},{"not_picked":["FollowUp","Alpha"],"picked":"CutThroughFate","floor":7},{"not_picked":["FlyingSleeves","PathToVictory"],"picked":"Consecrate","floor":13},{"not_picked":["Wallop","Collect","ThirdEye"],"picked":"SKIP","floor":14},{"not_picked":["Brilliance","SpiritShield"],"picked":"Blasphemy","floor":16},{"not_picked":["Adaptation","FlyingSleeves"],"picked":"Consecrate+1","floor":18},{"not_picked":["Evaluate","LikeWater","ThirdEye+1"],"picked":"SKIP","floor":20},{"not_picked":["EmptyMind","Brilliance","SashWhip"],"picked":"SKIP","floor":22},{"not_picked":["JustLucky","SashWhip"],"picked":"FearNoEvil","floor":23},{"not_picked":["ClearTheMind","Evaluate"],"picked":"CutThroughFate","floor":25},{"not_picked":["Worship+1","Collect","Crescendo"],"picked":"SKIP","floor":27},{"not_picked":["Adaptation+1","BowlingBash"],"picked":"SandsOfTime+1","floor":28},{"not_picked":["FlyingSleeves","Nirvana"],"picked":"Adaptation+1","floor":29},{"not_picked":["Establishment","Judgement"],"picked":"SpiritShield","floor":33},{"not_picked":["Adaptation","Collect+1","CrushJoints+1"],"picked":"SKIP","floor":35},{"not_picked":["EmptyBody+1","Indignation"],"picked":"CutThroughFate+1","floor":37},{"not_picked":["Crescendo","DeceiveReality+1"],"picked":"Wireheading+1","floor":41},{"not_picked":["CrushJoints+1","SashWhip","EmptyBody+1"],"picked":"SKIP","floor":42},{"not_picked":["Vengeance","ClearTheMind"],"picked":"Tantrum+1","floor":44},{"not_picked":["Sanctity+1","EmptyFist+1","DeceiveReality+1"],"picked":"SKIP","floor":46},{"not_picked":["Pray+1","Consecrate+1"],"picked":"Meditate","floor":47}],"player_experience":1012589,"relics_obtained":[{"floor":7,"key":"Ornamental Fan"},{"floor":13,"key":"Whetstone"},{"floor":23,"key":"Mango"},{"floor":26,"key":"Meat on the Bone"},{"floor":27,"key":"Ancient Tea Set"},{"floor":29,"key":"Anchor"},{"floor":41,"key":"CloakClasp"},{"floor":43,"key":"Dead Branch"},{"floor":44,"key":"Vajra"}],"event_choices":[{"damage_healed":0,"gold_gain":0,"player_choice":"Donut","damage_taken":0,"max_hp_gain":5,"max_hp_loss":0,"event_name":"Big Fish","floor":8,"gold_loss":0},{"damage_healed":0,"gold_gain":0,"player_choice":"Entered Light","damage_taken":15,"max_hp_gain":0,"max_hp_loss":0,"event_name":"Shining Light","floor":11,"gold_loss":0,"cards_upgraded":["Strike_P","FlurryOfBlows"]},{"damage_healed":0,"gold_gain":0,"cards_transformed":["Strike_P"],"player_choice":"Change","damage_taken":0,"max_hp_gain":0,"max_hp_loss":0,"event_name":"Living Wall","floor":12,"gold_loss":0,"cards_obtained":["Indignation"]},{"cards_removed":["Strike_P"],"damage_healed":0,"gold_gain":0,"player_choice":"Elegance","damage_taken":0,"max_hp_gain":0,"max_hp_loss":0,"event_name":"Back to Basics","floor":31,"gold_loss":0},{"damage_healed":0,"gold_gain":100,"player_choice":"Pray","damage_taken":0,"max_hp_gain":0,"max_hp_loss":0,"event_name":"Golden Shrine","floor":38,"gold_loss":0}],"is_beta":false,"boss_relics":[{"not_picked":["Black Star","Runic Dome"],"picked":"Velvet Choker"},{"not_picked":["Sozu","Runic Pyramid"],"picked":"Fusion Hammer"}],"items_purged_floors":[21],"is_endless":false,"potions_floor_spawned":[1,5,7,16,23,25,27,29,42,44,46],"ascension_level":4}}