{"host":"5ffrjkuvgrxgllwx","time":1609377561,"event":{"mods":["AchievementEnabler","BaseMod","Colored Map","Colored Powertips","Minty Spire (QoL Compilation)","Quick Restart","Rare Cards Sparkle","StSLib","everything is the same but u backflip on backflip"],"gold_per_floor":[99,99,99,99,18,18,18,18,18,18,18,18,18,18,18,18,18,18,18,18,18,18,18,18],"floor_reached":23,"playtime":812,"items_purged":[],"score":352,"play_id":"49870dd7-8273-4180-a1fe-709bdc3d5556","local_time":"20201230201921","is_ascension_mode":true,"campfire_choices":[{"data":"Dash","floor":6,"key":"SMITH"},{"floor":10,"key":"REST"},{"floor":12,"key":"REST"},{"floor":15,"key":"REST"}],"circlet_count":0,"master_deck":["AscendersBane","Survivor","Neutralize","Sucker Punch","Poisoned Stab","Dash+1","Bullet Time","Bane","Malaise","Grand Finale","Malaise","Flechettes","Blur","Flechettes","Choke","Calculated Gamble","Setup","Wraith Form v2+1","Predator","Necronomicurse","Catalyst"],"relics":["Ectoplasm","War Paint","Blue Candle","Tiny Chest","Pandora\u0027s Box","Necronomicon","PreservedInsect"],"acts_visited":["Exordium","TheCity"],"potions_floor_usage":[],"damage_taken":[{"damage":7,"enemies":"Jaw Worm","floor":1,"turns":6},{"damage":0,"enemies":"2 Louse","floor":4,"turns":2},{"damage":16,"enemies":"3 Sentries","floor":7,"turns":11},{"damage":0,"enemies":"Cultist","floor":11,"turns":4},{"damage":69,"enemies":"Hexaghost","floor":16,"turns":16},{"damage":14,"enemies":"Spheric Guardian","floor":18,"turns":5},{"damage":2,"enemies":"Shell Parasite","floor":22,"turns":3},{"damage":46,"enemies":"Slavers","floor":23,"turns":6}],"seed_played":"8761478931615488646","potions_obtained":[{"floor":1,"key":"Fire Potion"},{"floor":4,"key":"Swift Potion"},{"floor":11,"key":"Explosive Potion"},{"floor":13,"key":"FairyPotion"},{"floor":13,"key":"FairyPotion"},{"floor":16,"key":"SteroidPotion"}],"is_trial":false,"path_per_floor":["M","?","?","M","$","R","E","?","T","R","M","R","?","$","R","B",null,"M","?","T","?","M","E"],"character_chosen":"THE_SILENT","items_purchased":["Dash"],"campfire_rested":3,"item_purchase_floors":[5],"current_hp_per_floor":[52,47,40,40,40,40,24,4,4,23,23,42,42,42,61,17,54,40,19,19,19,17,0,0],"gold":18,"neow_bonus":"BOSS_RELIC","is_daily":false,"chose_seed":false,"campfire_upgraded":1,"win_rate":0.0,"timestamp":1609377561,"path_taken":["M","?","?","M","?","R","E","?","T","R","?","R","?","$","R","BOSS","M","?","?","?","?","E"],"items_purchased_type":["Card"],"build_version":"2020-12-22","purchased_purges":0,"victory":false,"max_hp_per_floor":[66,66,66,66,66,66,66,66,66,66,66,66,66,66,66,66,66,66,66,66,66,66,66,66],"card_choices":[{"not_picked":["Blur","Concentrate"],"picked":"Sucker Punch","floor":1},{"not_picked":["Dodge and Roll","Underhanded Strike"],"picked":"Poisoned Stab","floor":4},{"not_picked":["PiercingWail","Deflect"],"picked":"Bullet Time","floor":7},{"not_picked":["Deflect","Outmaneuver"],"picked":"Bane","floor":11},{"not_picked":["Glass Knife","Bullet Time"],"picked":"Malaise","floor":16},{"not_picked":["Blade Dance","Leg Sweep"],"picked":"Predator","floor":18},{"not_picked":["Expertise+1","Dagger Spray"],"picked":"Catalyst","floor":22}],"player_experience":1385117,"relics_obtained":[{"floor":7,"key":"Blue Candle"},{"floor":9,"key":"Tiny Chest"},{"floor":19,"key":"Necronomicon"},{"floor":20,"key":"PreservedInsect"}],"event_choices":[{"damage_healed":0,"gold_gain":0,"player_choice":"Success","damage_taken":5,"relics_obtained":["War Paint"],"max_hp_gain":0,"max_hp_loss":0,"event_name":"Scrap Ooze","floor":2,"gold_loss":0},{"cards_removed":["Strike_G"],"damage_healed":0,"gold_gain":0,"player_choice":"Card Removal","damage_taken":7,"max_hp_gain":0,"max_hp_loss":0,"event_name":"Golden Wing","floor":3,"gold_loss":0},{"damage_healed":0,"gold_gain":0,"player_choice":"Entered Light","damage_taken":20,"max_hp_gain":0,"max_hp_loss":0,"event_name":"Shining Light","floor":8,"gold_loss":0,"cards_upgraded":["Strike_G","Defend_G"]},{"damage_healed":0,"gold_gain":0,"player_choice":"Got Potions","damage_taken":0,"max_hp_gain":0,"max_hp_loss":0,"event_name":"Lab","floor":13,"gold_loss":0},{"damage_healed":0,"gold_gain":0,"player_choice":"Obtained Book","damage_taken":21,"max_hp_gain":0,"max_hp_loss":0,"event_name":"Cursed Tome","floor":19,"gold_loss":0},{"damage_healed":0,"gold_gain":0,"player_choice":"Upgraded","damage_taken":0,"max_hp_gain":0,"max_hp_loss":0,"event_name":"Upgrade Shrine","floor":21,"gold_loss":0,"cards_upgraded":["Wraith Form v2"]}],"is_beta":false,"boss_relics":[{"not_picked":["Coffee Dripper","Runic Pyramid"],"picked":"Pandora\u0027s Box"}],"items_purged_floors":[],"is_endless":false,"potions_floor_spawned":[1,4,11,16,22],"killed_by":"Slavers","ascension_level":18}}