{"host":"dcj2yvrgcvh5dl2s","time":1609366658,"event":{"mods":["BaseMod","Better Note","Block Reminder","Colored Powertips","DeckTracker","Minty Spire (QoL Compilation)","Quick Restart","Rare Cards Sparkle","Relic Stats","StSLib"],"gold_per_floor":[109,34,46,46,46,71,87,87,114,114,23,35,64,64,64,64,64],"floor_reached":16,"playtime":372,"items_purged":["Strike_R"],"score":253,"play_id":"26a9a4a2-0165-406b-8e97-e1ff1fce2ced","local_time":"20201231081738","is_ascension_mode":true,"campfire_choices":[{"data":"True Grit","floor":8,"key":"SMITH"},{"data":"Bash","floor":10,"key":"SMITH"},{"floor":15,"key":"REST"}],"circlet_count":0,"master_deck":["AscendersBane","Strike_R","Strike_R","Strike_R","Strike_R","Defend_R","Defend_R","Defend_R+1","Defend_R+1","Bash+1","Battle Trance","True Grit+1","Thunderclap","Pommel Strike","Intimidate","Heavy Blade","Juggernaut+1"],"relics":["Burning Blood","NeowsBlessing","Bronze Scales","Frozen Egg 2","War Paint","PreservedInsect","Anchor"],"acts_visited":["Exordium"],"potions_floor_usage":[16,16],"damage_taken":[{"damage":0,"enemies":"Cultist","floor":1,"turns":1},{"damage":0,"enemies":"Jaw Worm","floor":3,"turns":1},{"damage":0,"enemies":"Lagavulin","floor":6,"turns":2},{"damage":6,"enemies":"2 Louse","floor":7,"turns":2},{"damage":10,"enemies":"Looter","floor":12,"turns":3},{"damage":29,"enemies":"Gremlin Nob","floor":13,"turns":4},{"damage":62,"enemies":"Slime Boss","floor":16,"turns":10}],"seed_played":"-7262388881010932687","potions_obtained":[{"floor":3,"key":"Explosive Potion"},{"floor":7,"key":"SpeedPotion"},{"floor":13,"key":"ElixirPotion"}],"is_trial":false,"path_per_floor":["M","$","M","?","?","E","M","R","T","R","$","M","E","?","R","B"],"character_chosen":"IRONCLAD","items_purchased":["Pommel Strike","Intimidate"],"campfire_rested":1,"item_purchase_floors":[11,11],"current_hp_per_floor":[74,74,75,75,68,74,74,74,74,74,74,70,47,36,58,0,0],"gold":64,"neow_bonus":"THREE_ENEMY_KILL","is_daily":false,"chose_seed":false,"campfire_upgraded":2,"win_rate":0.0,"timestamp":1609366658,"path_taken":["M","$","M","?","?","E","M","R","T","R","?","M","E","?","R","BOSS"],"items_purchased_type":["Card","Card"],"build_version":"2020-12-22","purchased_purges":1,"victory":false,"max_hp_per_floor":[75,75,75,75,75,75,75,75,75,75,75,75,75,75,75,75,75],"relic_stats":{"counters":[7,23],"Bronze Scales":[27],"PreservedInsect":0,"War Paint":["Defend_R","Defend_R"],"obtain_stats":[{"Anchor":14,"NeowsBlessing":0,"Bronze Scales":4,"PreservedInsect":13,"Frozen Egg 2":6,"War Paint":9,"Burning Blood":0},{"Anchor":6,"NeowsBlessing":0,"Bronze Scales":2,"PreservedInsect":6,"Frozen Egg 2":3,"War Paint":4,"Burning Blood":0},{"Anchor":13,"NeowsBlessing":0,"Bronze Scales":2,"PreservedInsect":13,"Frozen Egg 2":4,"War Paint":6,"Burning Blood":0}],"Burning Blood":31},"card_choices":[{"not_picked":["Shrug It Off","Carnage"],"picked":"Battle Trance","floor":1},{"not_picked":["Blood for Blood","Rupture"],"picked":"True Grit","floor":3},{"not_picked":["Clothesline","Clash","Hemokinesis"],"picked":"SKIP","floor":6},{"not_picked":["Cleave","Warcry"],"picked":"Thunderclap","floor":7},{"not_picked":["Shrug It Off","Barricade+1"],"picked":"Heavy Blade","floor":12},{"not_picked":["Body Slam","Havoc"],"picked":"Juggernaut+1","floor":13}],"player_experience":2119046,"relics_obtained":[{"floor":6,"key":"Frozen Egg 2"},{"floor":9,"key":"War Paint"},{"floor":13,"key":"PreservedInsect"}],"event_choices":[{"damage_healed":0,"gold_gain":0,"player_choice":"Box","damage_taken":0,"relics_obtained":["Bronze Scales"],"max_hp_gain":0,"max_hp_loss":0,"event_name":"Big Fish","floor":4,"gold_loss":0,"cards_obtained":["Regret"]},{"cards_removed":["Regret"],"damage_healed":0,"gold_gain":0,"player_choice":"Card Removal","damage_taken":7,"max_hp_gain":0,"max_hp_loss":0,"event_name":"Golden Wing","floor":5,"gold_loss":0},{"damage_healed":0,"gold_gain":0,"player_choice":"Success","damage_taken":11,"relics_obtained":["Anchor"],"max_hp_gain":0,"max_hp_loss":0,"event_name":"Scrap Ooze","floor":14,"gold_loss":0}],"is_beta":false,"boss_relics":[],"items_purged_floors":[2],"is_endless":false,"potions_floor_spawned":[3,7,13],"killed_by":"Slime Boss","ascension_level":18}}