{"host":"q9718omregw4er46","time":1609442402,"event":{"mods":["BaseMod","Bestiary","Colored Powertips","Minty Spire (QoL Compilation)","Quick Restart","Relic Stats"],"gold_per_floor":[110,110,124,142,217,217,243,243,266,27,41,73,73,92,92,92,92],"floor_reached":16,"playtime":512,"items_purged":["Strike_P"],"score":220,"play_id":"390163ca-70d6-4fa1-a277-9111c4ee2e47","local_time":"20210101002002","is_ascension_mode":true,"campfire_choices":[{"data":"Metamorphosis","floor":6,"key":"SMITH"},{"data":"Eruption","floor":8,"key":"SMITH"},{"data":"DeusExMachina","floor":13,"key":"SMITH"},{"data":"EmptyMind","floor":15,"key":"SMITH"}],"circlet_count":0,"master_deck":["AscendersBane","Strike_P","Strike_P","Strike_P","Defend_P","Defend_P","Defend_P","Defend_P","Eruption+1","Vigilance","Metamorphosis+1","Consecrate","Perseverance","DeusExMachina+1","Omniscience","EmptyMind+1"],"relics":["PureWater","Dream Catcher","MealTicket","Regal Pillow"],"acts_visited":["Exordium"],"potions_floor_usage":[7,12],"damage_taken":[{"damage":0,"enemies":"Cultist","floor":1,"turns":3},{"damage":4,"enemies":"Jaw Worm","floor":3,"turns":4},{"damage":2,"enemies":"Small Slimes","floor":4,"turns":3},{"damage":8,"enemies":"Lagavulin","floor":7,"turns":5},{"damage":4,"enemies":"2 Fungi Beasts","floor":11,"turns":3},{"damage":20,"enemies":"3 Sentries","floor":12,"turns":4},{"damage":0,"enemies":"Blue Slaver","floor":14,"turns":5},{"damage":31,"enemies":"Hexaghost","floor":16,"turns":9}],"seed_played":"-3173121502778247155","potions_obtained":[{"floor":1,"key":"AttackPotion"},{"floor":3,"key":"ColorlessPotion"},{"floor":7,"key":"SmokeBomb"},{"floor":12,"key":"Energy Potion"},{"floor":14,"key":"SteroidPotion"}],"is_trial":false,"path_per_floor":["M","?","M","M","?","R","E","R","T","$","M","E","R","M","R","B"],"character_chosen":"WATCHER","items_purchased":["DeusExMachina"],"campfire_rested":0,"item_purchase_floors":[10],"current_hp_per_floor":[61,61,57,55,44,44,36,36,36,51,47,27,27,27,27,0,0],"gold":92,"neow_bonus":"RANDOM_COLORLESS_2","is_daily":false,"chose_seed":false,"campfire_upgraded":4,"win_rate":0.0,"timestamp":1609442402,"path_taken":["M","?","?","M","?","R","E","R","T","$","M","E","R","M","R","BOSS"],"items_purchased_type":["Card"],"build_version":"2020-12-22","purchased_purges":1,"victory":false,"max_hp_per_floor":[62,62,62,62,62,62,62,62,62,62,62,62,62,62,62,62,62],"relic_stats":{"Dream Catcher":0,"Regal Pillow":0,"counters":[8,36],"MealTicket":15,"obtain_stats":[{"Dream Catcher":7,"Regal Pillow":12,"MealTicket":9,"PureWater":0},{"Dream Catcher":4,"Regal Pillow":6,"MealTicket":4,"PureWater":0},{"Dream Catcher":15,"Regal Pillow":22,"MealTicket":15,"PureWater":0}]},"card_choices":[{"not_picked":["Magnetism","Secret Weapon"],"picked":"Metamorphosis","floor":0},{"not_picked":["CrushJoints","PathToVictory"],"picked":"Consecrate","floor":1},{"not_picked":["Evaluate","FollowUp","Fasting2"],"picked":"SKIP","floor":3},{"not_picked":["ForeignInfluence","CarveReality","Pray"],"picked":"SKIP","floor":4},{"not_picked":["EmptyFist","Evaluate","Sanctity"],"picked":"SKIP","floor":7},{"not_picked":["Indignation","ForeignInfluence","SashWhip"],"picked":"SKIP","floor":11},{"not_picked":["Sanctity","ReachHeaven"],"picked":"Omniscience","floor":12},{"not_picked":["JustLucky","SashWhip"],"picked":"EmptyMind","floor":14}],"player_experience":1141272,"relics_obtained":[{"floor":7,"key":"Dream Catcher"},{"floor":9,"key":"MealTicket"},{"floor":12,"key":"Regal Pillow"}],"event_choices":[{"damage_healed":0,"gold_gain":0,"player_choice":"1 cards matched","damage_taken":0,"max_hp_gain":0,"max_hp_loss":0,"event_name":"Match and Keep!","floor":2,"gold_loss":0,"cards_obtained":["Perseverance"]},{"damage_healed":0,"gold_gain":75,"player_choice":"Gather Gold","damage_taken":11,"max_hp_gain":0,"max_hp_loss":0,"event_name":"World of Goop","floor":5,"gold_loss":0}],"is_beta":false,"boss_relics":[],"items_purged_floors":[10],"is_endless":false,"potions_floor_spawned":[1,3,7,12,14],"killed_by":"Hexaghost","ascension_level":20}}