{"host":"ifd7sfhtlbe34qll","time":1609376503,"event":{"mods":["2.2 Compatiblity","Act Like it!","BaseMod","Block Reminder","Colored Map","Curses Come First","Downfall","Highlight Path","Minty Spire (QoL Compilation)","Potion Indicator Mod","Quick Restart","Random Character Button","Relic Stats","StSLib"],"gold_per_floor":[99,116,126,139,6,26,50,68,68,68,68,68,84,119,134,134,134],"floor_reached":16,"playtime":890,"items_purged":[],"score":135,"play_id":"68aa29ba-ee74-4893-989c-5cc3e05f4155","local_time":"20201230190143","is_ascension_mode":true,"campfire_choices":[{"data":"bronze:Goto","floor":1,"key":"SMITH"},{"data":"bronze:BurnOut","floor":9,"key":"SMITH"},{"data":"bronze:ClassDefault","floor":12,"key":"SMITH"}],"circlet_count":0,"master_deck":["bronze:Strike","bronze:Strike","bronze:Strike","bronze:Strike","bronze:Defend","bronze:Defend","bronze:Defend","bronze:Defend","bronze:Replicate","bronze:Goto+1","expansioncontent:BronzeBeam","bronze:OilSpill","bronze:NullPointer","bronze:WildBeam","bronze:BronzeOrb","bronze:ClassDefault+1","bronze:BurnOut+1","bronze:NullPointer","bronze:BugBarrage","bronze:GetLatest"],"relics":["bronze:BronzeCore","Anchor","downfall:ShatteredFragment","Oddly Smooth Stone"],"acts_visited":["Exordium"],"potions_floor_usage":[8,14,16,16,16],"damage_taken":[{"damage":1,"enemies":"Cultist","floor":2,"turns":3},{"damage":5,"enemies":"Small Slimes","floor":3,"turns":3},{"damage":1,"enemies":"Jaw Worm","floor":4,"turns":4},{"damage":0,"enemies":"downfall:FleeingMerchant","floor":5,"turns":4},{"damage":0,"enemies":"2 Fungi Beasts","floor":6,"turns":2},{"damage":0,"enemies":"Exordium Thugs","floor":8,"turns":4},{"damage":0,"enemies":"Large Slime","floor":13,"turns":4},{"damage":0,"enemies":"Gremlin Nob","floor":14,"turns":3},{"damage":0,"enemies":"Blue Slaver","floor":15,"turns":3},{"damage":47,"enemies":"downfall:Watcher","floor":16,"turns":7}],"seed_played":"613242349122748602","potions_obtained":[{"floor":2,"key":"Slimebound:ThreeZeroPotion"},{"floor":6,"key":"DuplicationPotion"},{"floor":8,"key":"AttackPotion"},{"floor":14,"key":"FearPotion"},{"floor":15,"key":"Strength Potion"}],"is_trial":false,"path_per_floor":["R","M","M","M","$","M","T","M","R","?","?","R","M","E","M","B"],"character_chosen":"THE_AUTOMATON","items_purchased":["bronze:ClassDefault","BlessingOfTheForge"],"campfire_rested":0,"item_purchase_floors":[5,5],"current_hp_per_floor":[70,69,64,63,63,63,63,63,63,68,47,47,47,47,47,0,0],"gold":134,"neow_bonus":"RANDOM_COLORLESS","is_daily":false,"chose_seed":false,"campfire_upgraded":3,"win_rate":0.0,"timestamp":1609376503,"path_taken":["R","M","M","M","$","?","T","M","R","?","?","R","M","E","M","BOSS"],"items_purchased_type":["Card","Potion"],"build_version":"2020-12-22","purchased_purges":0,"victory":false,"max_hp_per_floor":[70,70,70,70,70,70,70,70,70,75,75,75,75,75,75,75,75],"relic_stats":{"counters":[10,37],"obtain_stats":[{"Anchor":7,"bronze:BronzeCore":0,"downfall:ShatteredFragment":11,"Oddly Smooth Stone":14},{"Anchor":5,"bronze:BronzeCore":0,"downfall:ShatteredFragment":6,"Oddly Smooth Stone":8},{"Anchor":16,"bronze:BronzeCore":0,"downfall:ShatteredFragment":20,"Oddly Smooth Stone":27}]},"card_choices":[{"not_picked":["Finesse","expansioncontent:Flail"],"picked":"expansioncontent:BronzeBeam","floor":0},{"not_picked":["bronze:Overload","bronze:FineTuning"],"picked":"bronze:OilSpill","floor":2},{"not_picked":["bronze:ForLoop","bronze:FineTuning"],"picked":"bronze:NullPointer","floor":3},{"not_picked":["bronze:Iterate","bronze:ChildClass"],"picked":"bronze:WildBeam","floor":4},{"not_picked":["bronze:OilSpill","bronze:Invalidate"],"picked":"bronze:BronzeOrb","floor":5},{"not_picked":["bronze:Shield","bronze:Frontload"],"picked":"bronze:BurnOut","floor":6},{"not_picked":["bronze:ChildClass","bronze:CutThrough"],"picked":"bronze:NullPointer","floor":8},{"not_picked":["bronze:CutThrough","bronze:Iterate"],"picked":"bronze:BugBarrage","floor":13},{"not_picked":["bronze:WildBeam","bronze:Frontload","bronze:SearingBeam"],"picked":"SKIP","floor":14},{"not_picked":["bronze:Backtrace","bronze:DarkDash"],"picked":"bronze:GetLatest","floor":15}],"player_experience":1631810,"relics_obtained":[{"floor":7,"key":"Anchor"},{"floor":14,"key":"Oddly Smooth Stone"}],"event_choices":[{"damage_healed":0,"gold_gain":0,"player_choice":"Donut","damage_taken":0,"max_hp_gain":5,"max_hp_loss":0,"event_name":"Big Fish","floor":10,"gold_loss":0}],"is_beta":false,"boss_relics":[],"items_purged_floors":[],"is_endless":false,"potions_floor_spawned":[2,6,8,14,15],"killed_by":"downfall:Watcher","ascension_level":1}}