{"host":"khm4we1ijduz33xh","time":1609414400,"event":{"mods":["AchievementEnabler","BaseMod","Colored Map","Minty Spire (QoL Compilation)","Rare Cards Sparkle","StSLib","SuperFastMode"],"gold_per_floor":[114,124,44,44,59,59,85,101,126,126,146,175,189,38,38,38,38],"floor_reached":16,"playtime":784,"items_purged":[],"score":123,"play_id":"13f6dd2d-337e-4144-875d-2feaa02fa4ef","local_time":"20201231203320","is_ascension_mode":true,"campfire_choices":[{"data":"Madness","floor":6,"key":"SMITH"},{"data":"Warcry","floor":10,"key":"SMITH"},{"floor":15,"key":"REST"}],"circlet_count":0,"master_deck":["Strike_R","Strike_R","Strike_R","Strike_R","Strike_R","Defend_R","Defend_R","Defend_R","Defend_R","Bash","Madness+1","Metallicize","Ghostly Armor","Metallicize","Iron Wave","Warcry+1"],"relics":["Burning Blood","Centennial Puzzle","Orichalcum","Pen Nib","Sling"],"acts_visited":["Exordium"],"potions_floor_usage":[7,13],"damage_taken":[{"damage":8,"enemies":"Jaw Worm","floor":1,"turns":4},{"damage":10,"enemies":"Cultist","floor":2,"turns":4},{"damage":0,"enemies":"Small Slimes","floor":5,"turns":6},{"damage":15,"enemies":"3 Sentries","floor":7,"turns":10},{"damage":0,"enemies":"2 Fungi Beasts","floor":8,"turns":5},{"damage":9,"enemies":"3 Louse","floor":11,"turns":6},{"damage":42,"enemies":"Lagavulin","floor":12,"turns":14},{"damage":28,"enemies":"Gremlin Gang","floor":13,"turns":10},{"damage":48,"enemies":"Hexaghost","floor":16,"turns":14}],"seed_played":"8574878387045779274","potions_obtained":[{"floor":2,"key":"Explosive Potion"},{"floor":7,"key":"PowerPotion"},{"floor":11,"key":"Dexterity Potion"},{"floor":12,"key":"BlessingOfTheForge"},{"floor":13,"key":"Regen Potion"}],"is_trial":false,"path_per_floor":["M","M","$","?","M","R","E","M","T","R","M","E","M","$","R","B"],"character_chosen":"IRONCLAD","items_purchased":["Metallicize","Sling"],"campfire_rested":1,"item_purchase_floors":[3,14],"current_hp_per_floor":[78,74,74,74,80,80,71,77,77,77,74,38,16,16,40,0,0],"gold":38,"neow_bonus":"RANDOM_COLORLESS","is_daily":false,"chose_seed":false,"campfire_upgraded":2,"win_rate":0.0,"timestamp":1609414400,"path_taken":["M","M","$","?","M","R","E","M","T","R","?","E","M","$","R","BOSS"],"items_purchased_type":["Card","Relic"],"build_version":"2020-12-22","purchased_purges":0,"victory":false,"max_hp_per_floor":[80,80,80,80,80,80,80,80,80,80,80,80,80,80,80,80,80],"card_choices":[{"not_picked":["Blind","Deep Breath"],"picked":"Madness","floor":0},{"not_picked":["Perfected Strike","Whirlwind"],"picked":"Metallicize","floor":1},{"not_picked":["Warcry","Power Through"],"picked":"Ghostly Armor","floor":2},{"not_picked":["True Grit","Anger"],"picked":"Iron Wave","floor":5},{"not_picked":["Perfected Strike","True Grit","Fiend Fire"],"picked":"SKIP","floor":7},{"not_picked":["Twin Strike","Heavy Blade"],"picked":"Warcry","floor":8},{"not_picked":["Reckless Charge","Rampage","Dark Embrace"],"picked":"SKIP","floor":11},{"not_picked":["Sword Boomerang","Flex","Dropkick"],"picked":"SKIP","floor":12},{"not_picked":["Burning Pact","Thunderclap","Flex"],"picked":"SKIP","floor":13}],"player_experience":162783,"relics_obtained":[{"floor":4,"key":"Centennial Puzzle"},{"floor":7,"key":"Orichalcum"},{"floor":12,"key":"Pen Nib"}],"event_choices":[{"damage_healed":0,"gold_gain":0,"player_choice":"Relic","damage_taken":0,"max_hp_gain":0,"max_hp_loss":0,"event_name":"Wheel of Change","floor":4,"gold_loss":0}],"is_beta":false,"boss_relics":[],"items_purged_floors":[],"is_endless":false,"potions_floor_spawned":[2,7,11,12,13],"killed_by":"Hexaghost","ascension_level":2}}