{"host":"xu4bnwtq7hv5gr1m","time":1609400932,"event":{"mods":["Act Like it!","Aspiration","BaseMod","Conspire","Hallownest","Hermit","Hubris","Marisa（F雨　魔理沙）","Marked Mod","Minty Spire (QoL Compilation)","Pale of the Ancients","Replay The Spire","StSLib","The Bug Knight","The Cursed","WarShipGirlsR/战舰少女R mod","vexMod","【遗物卡牌】REMEMod"],"gold_per_floor":[11,11,29,29,29,59,59,78,104,131,131,146,146,71,71,71,71],"floor_reached":16,"playtime":712,"items_purged":["Bash"],"score":108,"play_id":"33f4b810-bde1-4846-a5bd-140b83cf6be3","local_time":"20201231154852","is_ascension_mode":false,"campfire_choices":[{"data":"Uppercut","floor":11,"key":"SMITH"},{"data":"Bludgeon","floor":13,"key":"SMITH"},{"data":"ReplayTheSpireMod:Limb From Limb","floor":15,"key":"SMITH"}],"circlet_count":0,"master_deck":["Strike_R","Defend_R+1","Defend_R+1","Defend_R+1","Defend_R+1","Bludgeon+1","ReplayTheSpireMod:Limb From Limb+1","conspire:Purge","Shrug It Off","Uppercut+1"],"relics":["Burning Blood","REME_ComplimentaryCards","hubris:Towel","Replay:Bottled Eggs","REME_PuzzleBoxRelic"],"acts_visited":["Hallownest:Greenpath"],"potions_floor_usage":[6,10],"damage_taken":[{"damage":2,"enemies":"Hallownest:monsterHuskWarrior","floor":1,"turns":3},{"damage":14,"enemies":"Hallownest:monsterHuskGuard","floor":3,"turns":3},{"damage":19,"enemies":"Hallownest:eliteCrystalGuardian","floor":6,"turns":5},{"damage":11,"enemies":"2_ Uuma","floor":8,"turns":8},{"damage":11,"enemies":"Hallownest:eliteMossKnight","floor":10,"turns":18},{"damage":13,"enemies":"Hallownest:Guard_and_Warrior","floor":12,"turns":4},{"damage":33,"enemies":"Hallownest:BossHornet","floor":16,"turns":6}],"seed_played":"4186977879184427568","potions_obtained":[{"floor":3,"key":"SteroidPotion"},{"floor":8,"key":"Dexterity Potion"}],"is_trial":false,"path_per_floor":["M","?","M","?","?","E","$","M","T","E","R","M","R","$","R","B"],"character_chosen":"IRONCLAD","items_purchased":[],"campfire_rested":0,"item_purchase_floors":[],"current_hp_per_floor":[80,80,72,72,63,50,50,45,45,40,40,33,33,33,33,0,0],"gold":71,"neow_bonus":"THREE_RARE_CARDS","is_daily":false,"chose_seed":false,"campfire_upgraded":3,"win_rate":0.0,"timestamp":1609400932,"path_taken":["M","?","M","?","?","E","?","?","T","E","R","M","R","$","R","BOSS"],"items_purchased_type":[],"build_version":"2020-12-22","purchased_purges":1,"victory":false,"max_hp_per_floor":[80,80,80,80,80,80,80,80,80,80,80,80,80,80,80,80,80],"card_choices":[{"not_picked":["Berserk","Replay:Many Hands"],"picked":"Bludgeon","floor":0},{"not_picked":["Run Through","Cleave","ReplayTheSpireMod:Strike From Hell"],"picked":"SKIP","floor":1},{"not_picked":["Iron Wave","Evolve"],"picked":"conspire:Purge","floor":3},{"not_picked":["Iron Wave","True Grit"],"picked":"Shrug It Off","floor":6},{"not_picked":["Flex","Thunderclap"],"picked":"Clash","floor":8},{"not_picked":["Disarm","Sword Boomerang"],"picked":"Uppercut","floor":10},{"not_picked":["Second Wind","Dropkick","Dual Wield"],"picked":"SKIP","floor":12}],"player_experience":819332,"relics_obtained":[{"floor":6,"key":"Replay:Bottled Eggs"},{"floor":10,"key":"REME_PuzzleBoxRelic"}],"event_choices":[],"is_beta":false,"boss_relics":[],"items_purged_floors":[14],"is_endless":false,"potions_floor_spawned":[3,8],"killed_by":"Hallownest:BossHornet","ascension_level":0}}