{"host":"e9p60owc4sjzscoh","time":1609402786,"event":{"mods":["BaseMod","Hubris","Marisa????????","Minty Spire (QoL Compilation)","Remilia??????","StSLib","The Animator","The Cursed","The Senshi","The Servant 0.9.4"],"gold_per_floor":[118,118,118,118,130,130,130,130,130,140,157,119,89,89,89,89,89],"floor_reached":16,"playtime":864,"items_purged":[],"score":88,"play_id":"2443240f-bfbf-4888-b4d1-af0f4a1b30c8","local_time":"20201231001946","is_ascension_mode":false,"campfire_choices":[{"floor":6,"key":"RECALL"},{"data":"RedMoon","floor":8,"key":"SMITH"},{"data":"FitfulNightmare","floor":15,"key":"SMITH"}],"circlet_count":0,"master_deck":["Strike_RM","Strike_RM","Strike_RM","Strike_RM","Defend_RM","Defend_RM","Defend_RM","Defend_RM","RedMoon+1","ScarletShoot","RedRainbow+1","SuperhumanBloodyKnife","DiffusionOfMisfortune","CharismaGuard","FitfulNightmare+1","BloodHunter"],"relics":["ScarletHat","NeowsBlessing","hubris:Towel","Anchor","Eternal Feather"],"acts_visited":["Exordium"],"potions_floor_usage":[16],"damage_taken":[{"damage":0,"enemies":"2 Louse","floor":1,"turns":2},{"damage":0,"enemies":"Jaw Worm","floor":5,"turns":1},{"damage":0,"enemies":"Small Slimes","floor":10,"turns":1},{"damage":0,"enemies":"3 Louse","floor":11,"turns":3},{"damage":0,"enemies":"Looter","floor":13,"turns":4},{"damage":88,"enemies":"Slime Boss","floor":16,"turns":15}],"seed_played":"3495237123836070468","potions_obtained":[{"floor":5,"key":"CultistPotion"},{"floor":10,"key":"LiquidBronze"}],"is_trial":false,"path_per_floor":["M","?","T","?","M","R","?","R","T","M","M","$","M","T","R","B"],"character_chosen":"REMILIA","items_purchased":["FitfulNightmare"],"campfire_rested":0,"item_purchase_floors":[12],"current_hp_per_floor":[75,75,75,75,75,75,75,75,75,75,75,75,75,75,75,0,0],"gold":89,"neow_bonus":"THREE_ENEMY_KILL","is_daily":false,"chose_seed":false,"campfire_upgraded":2,"win_rate":0.0,"timestamp":1609402786,"path_taken":["M","?","?","?","M","R","?","R","T","M","M","?","?","?","R","BOSS"],"items_purchased_type":["Card"],"build_version":"2020-12-22","purchased_purges":0,"victory":false,"max_hp_per_floor":[75,75,75,75,75,75,75,75,75,75,75,75,75,75,75,75,75],"card_choices":[{"not_picked":["ScarletDevil","ScarletDevilSign"],"picked":"RedRainbow","floor":1},{"not_picked":["Maim","VampireClaw"],"picked":"SuperhumanBloodyKnife","floor":5},{"not_picked":["ScarletDevil","FavorOfDestiny"],"picked":"DiffusionOfMisfortune","floor":10},{"not_picked":["DiffusionOfMisfortune","RedRainbow"],"picked":"CharismaGuard","floor":11},{"not_picked":["EternalNight","VampireClaw"],"picked":"BloodHunter","floor":13}],"player_experience":27730,"relics_obtained":[{"floor":9,"key":"Anchor"},{"floor":14,"key":"Eternal Feather"}],"event_choices":[{"damage_healed":0,"gold_gain":0,"player_choice":"Leave","damage_taken":0,"max_hp_gain":0,"max_hp_loss":0,"event_name":"The Cleric","floor":2,"gold_loss":0},{"damage_healed":0,"gold_gain":0,"player_choice":"Grow","damage_taken":0,"max_hp_gain":0,"max_hp_loss":0,"event_name":"Living Wall","floor":7,"gold_loss":0,"cards_upgraded":["RedRainbow"]}],"is_beta":false,"boss_relics":[],"items_purged_floors":[],"is_endless":false,"potions_floor_spawned":[5,10],"killed_by":"Slime Boss","ascension_level":0}}