{"host":"2820e8i2y38gm4bp","time":1609433801,"event":{"mods":["2.2 Compatiblity","Act Like it!","BaseMod","Better Note","BetterRewards","Downfall","Elementarium","Gensokyo","GungeonMod","Hallownest","Hubris","Jorbs\u0027s Wanderer Trilogy","Marisa????????","Minty Spire (QoL Compilation)","Potionbrewer","Rare Cards Sparkle","Replay The Spire","Shop Mod","StSLib","The Bug Knight","The Cursed","The Jungle","TheBandit"],"gold_per_floor":[99,113,113,126,126,126,126,156,156,156,156,187,112,112,132,132,132],"floor_reached":16,"playtime":711,"items_purged":[],"score":110,"play_id":"344086bb-aede-449b-8c9e-a4bc20a4ce19","local_time":"20201231115641","is_ascension_mode":true,"campfire_choices":[{"data":"MasterSpark","floor":1,"key":"SMITH"},{"floor":6,"key":"RECALL"},{"floor":10,"key":"REST"},{"floor":13,"key":"REST"}],"circlet_count":1,"master_deck":["Strike_MRS","Strike_MRS","Strike_MRS","Strike_MRS","Defend_MRS","Defend_MRS","Defend_MRS","Defend_MRS+1","MasterSpark+1","UpSweep","GalacticHalo","LuminesStrike","JA","SuperNova","ShootingEcho","SporeBomb"],"relics":["MiniHakkero","hubris:ScarierMask","hubris:HollowSoul","Hallownest:DreamNailRelic","Circlet","Snack Pack","Lantern","hubris:Towel","DemoMod:GlassGuonStoneRelic","PreservedInsect","downfall:HeartBlessingRed"],"acts_visited":["Hallownest:Greenpath"],"potions_floor_usage":[8,12],"damage_taken":[{"damage":15,"enemies":"Hallownest:monsterHuskGuard","floor":2,"turns":4},{"damage":0,"enemies":"Hallownest:2_MossCreeps","floor":4,"turns":3},{"damage":49,"enemies":"Hallownest:eliteMossKnight","floor":8,"turns":16},{"damage":19,"enemies":"Hallownest:eliteCrystalGuardian","floor":12,"turns":5},{"damage":0,"enemies":"Hallownest:2_Baldur","floor":15,"turns":1},{"damage":0,"enemies":"downfall:Defect","floor":16,"turns":2}],"seed_played":"5887852441606311908","potions_obtained":[{"floor":2,"key":"Block Potion"},{"floor":8,"key":"ColorlessPotion"}],"is_trial":false,"path_per_floor":["R","M","?","M","?","R","T","E","?","R","?","E","R","?","M","B"],"character_chosen":"MARISA","items_purchased":[],"campfire_rested":2,"item_purchase_floors":[],"current_hp_per_floor":[75,60,60,60,60,60,60,17,17,39,39,26,48,48,50,52,52],"gold":132,"neow_bonus":"DOUBLE_BOSS_RELIC","is_daily":false,"chose_seed":false,"campfire_upgraded":1,"win_rate":0.0,"timestamp":1609433801,"path_taken":["R","M","?","?","?","R","T","E","?","R","?","E","R","?","M","BOSS"],"items_purchased_type":[],"build_version":"2020-12-22","purchased_purges":0,"victory":false,"max_hp_per_floor":[75,75,75,75,75,75,75,75,75,75,75,75,75,75,75,75,75],"card_choices":[{"not_picked":["AsteroidBelt","DoubleSpark"],"picked":"GalacticHalo","floor":2},{"not_picked":["6A","IllusionStar"],"picked":"LuminesStrike","floor":4},{"not_picked":["GalacticHalo","SporeBomb"],"picked":"JA","floor":8},{"not_picked":["WitchLeyline","UnstableBomb"],"picked":"SuperNova","floor":12},{"not_picked":["Robbery","ShootTheMoon"],"picked":"SporeBomb","floor":15}],"player_experience":507115,"relics_obtained":[{"floor":7,"key":"Snack Pack"},{"floor":8,"key":"Lantern"},{"floor":12,"key":"PreservedInsect"}],"event_choices":[],"is_beta":false,"boss_relics":[],"items_purged_floors":[],"is_endless":false,"potions_floor_spawned":[2,8],"killed_by":"downfall:Defect","ascension_level":1}}