{"host":"g3bty4prdobmknyh","time":1609385638,"event":{"mods":["Act Like it!","Aspiration","BaseMod","Hermit","Minty Spire (QoL Compilation)","Pale of the Ancients","Replay The Spire","StSLib","The Blackbeard","The Hierophant","The Jungle"],"gold_per_floor":[114,129,144,159,174,204,219,219,244,274,274,304,304,334,334,449,449,479,413,443,368,114,114,168,207,207,207,216,255,264,303,303,427,427,466,524,111,150,201,255,255,309,309,339,339,369,369,369,408,482,482,497,527,542,551,331,331,370,370,219,219,219,219,219],"floor_reached":62,"playtime":4790,"items_purged":["Injury"],"score":812,"play_id":"b06c7273-5682-4e77-a240-f1edac6b3450","local_time":"20201230223358","daily_mods":["Heirloom","Colorless Cards","Lethality"],"is_ascension_mode":false,"campfire_choices":[{"floor":8,"key":"REST"},{"floor":13,"key":"REST"},{"floor":15,"key":"DIG"},{"data":"blackbeard:ReapersScythe","floor":23,"key":"SMITH"},{"floor":27,"key":"REST"},{"floor":32,"key":"REST"},{"data":"Mind Blast","floor":41,"key":"SMITH"},{"data":"ReplayTheSpireMod:Omega Cannon","floor":57,"key":"SMITH"},{"data":"blackbeard:BeatUp","floor":59,"key":"SMITH"}],"circlet_count":0,"master_deck":["blackbeard:BlackbeardStrike+1","blackbeard:BlackbeardStrike+1","blackbeard:BlackbeardStrike+1","blackbeard:BlackbeardStrike+1","blackbeard:IntimidatingStrike","blackbeard:BlackbeardDefend","blackbeard:Cutlass","blackbeard:GoldenStrike","blackbeard:BeatUp+1","Replay:Parry","blackbeard:PiratesWill","blackbeard:Rum","Enlightenment","blackbeard:Toast+1","blackbeard:Shrapnel","blackbeard:ReapersScythe+1","blackbeard:Spear","blackbeard:GhostInTheRum+1","blackbeard:BlindAttacks","blackbeard:BlindAttacks","blackbeard:GoldenDefense+1","ReplayUltimateDefense+1","Panache","blackbeard:TacticalRetreat+1","Mind Blast+1","blackbeard:PirateHook","Madness+1","hermit:HighNoon","Blade Dance+1","blackbeard:TerrorOfTheSeas+1","Apotheosis","Apotheosis","hermit:Midnight","hermit:WideOpen","Thunderclap+1","ReplayTheSpireMod:Omega Cannon+1","blackbeard:Spear+1","Core Surge","hierophant:Encroach+1","blackbeard:BeatUp+1","ReplayTheSpireMod:Necrogeddon"],"relics":["blackbeard:LoadTheCannons","Incense Burner","Replay:Bottled Eggs","blackbeard:TreasureChest","Blue Doll","ReplayTheSpireMod:DimensionalGlitch","CeramicFish","aspiration:ChemicalBlood","aspiration:HummingbirdHeart","PrismaticShard","Snecko Heart","blackbeard:GoldenRing","Calipers","Thread and Needle","The Courier","TungstenRod","Shuriken","Pocketwatch","paleoftheancients:Timepiece","paleoftheancients:SoulOfTheShowman","ReplayTheSpireMod:Lightbulb"],"acts_visited":["Exordium","TheCity","TheBeyond","TheBeyond"],"potions_floor_usage":[7,12,16,24,24,31,33,33,33,33,35,38,40,42,42,46,49,50,52,53,53,53,54,58,62,62,62],"damage_taken":[{"damage":4,"enemies":"Cultist","floor":1,"turns":3},{"damage":0,"enemies":"2 Louse","floor":2,"turns":1},{"damage":0,"enemies":"Jaw Worm","floor":3,"turns":1},{"damage":11,"enemies":"Exordium Thugs","floor":4,"turns":3},{"damage":0,"enemies":"Blue Slaver","floor":5,"turns":1},{"damage":43,"enemies":"3 Sentries","floor":6,"turns":6},{"damage":14,"enemies":"Exordium Wildlife","floor":7,"turns":2},{"damage":0,"enemies":"Large Slime","floor":10,"turns":2},{"damage":3,"enemies":"3 Louse","floor":12,"turns":2},{"damage":0,"enemies":"Exordium Thugs","floor":14,"turns":2},{"damage":5,"enemies":"Slime Boss","floor":16,"turns":6},{"damage":9,"enemies":"2 Thieves","floor":18,"turns":3},{"damage":20,"enemies":"3 Byrds","floor":20,"turns":4},{"damage":16,"enemies":"Gremlin Leader","floor":24,"turns":5},{"damage":0,"enemies":"Snake Plant","floor":25,"turns":3},{"damage":0,"enemies":"Sentry and Sphere","floor":29,"turns":2},{"damage":1,"enemies":"Centurion and Healer","floor":31,"turns":3},{"damage":66,"enemies":"Automaton","floor":33,"turns":10},{"damage":18,"enemies":"3 Darklings","floor":35,"turns":4},{"damage":0,"enemies":"3 Shapes","floor":38,"turns":2},{"damage":2,"enemies":"2 Orb Walkers","floor":39,"turns":4},{"damage":0,"enemies":"Nemesis","floor":40,"turns":5},{"damage":9,"enemies":"Giant Head","floor":42,"turns":5},{"damage":4,"enemies":"Transient","floor":44,"turns":5},{"damage":4,"enemies":"Spire Growth","floor":46,"turns":2},{"damage":10,"enemies":"Sphere and 2 Shapes","floor":49,"turns":3},{"damage":0,"enemies":"Mind Bloom Boss Battle","floor":50,"turns":2},{"damage":2,"enemies":"Replay:Hell Engine","floor":52,"turns":6},{"damage":78,"enemies":"Replay:Hell Engine","floor":53,"turns":7},{"damage":26,"enemies":"Replay:Hell Engine","floor":54,"turns":6},{"damage":16,"enemies":"Replay:Hell Engine","floor":58,"turns":10},{"damage":99,"enemies":"paleoftheancients:N","floor":62,"turns":7}],"seed_played":"-5051420239723459148","potions_obtained":[{"floor":1,"key":"SkillPotion"},{"floor":5,"key":"LiquidMemories"},{"floor":10,"key":"SpeedPotion"},{"floor":12,"key":"SkillPotion"},{"floor":14,"key":"Weak Potion"},{"floor":16,"key":"LiquidBronze"},{"floor":24,"key":"Fruit Juice"},{"floor":29,"key":"PowerPotion"},{"floor":31,"key":"SkillPotion"},{"floor":33,"key":"PowerPotion"},{"floor":33,"key":"SkillPotion"},{"floor":36,"key":"GamblersBrew"},{"floor":38,"key":"Strength Potion"},{"floor":40,"key":"SkillPotion"},{"floor":42,"key":"SkillPotion"},{"floor":44,"key":"ColorlessPotion"},{"floor":49,"key":"Explosive Potion"},{"floor":53,"key":"Adrenaline Potion"},{"floor":58,"key":"blackbeard:RumPotion"}],"is_trial":false,"path_per_floor":["M","M","M","M","M","E","M","R","T","M","?","M","R","M","R","B",null,"M","$","M","?","$","R","E","M","T","R","?","M","?","M","R","B",null,"M","?","$","M","?","E","R","E","T","M","?","M","PTL","PTL","M","?","R","B","M","M","?","$","R","M","R","$","?","B"],"character_chosen":"BLACKBEARD_CLASS","items_purchased":["blackbeard:GhostInTheRum+1","blackbeard:BlindAttacks","CeramicFish","ReplayUltimateDefense+1","Apotheosis","Calipers","ReplayTheSpireMod:Lightbulb","blackbeard:BeatUp+1","ReplayTheSpireMod:Necrogeddon"],"campfire_rested":4,"item_purchase_floors":[19,19,22,22,37,37,56,60,60],"current_hp_per_floor":[71,71,71,60,60,17,3,25,25,25,25,22,44,44,44,39,75,66,66,46,46,46,46,35,35,35,59,59,59,47,46,70,8,80,62,62,62,62,60,60,60,51,51,47,47,43,43,43,33,33,57,80,22,80,80,80,80,68,68,68,68,0,0,0],"gold":219,"neow_bonus":"","is_daily":true,"chose_seed":false,"campfire_upgraded":4,"win_rate":0.0,"timestamp":1609385638,"path_taken":["M","M","M","M","M","E","M","R","T","?","?","?","R","M","R","BOSS","M","$","M","?","$","R","E","M","T","R","?","?","?","M","R","BOSS","M","?","$","M","?","E","R","E","T","?","?","M","PTL","PTL","M","?","R","BOSS","M","M","?","$","R","M","R","$","?","BOSS"],"items_purchased_type":["Card","Card","Relic","Card","Card","Relic","Relic","Card","Card"],"build_version":"2020-12-22","purchased_purges":1,"victory":false,"max_hp_per_floor":[75,75,75,75,75,75,75,75,75,75,75,75,75,75,75,75,75,75,75,75,75,75,75,80,80,80,80,80,80,80,80,80,80,80,80,80,80,80,80,80,80,80,80,80,80,80,80,80,80,80,80,80,80,80,80,80,80,80,80,80,80,80,80,80],"card_choices":[{"not_picked":["Madness","blackbeard:Shrapnel"],"picked":"blackbeard:GoldenStrike","floor":1},{"not_picked":["Dark Shackles","blackbeard:CannonballSupply"],"picked":"blackbeard:BeatUp","floor":2},{"not_picked":["Forethought","blackbeard:CloakAndCannonball","blackbeard:Eyepatch"],"picked":"SKIP","floor":3},{"not_picked":["blackbeard:SwordDance","blackbeard:Sharpening"],"picked":"Replay:Parry","floor":4},{"not_picked":["blackbeard:Sword","blackbeard:WiseDefense"],"picked":"blackbeard:PiratesWill","floor":5},{"not_picked":["Dark Shackles","blackbeard:Sharpening","blackbeard:BeatUp"],"picked":"SKIP","floor":6},{"not_picked":["Dramatic Entrance","blackbeard:CloakAndCannonball"],"picked":"blackbeard:Rum","floor":7},{"not_picked":["blackbeard:PiratesWill","Magnetism"],"picked":"Enlightenment","floor":10},{"not_picked":["blackbeard:SwordDance","blackbeard:WeaponProficiency"],"picked":"blackbeard:Toast","floor":12},{"not_picked":["Purity","blackbeard:SwordDance"],"picked":"blackbeard:Shrapnel","floor":14},{"not_picked":["Magnetism","blackbeard:WeaponMastery"],"picked":"blackbeard:ReapersScythe","floor":16},{"not_picked":["blackbeard:Fencing","blackbeard:Anchor"],"picked":"blackbeard:Spear","floor":18},{"not_picked":["Finesse","blackbeard:Toast"],"picked":"blackbeard:GoldenDefense+1","floor":20},{"not_picked":["blackbeard:TacticalRetreat+1","blackbeard:ArmorUp"],"picked":"Panache","floor":24},{"not_picked":["blackbeard:Dagger+1","blackbeard:Sharpening"],"picked":"blackbeard:TacticalRetreat+1","floor":25},{"not_picked":["blackbeard:Dagger","blackbeard:BeatUp"],"picked":"blackbeard:Spear+1","floor":29},{"not_picked":["blackbeard:PiratesWill+1","blackbeard:CloakAndCannonball"],"picked":"blackbeard:PirateHook","floor":30},{"not_picked":["blackbeard:Eyepatch","Blur"],"picked":"Madness+1","floor":31},{"not_picked":["Grand Finale","hermit:Magnum"],"picked":"hermit:HighNoon","floor":33},{"not_picked":["blackbeard:PirateHook+1","Compile Driver"],"picked":"Blade Dance+1","floor":35},{"not_picked":["Prepared+1","blackbeard:Anchor"],"picked":"blackbeard:TerrorOfTheSeas+1","floor":36},{"not_picked":["hierophant:Embezzle","blackbeard:FieryDefense"],"picked":"hermit:Midnight","floor":38},{"not_picked":["hermit:SprayPray+1","hermit:Dive+1"],"picked":"hermit:WideOpen","floor":39},{"not_picked":["Good Instincts+1","blackbeard:FieryDefense+1"],"picked":"Thunderclap+1","floor":40},{"not_picked":["Compile Driver+1","hermit:Headshot"],"picked":"ReplayTheSpireMod:Omega Cannon","floor":42},{"not_picked":["blackbeard:Rum+1","Consume","Flying Knee"],"picked":"SKIP","floor":44},{"not_picked":["hermit:Snipe","blackbeard:WiseDefense","blackbeard:GoldenDefense+1"],"picked":"SKIP","floor":46},{"not_picked":["hierophant:Embezzle+1","Reinforced Body"],"picked":"blackbeard:Spear+1","floor":49},{"not_picked":["hermit:WideOpen+1","Glacier"],"picked":"Core Surge","floor":50},{"not_picked":["hierophant:Embezzle","hierophant:AuricBeam","hermit:TakeAim"],"picked":"SKIP","floor":53},{"not_picked":["Flying Knee+1","hermit:Gestalt+1"],"picked":"hierophant:Encroach+1","floor":58}],"player_experience":921388,"relics_obtained":[{"floor":6,"key":"Replay:Bottled Eggs"},{"floor":9,"key":"blackbeard:TreasureChest"},{"floor":15,"key":"Blue Doll"},{"floor":24,"key":"aspiration:ChemicalBlood"},{"floor":26,"key":"aspiration:HummingbirdHeart"},{"floor":30,"key":"PrismaticShard"},{"floor":36,"key":"blackbeard:GoldenRing"},{"floor":39,"key":"Thread and Needle"},{"floor":40,"key":"The Courier"},{"floor":42,"key":"TungstenRod"},{"floor":43,"key":"Shuriken"},{"floor":50,"key":"Pocketwatch"},{"floor":53,"key":"paleoftheancients:SoulOfTheShowman"}],"event_choices":[{"cards_removed":["blackbeard:BlackbeardDefend"],"damage_healed":0,"gold_gain":0,"player_choice":"Offered Basic","damage_taken":0,"max_hp_gain":0,"max_hp_loss":0,"event_name":"Bonfire Elementals","floor":11,"gold_loss":0},{"cards_removed":["blackbeard:BlackbeardDefend"],"damage_healed":0,"gold_gain":0,"player_choice":"Gave Gold","damage_taken":0,"max_hp_gain":0,"max_hp_loss":0,"event_name":"Beggar","floor":21,"gold_loss":75},{"damage_healed":0,"gold_gain":0,"cards_transformed":["blackbeard:BlackbeardDefend"],"player_choice":"Transformed","damage_taken":0,"max_hp_gain":0,"max_hp_loss":0,"event_name":"Transmorgrifier","floor":28,"gold_loss":0,"cards_obtained":["Mind Blast"]},{"damage_healed":0,"gold_gain":0,"player_choice":"Fight","damage_taken":0,"max_hp_gain":0,"max_hp_loss":0,"event_name":"Mysterious Sphere","floor":39,"gold_loss":0},{"cards_removed":["blackbeard:Spear"],"damage_healed":0,"gold_gain":0,"player_choice":"Removed Skill","damage_taken":0,"max_hp_gain":0,"max_hp_loss":0,"event_name":"Falling","floor":45,"gold_loss":0},{"damage_healed":0,"gold_gain":0,"player_choice":"Fight","damage_taken":0,"max_hp_gain":0,"max_hp_loss":0,"event_name":"MindBloom","floor":50,"gold_loss":0}],"is_beta":false,"boss_relics":[{"not_picked":["Ectoplasm","Coffee Dripper"],"picked":"ReplayTheSpireMod:DimensionalGlitch"},{"not_picked":["Black Star","Philosopher\u0027s Stone"],"picked":"Snecko Heart"}],"items_purged_floors":[56],"is_endless":false,"potions_floor_spawned":[1,5,10,12,14,16,24,29,31,33,38,40,42,44,49,58],"killed_by":"paleoftheancients:N","ascension_level":0}}