{"host":"yi49lbnhh35mzi7n","time":1609392987,"event":{"mods":["BaseMod","Bestiary","BetterRewards","Colored Map","Conspire","Downfall","Googly Eyes","Hermit","Hubris","Infinite Spire","Minty Spire (QoL Compilation)","Quick Restart","Replay The Spire","StSLib","The Bladedancer","The Construct","The Jungle","The Necromancer","Yuri Mod"],"gold_per_floor":[115,133,133,148,171,171,210,228,274,274,274],"floor_reached":10,"playtime":737,"items_purged":[],"score":74,"play_id":"98cefb20-ce43-4cb8-a67d-12e753156941","local_time":"20201231063627","is_ascension_mode":true,"campfire_choices":[{"data":"Carnage","floor":6,"key":"SMITH"}],"circlet_count":0,"master_deck":["Strike_R","Strike_R","Strike_R","Strike_R","Strike_R","Defend_R","Defend_R","Defend_R","Defend_R","Bash","Body Slam","Dark Embrace","Carnage+1","Spot Weakness"],"relics":["Burning Blood","NeowsBlessing","Golden Idol","Potion Belt","Juzu Bracelet"],"acts_visited":["Exordium"],"potions_floor_usage":[7,10],"damage_taken":[{"damage":2,"enemies":"conspire:RoseBush","floor":1,"turns":1},{"damage":0,"enemies":"Small Slimes","floor":2,"turns":1},{"damage":0,"enemies":"Cultist","floor":4,"turns":1},{"damage":14,"enemies":"Blue Slaver","floor":5,"turns":3},{"damage":41,"enemies":"Gremlin Nob","floor":7,"turns":5},{"damage":19,"enemies":"3 Louse","floor":8,"turns":4},{"damage":22,"enemies":"3 Sentries","floor":10,"turns":3}],"seed_played":"-1066305188158672064","potions_obtained":[{"floor":1,"key":"CultistPotion"},{"floor":2,"key":"Explosive Potion"}],"is_trial":false,"path_per_floor":["M","M","?","M","M","R","E","M","T","E"],"character_chosen":"IRONCLAD","items_purchased":[],"campfire_rested":0,"item_purchase_floors":[],"current_hp_per_floor":[80,80,74,74,66,66,31,18,18,0,0],"gold":274,"neow_bonus":"THREE_ENEMY_KILL","is_daily":false,"chose_seed":false,"campfire_upgraded":1,"win_rate":0.0,"timestamp":1609392987,"path_taken":["M","M","?","M","M","R","E","M","T","E"],"items_purchased_type":[],"build_version":"2020-12-22","purchased_purges":0,"victory":false,"max_hp_per_floor":[80,80,74,74,74,74,74,74,74,74,74],"card_choices":[{"not_picked":["True Grit","Iron Wave"],"picked":"Body Slam","floor":1},{"not_picked":["Pommel Strike","hubris:ReadiedAction"],"picked":"Dark Embrace","floor":2},{"not_picked":["Body Slam","Armaments"],"picked":"Carnage","floor":4},{"not_picked":["Wild Strike","Clash","ReplayTheSpireMod:LeadingStrike"],"picked":"SKIP","floor":5},{"not_picked":["Pommel Strike","Metallicize"],"picked":"Spot Weakness","floor":7},{"not_picked":["Searing Blow","Havoc","Eclipse"],"picked":"SKIP","floor":8}],"player_experience":552743,"relics_obtained":[{"floor":7,"key":"Potion Belt"},{"floor":9,"key":"Juzu Bracelet"}],"event_choices":[{"damage_healed":0,"gold_gain":0,"player_choice":"Lose Max HP","damage_taken":0,"relics_obtained":["Golden Idol"],"max_hp_gain":0,"max_hp_loss":6,"event_name":"Golden Idol","floor":3,"gold_loss":0}],"is_beta":false,"boss_relics":[],"items_purged_floors":[],"is_endless":false,"potions_floor_spawned":[1,2],"killed_by":"3 Sentries","ascension_level":1}}