{"host":"dcj2yvrgcvh5dl2s","time":1609406044,"event":{"mods":["BaseMod","Better Note","Block Reminder","Colored Powertips","DeckTracker","Minty Spire (QoL Compilation)","Quick Restart","Rare Cards Sparkle","Relic Stats","StSLib"],"gold_per_floor":[112,187,187,187,202,227,227,92,92,242,270,287,301,312,312,312,312],"floor_reached":16,"playtime":436,"items_purged":["Strike_R"],"score":257,"play_id":"f936da30-e0c0-43d7-a87f-1f1bc107c4e9","local_time":"20201231191404","is_ascension_mode":true,"campfire_choices":[{"floor":7,"key":"REST"},{"floor":15,"key":"REST"}],"circlet_count":0,"master_deck":["AscendersBane","Strike_R","Strike_R","Strike_R+1","Strike_R","Defend_R+1","Defend_R","Defend_R","Defend_R","Bash","Shrug It Off","Metallicize","Doubt","Offering","Body Slam","Infernal Blade","Heavy Blade"],"relics":["Burning Blood","NeowsBlessing","Smiling Mask","Gremlin Horn","Pear","Happy Flower"],"acts_visited":["Exordium"],"potions_floor_usage":[16,16],"damage_taken":[{"damage":0,"enemies":"Small Slimes","floor":1,"turns":1},{"damage":0,"enemies":"Jaw Worm","floor":5,"turns":1},{"damage":0,"enemies":"Gremlin Nob","floor":6,"turns":1},{"damage":40,"enemies":"3 Sentries","floor":11,"turns":19},{"damage":6,"enemies":"2 Louse","floor":12,"turns":4},{"damage":24,"enemies":"Large Slime","floor":13,"turns":7},{"damage":15,"enemies":"Exordium Wildlife","floor":14,"turns":5},{"damage":51,"enemies":"Slime Boss","floor":16,"turns":8}],"seed_played":"1552852152169895922","potions_obtained":[{"floor":5,"key":"SpeedPotion"},{"floor":11,"key":"Weak Potion"},{"floor":14,"key":"SkillPotion"}],"is_trial":false,"path_per_floor":["M","?","?","?","M","E","R","$","T","?","E","M","M","M","R","B"],"character_chosen":"IRONCLAD","items_purchased":["Metallicize"],"campfire_rested":2,"item_purchase_floors":[8],"current_hp_per_floor":[74,63,40,35,41,47,69,69,79,79,45,45,27,18,43,0,0],"gold":312,"neow_bonus":"THREE_ENEMY_KILL","is_daily":false,"chose_seed":false,"campfire_upgraded":0,"win_rate":0.0,"timestamp":1609406044,"path_taken":["M","?","?","?","M","E","R","$","T","?","E","M","M","M","R","BOSS"],"items_purchased_type":["Card"],"build_version":"2020-12-22","purchased_purges":1,"victory":false,"max_hp_per_floor":[75,75,75,75,75,75,75,75,85,85,85,85,85,85,85,85,85],"relic_stats":{"Gremlin Horn":[5,5],"Happy Flower":[8],"counters":[8,46],"Smiling Mask":25,"obtain_stats":[{"Pear":9,"NeowsBlessing":0,"Gremlin Horn":6,"Happy Flower":11,"Smiling Mask":4,"Burning Blood":0},{"Pear":3,"NeowsBlessing":0,"Gremlin Horn":3,"Happy Flower":4,"Smiling Mask":1,"Burning Blood":0},{"Pear":3,"NeowsBlessing":0,"Gremlin Horn":3,"Happy Flower":22,"Smiling Mask":1,"Burning Blood":0}],"Burning Blood":42},"card_choices":[{"not_picked":["Evolve","Thunderclap"],"picked":"Shrug It Off","floor":1},{"not_picked":["Warcry","Havoc","Spot Weakness"],"picked":"SKIP","floor":5},{"not_picked":["Spot Weakness","Bloodletting","Dropkick"],"picked":"SKIP","floor":6},{"not_picked":["Body Slam","Sword Boomerang"],"picked":"Offering","floor":11},{"not_picked":["Anger","Clash"],"picked":"Body Slam","floor":12},{"not_picked":["Perfected Strike","Sword Boomerang"],"picked":"Infernal Blade","floor":13},{"not_picked":["True Grit","Thunderclap"],"picked":"Heavy Blade","floor":14}],"player_experience":2126677,"relics_obtained":[{"floor":6,"key":"Gremlin Horn"},{"floor":9,"key":"Pear"},{"floor":11,"key":"Happy Flower"}],"event_choices":[{"damage_healed":0,"gold_gain":75,"player_choice":"Gather Gold","damage_taken":11,"max_hp_gain":0,"max_hp_loss":0,"event_name":"World of Goop","floor":2,"gold_loss":0},{"damage_healed":0,"gold_gain":0,"player_choice":"Entered Light","damage_taken":23,"max_hp_gain":0,"max_hp_loss":0,"event_name":"Shining Light","floor":3,"gold_loss":0,"cards_upgraded":["Defend_R","Strike_R"]},{"damage_healed":0,"gold_gain":0,"player_choice":"Success","damage_taken":5,"relics_obtained":["Smiling Mask"],"max_hp_gain":0,"max_hp_loss":0,"event_name":"Scrap Ooze","floor":4,"gold_loss":0},{"damage_healed":0,"gold_gain":150,"player_choice":"AGREE","damage_taken":0,"max_hp_gain":0,"max_hp_loss":0,"event_name":"Liars Game","floor":10,"gold_loss":0,"cards_obtained":["Doubt"]}],"is_beta":false,"boss_relics":[],"items_purged_floors":[8],"is_endless":false,"potions_floor_spawned":[5,11,14],"killed_by":"Slime Boss","ascension_level":18}}