{"host":"jqjg4un1gmm27ngb","time":1609451904,"event":{"mods":["AchievementEnabler","BaseMod","Block Reminder","Colored Map","Colored Powertips","DeckTracker","Minty Spire (QoL Compilation)","Quick Restart","Relic Stats"],"gold_per_floor":[117,42,61,71,246,246,278,353,353,366,366,385,385,398,398,523,523,544,459,475,110,110,110,10,25,25,25,45,64,84,107,107,107,107],"floor_reached":33,"playtime":2408,"items_purged":["Strike_B","Strike_B","Strike_B"],"score":251,"play_id":"7c49d31b-de44-4b28-8928-f631fcafece5","local_time":"20201231165824","is_ascension_mode":false,"campfire_choices":[{"data":"Conserve Battery","floor":6,"key":"SMITH"},{"floor":13,"key":"REST"},{"floor":15,"key":"REST"},{"data":"The Bomb","floor":23,"key":"SMITH"},{"floor":27,"key":"REST"},{"floor":32,"key":"REST"}],"circlet_count":0,"master_deck":["Strike_B","Defend_B","Defend_B","Defend_B","Defend_B","Zap","Dualcast","Rebound","Streamline","Conserve Battery+1","Doubt","Chill","Sweeping Beam","Injury","Hologram","Cold Snap","Echo Form","Conserve Battery","Leap","The Bomb+1","Lockon","Sweeping Beam","Defragment+1","Barrage","Loop"],"relics":["Cracked Core","NeowsBlessing","Gambling Chip","Sundial","Golden Idol","SlaversCollar","The Courier","Tiny Chest","Bottled Lightning"],"acts_visited":["Exordium","TheCity"],"potions_floor_usage":[10,16,18,25,33,33,33],"damage_taken":[{"damage":0,"enemies":"Small Slimes","floor":1,"turns":1},{"damage":0,"enemies":"2 Louse","floor":3,"turns":1},{"damage":0,"enemies":"Cultist","floor":4,"turns":1},{"damage":30,"enemies":"3 Sentries","floor":7,"turns":6},{"damage":0,"enemies":"3 Louse","floor":10,"turns":3},{"damage":8,"enemies":"Looter","floor":12,"turns":3},{"damage":6,"enemies":"Exordium Wildlife","floor":14,"turns":3},{"damage":59,"enemies":"Hexaghost","floor":16,"turns":13},{"damage":25,"enemies":"Shell Parasite","floor":18,"turns":9},{"damage":9,"enemies":"3 Byrds","floor":20,"turns":5},{"damage":32,"enemies":"Snake Plant","floor":25,"turns":5},{"damage":3,"enemies":"Centurion and Healer","floor":28,"turns":3},{"damage":3,"enemies":"Sentry and Sphere","floor":29,"turns":5},{"damage":22,"enemies":"Snake Plant","floor":30,"turns":7},{"damage":17,"enemies":"Shelled Parasite and Fungi","floor":31,"turns":4},{"damage":37,"enemies":"Champ","floor":33,"turns":10}],"seed_played":"-8402597311611082370","potions_obtained":[{"floor":7,"key":"Regen Potion"},{"floor":10,"key":"Strength Potion"},{"floor":12,"key":"GamblersBrew"},{"floor":16,"key":"Regen Potion"},{"floor":22,"key":"Fruit Juice"},{"floor":22,"key":"Strength Potion"},{"floor":25,"key":"SkillPotion"},{"floor":29,"key":"SpeedPotion"}],"is_trial":false,"path_per_floor":["M","$","M","M","?","R","E","?","T","M","?","M","R","M","R","B",null,"M","?","M","$","?","R","$","M","T","R","M","M","M","M","R","B"],"character_chosen":"DEFECT","items_purchased":["The Bomb","Tiny Chest","BlessingOfTheForge"],"campfire_rested":4,"item_purchase_floors":[21,21,21],"current_hp_per_floor":[75,75,75,75,75,75,45,34,34,39,39,31,53,47,69,10,75,59,59,50,50,50,50,50,23,23,47,44,41,19,2,26,0,0],"gold":107,"neow_bonus":"THREE_ENEMY_KILL","is_daily":false,"chose_seed":false,"campfire_upgraded":2,"win_rate":0.0,"timestamp":1609451904,"path_taken":["M","$","M","M","?","R","E","?","T","M","?","M","R","M","R","BOSS","M","?","M","$","?","R","$","M","T","R","?","M","M","M","R","BOSS"],"items_purchased_type":["Card","Relic","Potion"],"build_version":"2020-12-22","purchased_purges":3,"victory":false,"max_hp_per_floor":[75,75,75,75,75,75,75,75,75,75,75,75,75,75,75,75,75,75,75,75,75,75,75,75,80,80,80,80,80,80,80,80,80,80],"relic_stats":{"counters":[16,79],"Sundial":[8],"Golden Idol":59,"Gambling Chip":[14],"Tiny Chest":0,"obtain_stats":[{"SlaversCollar":17,"NeowsBlessing":0,"Sundial":9,"Golden Idol":11,"Gambling Chip":7,"Tiny Chest":21,"The Courier":19,"Bottled Lightning":26,"Cracked Core":0},{"SlaversCollar":8,"NeowsBlessing":0,"Sundial":4,"Golden Idol":5,"Gambling Chip":4,"Tiny Chest":10,"The Courier":9,"Bottled Lightning":11,"Cracked Core":0},{"SlaversCollar":31,"NeowsBlessing":0,"Sundial":9,"Golden Idol":12,"Gambling Chip":9,"Tiny Chest":45,"The Courier":40,"Bottled Lightning":50,"Cracked Core":0}]},"card_choices":[{"not_picked":["Darkness","Stack"],"picked":"Rebound","floor":1},{"not_picked":["Redo","Steam"],"picked":"Streamline","floor":3},{"not_picked":["Doom and Gloom","Undo"],"picked":"Conserve Battery","floor":4},{"not_picked":["Redo","Seek"],"picked":"Chill","floor":7},{"not_picked":["Beam Cell","Gash"],"picked":"Sweeping Beam","floor":10},{"not_picked":["Genetic Algorithm","Storm"],"picked":"Hologram","floor":12},{"not_picked":["Heatsinks","Barrage"],"picked":"Cold Snap","floor":14},{"not_picked":["Core Surge","Buffer"],"picked":"Echo Form","floor":16},{"not_picked":["Consume","Storm"],"picked":"Conserve Battery","floor":18},{"not_picked":["Chill","Compile Driver+1"],"picked":"Leap","floor":20},{"not_picked":["Cold Snap","Turbo"],"picked":"Lockon","floor":25},{"not_picked":["Coolheaded","Melter+1"],"picked":"Sweeping Beam","floor":28},{"not_picked":["Reinforced Body+1","Reprogram"],"picked":"Defragment+1","floor":29},{"not_picked":["Darkness+1","Aggregate"],"picked":"Barrage","floor":30},{"not_picked":["Auto Shields+1","Coolheaded"],"picked":"Loop","floor":31}],"player_experience":157351,"relics_obtained":[{"floor":7,"key":"Gambling Chip"},{"floor":9,"key":"Sundial"},{"floor":26,"key":"Bottled Lightning"}],"event_choices":[{"damage_healed":0,"gold_gain":175,"player_choice":"AGREE","damage_taken":0,"max_hp_gain":0,"max_hp_loss":0,"event_name":"Liars Game","floor":5,"gold_loss":0,"cards_obtained":["Doubt"]},{"damage_healed":0,"gold_gain":75,"player_choice":"Gather Gold","damage_taken":11,"max_hp_gain":0,"max_hp_loss":0,"event_name":"World of Goop","floor":8,"gold_loss":0},{"damage_healed":0,"gold_gain":0,"player_choice":"Take Wound","damage_taken":0,"relics_obtained":["Golden Idol"],"max_hp_gain":0,"max_hp_loss":0,"event_name":"Golden Idol","floor":11,"gold_loss":0,"cards_obtained":["Injury"]},{"damage_healed":0,"gold_gain":0,"player_choice":"Obtained Relic","damage_taken":0,"relics_obtained":["The Courier"],"max_hp_gain":0,"max_hp_loss":0,"event_name":"Addict","floor":19,"gold_loss":85},{"damage_healed":0,"gold_gain":0,"player_choice":"Got Potions","damage_taken":0,"max_hp_gain":0,"max_hp_loss":0,"event_name":"Lab","floor":22,"gold_loss":0}],"is_beta":false,"boss_relics":[{"not_picked":["Fusion Hammer","Ectoplasm"],"picked":"SlaversCollar"}],"items_purged_floors":[2,21,24],"is_endless":false,"potions_floor_spawned":[7,10,12,16,25,29],"killed_by":"Champ","ascension_level":0}}