{"host":"3qkmyeoym75lj4wn","time":1609383699,"event":{"mods":["2.2 Compatiblity","Act Like it!","BaseMod","Bestiary","Block Reminder","Colored Powertips","Highlight Path","Minty Spire (QoL Compilation)","Permanent Neow","Rare Cards Sparkle","Relic Stats","StSLib"],"gold_per_floor":[118,118,268,26,26,26,40,40,40,71,84,0,40,65,65,163,163,188,16,39,58,58,58,58,58],"floor_reached":24,"playtime":642,"items_purged":["Doubt"],"score":408,"play_id":"ffa486f8-9f07-4a4c-9dfa-427982227a1e","local_time":"20201231030139","is_ascension_mode":true,"campfire_choices":[{"data":"Neutralize","floor":6.0,"key":"SMITH"},{"data":"Uppercut","floor":8.0,"key":"SMITH"},{"floor":15.0,"key":"REST"},{"floor":23,"key":"REST"}],"circlet_count":0,"master_deck":["AscendersBane","Strike_G","Strike_G","Strike_G","Strike_G","Strike_G","Defend_G+1","Defend_G","Defend_G+1","Defend_G","Defend_G","Survivor","Neutralize+1","Sadistic Nature","Uppercut+1","Sweeping Beam+1","Demon Form","Slice+1","Cloak And Dagger","Go for the Eyes+1","Bandage Up"],"relics":["Ring of the Serpent","Golden Idol","PrismaticShard","Peace Pipe","Molten Egg 2","Anchor","War Paint","Bronze Scales"],"acts_visited":["Exordium","TheCity"],"potions_floor_usage":[18,20,21],"damage_taken":[{"damage":8.0,"enemies":"Small Slimes","floor":1.0,"turns":5.0},{"damage":2.0,"enemies":"Jaw Worm","floor":7.0,"turns":4.0},{"damage":22.0,"enemies":"Lagavulin","floor":10.0,"turns":7.0},{"damage":0.0,"enemies":"Cultist","floor":11.0,"turns":4.0},{"damage":16.0,"enemies":"Gremlin Nob","floor":13.0,"turns":4.0},{"damage":0.0,"enemies":"Large Slime","floor":14.0,"turns":3.0},{"damage":20.0,"enemies":"The Guardian","floor":16.0,"turns":11.0},{"damage":0,"enemies":"Shell Parasite","floor":18,"turns":6},{"damage":15,"enemies":"Spheric Guardian","floor":20,"turns":4},{"damage":43,"enemies":"Snecko","floor":21,"turns":7},{"damage":33,"enemies":"Slavers","floor":24,"turns":3}],"seed_played":"4372722883067577839","potions_obtained":[{"floor":7.0,"key":"SpeedPotion"},{"floor":11.0,"key":"FairyPotion"},{"floor":16.0,"key":"Block Potion"},{"floor":18,"key":"Energy Potion"},{"floor":20,"key":"SpeedPotion"}],"is_trial":false,"path_per_floor":["M","?","?","$","T","R","M","R","T","E","M","$","E","M","R","B",null,"M","$","M","M","?","R","E"],"character_chosen":"THE_SILENT","items_purchased":["PrismaticShard","Slice+1","FearPotion","Bronze Scales"],"campfire_rested":2,"item_purchase_floors":[4,12,12,19],"current_hp_per_floor":[51,51,51,51,51,51,49,49,49,27,27,27,11,11,27,7,42,42,42,27,16,16,32,0,0],"gold":58,"neow_bonus":"RANDOM_COLORLESS_2","is_daily":false,"chose_seed":false,"campfire_upgraded":2,"win_rate":0.0,"timestamp":1609383699,"path_taken":["M","?","?","$","?","R","M","R","T","E","M","$","E","M","R","BOSS","M","$","M","M","?","R","E"],"items_purchased_type":["Relic","Card","Potion","Relic"],"build_version":"2020-12-22","purchased_purges":1,"victory":false,"max_hp_per_floor":[60,54,54,54,54,54,54,54,54,54,54,54,54,54,54,54,54,54,54,54,54,54,54,54,54],"relic_stats":{"Peace Pipe":0,"counters":[11,58],"Golden Idol":59,"Bronze Scales":[33],"War Paint":["Defend_G","Defend_G"],"obtain_stats":[{"Peace Pipe":5,"Anchor":10,"Golden Idol":2,"Bronze Scales":19,"Molten Egg 2":9,"War Paint":13,"PrismaticShard":4,"Ring of the Serpent":17,"Ring of the Snake":0},{"Peace Pipe":1,"Anchor":3,"Golden Idol":1,"Bronze Scales":8,"Molten Egg 2":2,"War Paint":5,"PrismaticShard":1,"Ring of the Serpent":7,"Ring of the Snake":0},{"Peace Pipe":5,"Anchor":16,"Golden Idol":5,"Bronze Scales":44,"Molten Egg 2":9,"War Paint":24,"PrismaticShard":5,"Ring of the Serpent":38,"Ring of the Snake":0}]},"card_choices":[{"not_picked":["Violence","The Bomb"],"picked":"Sadistic Nature","floor":0.0},{"not_picked":["Acrobatics","Prepared","Backflip"],"picked":"SKIP","floor":1.0},{"not_picked":["Seeing Red","Perfected Strike"],"picked":"Uppercut","floor":7.0},{"not_picked":["Pray","Searing Blow+1"],"picked":"Sweeping Beam+1","floor":10.0},{"not_picked":["Twin Strike+1","Clothesline+1"],"picked":"Demon Form","floor":11.0},{"not_picked":["Infernal Blade","Combust","Warcry"],"picked":"SKIP","floor":13.0},{"not_picked":["Terror","Sword Boomerang+1"],"picked":"Cloak And Dagger","floor":14.0},{"not_picked":["ClearTheMind+1","PiercingWail"],"picked":"Go for the Eyes+1","floor":18},{"not_picked":["LikeWater+1","Impatience"],"picked":"Bandage Up","floor":20},{"not_picked":["True Grit","Redo","Weave+1"],"picked":"SKIP","floor":21}],"player_experience":1619787,"relics_obtained":[{"floor":5.0,"key":"Peace Pipe"},{"floor":9.0,"key":"Molten Egg 2"},{"floor":10.0,"key":"Anchor"},{"floor":13.0,"key":"War Paint"}],"event_choices":[{"damage_healed":0.0,"max_hp_gain":0.0,"max_hp_loss":6.0,"gold_gain":0.0,"event_name":"Golden Idol","player_choice":"Lose Max HP","floor":2.0,"gold_loss":0.0,"damage_taken":0.0,"relics_obtained":["Golden Idol"]},{"damage_healed":0.0,"max_hp_gain":0.0,"max_hp_loss":0.0,"gold_gain":150.0,"event_name":"Liars Game","player_choice":"AGREE","floor":3.0,"gold_loss":0.0,"damage_taken":0.0,"cards_obtained":["Doubt"]},{"damage_healed":0,"gold_gain":0,"player_choice":"Ignored","damage_taken":0,"max_hp_gain":0,"max_hp_loss":0,"event_name":"The Mausoleum","floor":22,"gold_loss":0}],"is_beta":false,"boss_relics":[{"not_picked":["HoveringKite","Pandora\u0027s Box"],"picked":"Ring of the Serpent"}],"items_purged_floors":[4],"is_endless":false,"potions_floor_spawned":[7,11,16,18,20],"killed_by":"Slavers","ascension_level":20}}