{"host":"ru8pwgfzwiehflg6","time":1609448947,"event":{"mods":["BaseMod","Friendly Minions","Koishi","Marisa????????","Minty Spire (QoL Compilation)","Prisma Mod","Reimu??????","StSLib","The Administrix","The Servant 0.9.4","Yohane!","Yuri Mod"],"gold_per_floor":[115,190,204,224,74,104,104,136,207,207,226,246,263,290,290,390,390,406,406,424,424,424],"floor_reached":21,"playtime":966,"items_purged":["Strike_Lin:ReiMu"],"score":389,"play_id":"860b60d9-ec1f-4a43-ac40-3fa24d2a4051","local_time":"20201231150907","is_ascension_mode":true,"campfire_choices":[{"data":"CardOfSanctity:ReiMu","floor":7,"key":"SMITH"},{"data":"ShadowOfCrow2:ReiMu","floor":10,"key":"SMITH"},{"data":"UniversalSpiritual:ReiMu","floor":15,"key":"SMITH"}],"circlet_count":0,"master_deck":["AscendersBane","Strike_Lin:ReiMu","Strike_Lin:ReiMu","Strike_Lin:ReiMu","Defend_Lin:ReiMu","Defend_Lin:ReiMu","Defend_Lin:ReiMu","Defend_Lin:ReiMu","NB:ReiMu","Stagnation:ReiMu","CardOfSanctity:ReiMu+1","RainPray2:ReiMu","RainPray2:ReiMu","SafetyPray:ReiMu","ShadowOfCrow2:ReiMu+1","UniversalSpiritual:ReiMu","UniversalSpiritual:ReiMu+1","Conquer:ReiMu","OctopathSalyBorderN:ReiMu","ShadowOfCrow2:ReiMu"],"relics":["FlyPower:ReiMu","StoneCalendar","Ancient Tea Set","Blue Candle","Oddly Smooth Stone","Black Star"],"acts_visited":["Exordium","TheCity"],"potions_floor_usage":[12],"damage_taken":[{"damage":0,"enemies":"Small Slimes","floor":1,"turns":4},{"damage":10,"enemies":"Cultist","floor":3,"turns":6},{"damage":0,"enemies":"2 Louse","floor":4,"turns":1},{"damage":0,"enemies":"Lagavulin","floor":6,"turns":7},{"damage":20,"enemies":"Gremlin Nob","floor":8,"turns":4},{"damage":0,"enemies":"Blue Slaver","floor":11,"turns":4},{"damage":8,"enemies":"Exordium Wildlife","floor":12,"turns":3},{"damage":2,"enemies":"Large Slime","floor":13,"turns":5},{"damage":0,"enemies":"Lagavulin","floor":14,"turns":6},{"damage":22,"enemies":"Slime Boss","floor":16,"turns":8},{"damage":12,"enemies":"2 Thieves","floor":18,"turns":5},{"damage":34,"enemies":"Shell Parasite","floor":20,"turns":7},{"damage":5,"enemies":"Centurion and Healer","floor":21,"turns":4}],"seed_played":"-8514631026277029725","potions_obtained":[{"floor":1,"key":"Regen Potion"},{"floor":3,"key":"FairyPotion"},{"floor":16,"key":"Ancient Potion"}],"is_trial":false,"path_per_floor":["M","?","M","M","$","E","R","E","T","R","M","M","M","E","R","B",null,"M","?","M","M"],"character_chosen":"REIMU","items_purchased":["ShadowOfCrow2:ReiMu"],"campfire_rested":0,"item_purchase_floors":[5],"current_hp_per_floor":[59,54,44,44,44,44,44,24,24,24,24,25,23,23,23,1,45,33,23,12,7,7],"gold":424,"neow_bonus":"THREE_RARE_CARDS","is_daily":false,"chose_seed":false,"campfire_upgraded":3,"win_rate":0.0,"timestamp":1609448947,"path_taken":["M","?","?","?","$","E","R","E","T","R","M","M","M","E","R","BOSS","M","?","M","M"],"items_purchased_type":["Card"],"build_version":"2020-12-22","purchased_purges":1,"victory":false,"max_hp_per_floor":[59,59,59,59,59,59,59,59,59,59,59,59,59,59,59,59,59,59,64,64,64,64],"card_choices":[{"not_picked":["Dreaming:ReiMu","YinYang:ReiMu"],"picked":"CardOfSanctity:ReiMu","floor":0},{"not_picked":["TightArray:ReiMu","PrepareRite:ReiMu"],"picked":"RainPray2:ReiMu","floor":1},{"not_picked":["Meditation:ReiMu","MikOfLucky:ReiMu"],"picked":"RainPray2:ReiMu","floor":3},{"not_picked":["Meditation:ReiMu","TightArray:ReiMu"],"picked":"SafetyPray:ReiMu","floor":4},{"not_picked":["Meditation:ReiMu","CareerPray:ReiMu","Intuition:ReiMu"],"picked":"SKIP","floor":6},{"not_picked":["MountainWay:ReiMu","EmergencyTakeOff:ReiMu","SpreadBorder2:ReiMu"],"picked":"SKIP","floor":8},{"not_picked":["SpreadBorder2:ReiMu","AlertArray:ReiMu"],"picked":"UniversalSpiritual:ReiMu","floor":11},{"not_picked":["SafetyPray:ReiMu","Gathering:ReiMu"],"picked":"UniversalSpiritual:ReiMu","floor":12},{"not_picked":["SealNeedle:ReiMu","CollectionFlower2:ReiMu","CeremonyResonance:ReiMu"],"picked":"SKIP","floor":13},{"not_picked":["PrayRite:ReiMu","Amulet:ReiMu"],"picked":"Conquer:ReiMu","floor":14},{"not_picked":["DependentForm:ReiMu","HakureiPhantom:ReiMu"],"picked":"OctopathSalyBorderN:ReiMu","floor":16},{"not_picked":["PhosphorusFlame:ReiMu","SubcavityInstant:ReiMu"],"picked":"ShadowOfCrow2:ReiMu","floor":18},{"not_picked":["CollectionFlower2:ReiMu","AirStrike:ReiMu","WonderfulDomain:ReiMu"],"picked":"SKIP","floor":20}],"player_experience":576927,"relics_obtained":[{"floor":6,"key":"StoneCalendar"},{"floor":8,"key":"Ancient Tea Set"},{"floor":9,"key":"Blue Candle"},{"floor":14,"key":"Oddly Smooth Stone"}],"event_choices":[{"damage_healed":0,"gold_gain":75,"player_choice":"Touch","damage_taken":5,"max_hp_gain":0,"max_hp_loss":0,"event_name":"FaceTrader","floor":2,"gold_loss":0},{"damage_healed":0,"gold_gain":0,"player_choice":"Shed Blood","damage_taken":15,"max_hp_gain":5,"max_hp_loss":0,"event_name":"Forgotten Altar","floor":19,"gold_loss":0}],"is_beta":false,"boss_relics":[{"not_picked":["Ectoplasm","CrownOfHeavens:ReiMu"],"picked":"Black Star"}],"items_purged_floors":[5],"is_endless":false,"potions_floor_spawned":[1,3,8,16],"killed_by":"Centurion and Healer","ascension_level":11}}