{"host":"0cgp910o8339lr91","time":1609383492,"event":{"mods":["BaseMod","Colored Map","Filter the Spire","Minty Spire (QoL Compilation)","Relic Stats","Slay-I","ojb\u0027s Better Paths Mod","ojb\u0027s Info Mod"],"gold_per_floor":[109,109,109,109,132,132,148,188,188,207,207,207],"floor_reached":11,"playtime":742,"items_purged":[],"score":146,"play_id":"90c72fd9-b3da-46ab-a619-10cbc83c6edd","local_time":"20201231035812","is_ascension_mode":true,"campfire_choices":[{"data":"Eruption","floor":6,"key":"SMITH"}],"circlet_count":0,"master_deck":["AscendersBane","Strike_P","Strike_P","Strike_P","Strike_P","Defend_P","Defend_P","Defend_P","Eruption+1","Vigilance","CutThroughFate","MentalFortress","EmptyBody","Doubt","Consecrate+1"],"relics":["Cursed Key","Golden Idol","Pear","Molten Egg 2"],"acts_visited":["Exordium"],"potions_floor_usage":[11],"damage_taken":[{"damage":2,"enemies":"2 Louse","floor":1,"turns":3},{"damage":5,"enemies":"Small Slimes","floor":5,"turns":4},{"damage":0,"enemies":"Cultist","floor":7,"turns":2},{"damage":23,"enemies":"3 Sentries","floor":8,"turns":9},{"damage":20,"enemies":"Exordium Wildlife","floor":10,"turns":4},{"damage":64,"enemies":"Gremlin Nob","floor":11,"turns":3}],"seed_played":"-5489819135789067168","potions_obtained":[{"floor":1,"key":"PowerPotion"},{"floor":10,"key":"LiquidBronze"}],"is_trial":false,"path_per_floor":["M","?","?","?","M","R","M","E","T","M","E"],"character_chosen":"WATCHER","items_purchased":[],"campfire_rested":0,"item_purchase_floors":[],"current_hp_per_floor":[59,59,59,59,54,54,54,41,41,21,0,0],"gold":207,"neow_bonus":"BOSS_RELIC","is_daily":false,"chose_seed":false,"campfire_upgraded":1,"win_rate":0.0,"timestamp":1609383492,"path_taken":["M","?","?","?","M","R","?","E","T","M","E"],"items_purchased_type":[],"build_version":"2020-12-22","purchased_purges":0,"victory":false,"max_hp_per_floor":[68,68,62,62,62,62,62,72,72,72,72,72],"relic_stats":{"counters":[6,25],"Golden Idol":20,"Cursed Key":1,"obtain_stats":[{"Pear":8,"Golden Idol":3,"Molten Egg 2":9,"PureWater":0,"Cursed Key":0},{"Pear":4,"Golden Idol":1,"Molten Egg 2":4,"PureWater":0,"Cursed Key":0},{"Pear":18,"Golden Idol":3,"Molten Egg 2":18,"PureWater":0,"Cursed Key":0}]},"card_choices":[{"not_picked":["Worship","Consecrate"],"picked":"CutThroughFate","floor":1},{"not_picked":["FollowUp","FlyingSleeves"],"picked":"MentalFortress","floor":5},{"not_picked":["Judgement","JustLucky"],"picked":"EmptyBody","floor":7},{"not_picked":["Halt","FlyingSleeves","PathToVictory"],"picked":"SKIP","floor":8},{"not_picked":["Perseverance","Vengeance"],"picked":"Consecrate+1","floor":10}],"player_experience":1275826,"relics_obtained":[{"floor":8,"key":"Pear"},{"floor":9,"key":"Molten Egg 2"}],"event_choices":[{"damage_healed":0,"gold_gain":0,"player_choice":"Ignored","damage_taken":0,"max_hp_gain":0,"max_hp_loss":0,"event_name":"Liars Game","floor":2,"gold_loss":0},{"damage_healed":0,"gold_gain":0,"player_choice":"Lose Max HP","damage_taken":0,"relics_obtained":["Golden Idol"],"max_hp_gain":0,"max_hp_loss":6,"event_name":"Golden Idol","floor":3,"gold_loss":0},{"cards_removed":["Defend_P"],"damage_healed":0,"gold_gain":0,"player_choice":"Offered Basic","damage_taken":0,"max_hp_gain":0,"max_hp_loss":0,"event_name":"Bonfire Elementals","floor":4,"gold_loss":0}],"is_beta":false,"boss_relics":[],"items_purged_floors":[],"is_endless":false,"potions_floor_spawned":[1,10],"killed_by":"Gremlin Nob","ascension_level":20}}