{"host":"tvs5yxzo65ue2qcy","time":1609415188,"event":{"mods":["BaseMod","DeckTracker","Highlight Path","Minty Spire (QoL Compilation)","Permanent Neow","Quick Restart","StSLib","SuperFastMode","everything is the same but u backflip on backflip"],"gold_per_floor":[130,160,199,235,235,235,235,235,316,241,281,0,0,46,46,191,191,215,215,215],"floor_reached":19,"playtime":363,"items_purged":["Strike_G"],"score":318,"play_id":"c6a3a004-ca86-40d2-b714-ea982db07e2a","local_time":"20201231204628","is_ascension_mode":true,"campfire_choices":[{"data":"HandOfGreed","floor":6,"key":"SMITH"},{"data":"Survivor","floor":8,"key":"SMITH"},{"data":"All Out Attack","floor":13,"key":"SMITH"},{"data":"Eviscerate","floor":15,"key":"SMITH"}],"circlet_count":0,"master_deck":["AscendersBane","Strike_G","Strike_G","Strike_G","Strike_G","Defend_G","Defend_G","Defend_G","Defend_G","Defend_G","Survivor+1","Neutralize+1","HandOfGreed+1","Poisoned Stab","All Out Attack+1","Eviscerate+1","Wraith Form v2+1"],"relics":["Ring of the Snake","Golden Idol","Frozen Egg 2","Meat on the Bone","Sozu"],"acts_visited":["Exordium","TheCity"],"potions_floor_usage":[16,16,19],"damage_taken":[{"damage":2,"enemies":"Jaw Worm","floor":1,"turns":5},{"damage":5,"enemies":"Small Slimes","floor":2,"turns":3},{"damage":11,"enemies":"Cultist","floor":3,"turns":4},{"damage":12,"enemies":"Gremlin Gang","floor":4,"turns":4},{"damage":11,"enemies":"Looter","floor":11,"turns":5},{"damage":0,"enemies":"2 Fungi Beasts","floor":14,"turns":2},{"damage":13,"enemies":"Slime Boss","floor":16,"turns":8},{"damage":3,"enemies":"Spheric Guardian","floor":18,"turns":4},{"damage":14,"enemies":"3 Byrds","floor":19,"turns":3}],"seed_played":"-4634474323177217155","potions_obtained":[{"floor":3,"key":"FearPotion"},{"floor":4,"key":"Fire Potion"},{"floor":16,"key":"SkillPotion"}],"is_trial":false,"path_per_floor":["M","M","M","M","?","R","?","R","T","$","M","$","R","M","R","B",null,"M","M"],"character_chosen":"THE_SILENT","items_purchased":["Meat on the Bone"],"campfire_rested":0,"item_purchase_floors":[12],"current_hp_per_floor":[57,52,41,29,29,29,29,29,29,29,18,18,18,30,30,29,48,45,31,31],"gold":215,"neow_bonus":"RANDOM_COLORLESS_2","is_daily":false,"chose_seed":false,"campfire_upgraded":4,"win_rate":0.0,"timestamp":1609415188,"path_taken":["M","M","M","M","?","R","?","R","T","?","M","$","R","M","R","BOSS","M","M"],"items_purchased_type":["Relic"],"build_version":"2020-12-22","purchased_purges":1,"victory":false,"max_hp_per_floor":[60,60,60,60,54,54,54,54,54,54,54,54,54,54,54,54,54,54,54,54],"card_choices":[{"not_picked":["Violence","Sadistic Nature"],"picked":"HandOfGreed","floor":0},{"not_picked":["Skewer","PiercingWail"],"picked":"Poisoned Stab","floor":1},{"not_picked":["Bane","Setup"],"picked":"All Out Attack","floor":2},{"not_picked":["Accuracy","Choke"],"picked":"Eviscerate","floor":3},{"not_picked":["Underhanded Strike","Predator","Deadly Poison"],"picked":"SKIP","floor":4},{"not_picked":["Dodge and Roll","Slice","PiercingWail"],"picked":"SKIP","floor":11},{"not_picked":["Predator","Backflip","Riddle With Holes"],"picked":"SKIP","floor":14},{"not_picked":["Die Die Die","Venomology"],"picked":"Wraith Form v2+1","floor":16},{"not_picked":["Backflip","Blade Dance","Expertise"],"picked":"SKIP","floor":18}],"player_experience":430998,"relics_obtained":[{"floor":9,"key":"Frozen Egg 2"}],"event_choices":[{"damage_healed":0,"gold_gain":0,"player_choice":"Lose Max HP","damage_taken":0,"relics_obtained":["Golden Idol"],"max_hp_gain":0,"max_hp_loss":6,"event_name":"Golden Idol","floor":5,"gold_loss":0},{"damage_healed":0,"gold_gain":0,"player_choice":"Grow","damage_taken":0,"max_hp_gain":0,"max_hp_loss":0,"event_name":"Living Wall","floor":7,"gold_loss":0,"cards_upgraded":["Neutralize"]}],"is_beta":false,"boss_relics":[{"not_picked":["Coffee Dripper","Black Star"],"picked":"Sozu"}],"items_purged_floors":[10],"is_endless":false,"potions_floor_spawned":[3,4,11,16],"killed_by":"3 Byrds","ascension_level":20}}