{"host":"czzthkrvfe6r7fjf","time":1609425073,"event":{"mods":["ATMod(∞¢Ë™Mod)","Act Like it!","BaseMod","Downfall","GungeonMod","Marisa£®ÏF”Í°°ƒß¿Ì…≥£©","Minty Spire (QoL Compilation)","Quick Restart","StSLib","The Servant 0.9.4","Waifu the Spire","°æπ¶ƒ‹Mod°øªÏ„Á÷Æª∑–ﬁ∏¥≤π∂°"],"gold_per_floor":[115,115,115,40,51,79,146,253,253,340,391,316,356,400,400,548,548,585,646,14,120,45,45,45,154,223,223,223,316,361,131,131,332,332,470,520,47,47,87,87,244,244,268,268,106,146,203,247,247,372],"floor_reached":51,"playtime":1993,"items_purged":["Pain","Strike_R","Strike_R","Strike_R"],"score":1571,"play_id":"d8981127-c5ba-4ca6-9278-a37b161433dd","local_time":"20201231223113","is_ascension_mode":true,"campfire_choices":[{"data":"Armaments","floor":15.0,"key":"SMITH"},{"data":"Fire Breathing","floor":23.0,"key":"SMITH"},{"data":"AT_FamilyPortrait","floor":28.0,"key":"SMITH"},{"data":"Reckless Charge","floor":32.0,"key":"SMITH"},{"floor":40.0,"key":"REST"},{"data":"Immolate","floor":42,"key":"SMITH"},{"floor":49,"key":"REST"}],"circlet_count":0,"master_deck":["AscendersBane","Defend_R","Defend_R","Defend_R","Bash","AT_FamilyPortrait+1","Flex","Immolate+1","Feed","Armaments+1","AT_BodySlamDance+1","AT_ManFootWork+1","Seeing Red+1","Fire Breathing+1","Warcry+1","Reckless Charge+1","Decay","Flex+1","Battle Trance+1","Writhe","Warcry+1"],"relics":["Burning Blood","AT_ATBox","NeowsBlessing","HornCleat","WarpedTongs","AT_MibuBalloonWealth","Ancient Tea Set","The Courier","Toxic Egg 2","SacredBark","Champion Belt","HandDrill","Red Mask","Paper Frog","Mummified Hand","DemoMod:ChaffGrenade","Toolbox","Busted Crown","StoneCalendar","DemoMod:Relodestone","AT_RedTearstoneRing","White Beast Statue","DemoMod:ClearGuonStone","AT_ChloranthyRing"],"acts_visited":["Exordium","TheCity","TheBeyond"],"potions_floor_usage":[41,48,50],"damage_taken":[{"damage":0.0,"enemies":"Cultist","floor":1.0,"turns":1.0},{"damage":2.0,"enemies":"2 Louse","floor":5.0,"turns":2.0},{"damage":0.0,"enemies":"Lagavulin","floor":6.0,"turns":1.0},{"damage":7.0,"enemies":"Small Slimes","floor":7.0,"turns":3.0},{"damage":0.0,"enemies":"3 Sentries","floor":8.0,"turns":3.0},{"damage":0.0,"enemies":"3 Louse","floor":10.0,"turns":2.0},{"damage":0.0,"enemies":"Lagavulin","floor":11.0,"turns":5.0},{"damage":6.0,"enemies":"Blue Slaver","floor":13.0,"turns":6.0},{"damage":10.0,"enemies":"Looter","floor":14.0,"turns":4.0},{"damage":2.0,"enemies":"Slime Boss","floor":16.0,"turns":6.0},{"damage":21.0,"enemies":"Shell Parasite","floor":18.0,"turns":3.0},{"damage":10.0,"enemies":"2 Thieves","floor":19.0,"turns":3.0},{"damage":3.0,"enemies":"Masked Bandits","floor":21.0,"turns":5.0},{"damage":5.0,"enemies":"Slavers","floor":25.0,"turns":3.0},{"damage":0.0,"enemies":"3 Cultists","floor":29.0,"turns":3.0},{"damage":15.0,"enemies":"Snecko","floor":30.0,"turns":5.0},{"damage":3.0,"enemies":"Collector","floor":33.0,"turns":7.0},{"damage":50.0,"enemies":"3 Darklings","floor":35.0,"turns":9.0},{"damage":31.0,"enemies":"Mind Bloom Boss Battle","floor":36.0,"turns":7.0},{"damage":2.0,"enemies":"Orb Walker","floor":39.0,"turns":3.0},{"damage":9,"enemies":"Reptomancer","floor":41,"turns":3},{"damage":49,"enemies":"Maw","floor":46,"turns":7},{"damage":3,"enemies":"Nemesis","floor":47,"turns":5},{"damage":33,"enemies":"Spire Growth","floor":48,"turns":4},{"damage":8,"enemies":"Awakened One","floor":50,"turns":14}],"seed_played":"-5006834079511633740","potions_obtained":[{"floor":1.0,"key":"champ:CounterPotion"},{"floor":7.0,"key":"SpeedPotion"},{"floor":8.0,"key":"Block Potion"},{"floor":11.0,"key":"PowerPotion"},{"floor":14.0,"key":"DemoMod:LeadSkinPotion"},{"floor":21.0,"key":"champ:CounterPotion"},{"floor":25.0,"key":"Fire Potion"},{"floor":36.0,"key":"PowerPotion"},{"floor":39.0,"key":"PowerPotion"},{"floor":48,"key":"SpeedPotion"}],"is_trial":false,"path_per_floor":["M","T","?","$","M","E","M","E","T","M","E","?","M","M","R","B",null,"M","M","$","?","?","R","T","E","T","?","R","M","M","$","R","B",null,"M","?","$","?","M","R","E","R","T","?","$","M","E","M","R","B",null],"character_chosen":"IRONCLAD","items_purchased":["Champion Belt","Fire Breathing","Warcry+1","Reckless Charge","HandDrill","Toolbox","DemoMod:Relodestone","AT_RedTearstoneRing","Battle Trance+1","DemoMod:LeadSkinPotion"],"campfire_rested":2,"item_purchase_floors":[20,20,20,20,20,31,37,37,37,45],"current_hp_per_floor":[74,74,74,74,75,75,78,82,82,86,90,90,94,94,94,102,102,87,86,86,93,93,93,93,97,97,97,97,107,98,98,98,105,116,72,47,47,47,51,87,84,84,84,108,108,65,68,41,77,79],"gold":372,"neow_bonus":"THREE_ENEMY_KILL","is_daily":false,"chose_seed":false,"campfire_upgraded":5,"win_rate":0.0,"timestamp":1609425073,"path_taken":["M","?","?","$","?","E","M","E","T","M","E","?","M","M","R","BOSS","M","M","$","?","?","R","?","E","T","?","R","M","M","?","R","BOSS","M","?","$","?","M","R","E","R","T","?","$","?","E","M","R","BOSS"],"items_purchased_type":["Relic","Card","Card","Card","Relic","Relic","Relic","Relic","Card","Undefined"],"build_version":"2020-12-22","purchased_purges":4,"victory":true,"max_hp_per_floor":[75,75,75,75,75,75,79,82,82,86,90,90,94,98,98,102,102,102,105,105,109,109,109,109,112,112,112,112,116,116,116,116,120,120,120,120,120,120,120,120,120,120,120,120,120,120,120,120,120,124],"card_choices":[{"not_picked":["Clothesline","Shrug It Off"],"picked":"Flex","floor":1.0},{"not_picked":["DemoMod:BlackBlade","Shrug It Off"],"picked":"Immolate","floor":5.0},{"not_picked":["Wild Strike","Headbutt"],"picked":"Feed","floor":6.0},{"not_picked":["Clothesline","Flex","Rage"],"picked":"SKIP","floor":7.0},{"not_picked":["Shockwave","Cleave"],"picked":"Armaments","floor":8.0},{"not_picked":["Cleave","Carnage","Anger"],"picked":"SKIP","floor":10.0},{"not_picked":["Flex+1","Sword Boomerang"],"picked":"AT_BodySlamDance+1","floor":11.0},{"not_picked":["Hemokinesis","Entrench+1"],"picked":"AT_ManFootWork+1","floor":13.0},{"not_picked":["True Grit+1","Second Wind+1"],"picked":"Seeing Red+1","floor":14.0},{"not_picked":["AT_IchimonjiDouble","Flex+1","Sword Boomerang"],"picked":"SKIP","floor":18.0},{"not_picked":["Iron Wave","Havoc+1","Clothesline"],"picked":"SKIP","floor":19.0},{"not_picked":["Headbutt","Anger","DemoMod:BlackBlade"],"picked":"SKIP","floor":25.0},{"not_picked":["Combust","Blood for Blood"],"picked":"Flex+1","floor":29.0},{"not_picked":["Corruption","Cleave","Blood for Blood"],"picked":"SKIP","floor":30.0},{"not_picked":["AT_GerminateFire+1"],"picked":"SKIP","floor":35.0},{"not_picked":["Wild Strike"],"picked":"SKIP","floor":39.0},{"not_picked":["Demon Form"],"picked":"SKIP","floor":41},{"not_picked":["Heavy Blade+1"],"picked":"SKIP","floor":46},{"not_picked":["Sword Boomerang"],"picked":"SKIP","floor":47},{"not_picked":[],"picked":"Warcry+1","floor":48}],"player_experience":491653,"relics_obtained":[{"floor":2.0,"key":"HornCleat"},{"floor":6.0,"key":"AT_MibuBalloonWealth"},{"floor":8.0,"key":"Ancient Tea Set"},{"floor":9.0,"key":"The Courier"},{"floor":11.0,"key":"Toxic Egg 2"},{"floor":21.0,"key":"Red Mask"},{"floor":24.0,"key":"Paper Frog"},{"floor":25.0,"key":"Mummified Hand"},{"floor":26.0,"key":"DemoMod:ChaffGrenade"},{"floor":36.0,"key":"StoneCalendar"},{"floor":41,"key":"White Beast Statue"},{"floor":43,"key":"DemoMod:ClearGuonStone"},{"floor":47,"key":"AT_ChloranthyRing"}],"event_choices":[{"damage_healed":0.0,"max_hp_gain":0.0,"max_hp_loss":0.0,"gold_gain":0.0,"event_name":"Accursed Blacksmith","player_choice":"Rummage","floor":3.0,"gold_loss":0.0,"damage_taken":0.0,"relics_obtained":["WarpedTongs"],"cards_obtained":["Pain"]},{"cards_removed":["Strike_R"],"damage_healed":0.0,"max_hp_gain":0.0,"max_hp_loss":0.0,"gold_gain":0.0,"event_name":"The Cleric","player_choice":"Card Removal","floor":12.0,"gold_loss":75.0,"damage_taken":0.0},{"damage_healed":0.0,"max_hp_gain":0.0,"max_hp_loss":0.0,"gold_gain":0.0,"event_name":"Masked Bandits","player_choice":"Fought Bandits","floor":21.0,"gold_loss":0.0,"damage_taken":0.0},{"cards_removed":["Strike_R"],"damage_healed":0.0,"max_hp_gain":0.0,"max_hp_loss":0.0,"gold_gain":0.0,"event_name":"Beggar","player_choice":"Gave Gold","floor":22.0,"gold_loss":75.0,"damage_taken":0.0},{"damage_healed":0.0,"max_hp_gain":0.0,"max_hp_loss":0.0,"gold_gain":0.0,"event_name":"Forgotten Altar","player_choice":"Smashed Altar","floor":27.0,"gold_loss":0.0,"damage_taken":0.0,"cards_obtained":["Decay"]},{"damage_healed":0.0,"max_hp_gain":0.0,"max_hp_loss":0.0,"gold_gain":0.0,"event_name":"MindBloom","player_choice":"Fight","floor":36.0,"gold_loss":0.0,"damage_taken":0.0},{"cards_removed":["Defend_R"],"damage_healed":0.0,"max_hp_gain":0.0,"max_hp_loss":0.0,"gold_gain":0.0,"event_name":"Falling","player_choice":"Removed Skill","floor":38.0,"gold_loss":0.0,"damage_taken":0.0},{"damage_healed":24,"gold_gain":0,"player_choice":"Writhe","damage_taken":0,"max_hp_gain":0,"max_hp_loss":0,"event_name":"Winding Halls","floor":44,"gold_loss":0,"cards_obtained":["Writhe"]}],"is_beta":false,"boss_relics":[{"not_picked":["Fusion Hammer","Black Blood"],"picked":"SacredBark"},{"not_picked":["Empty Cage","Snecko Eye"],"picked":"Busted Crown"}],"items_purged_floors":[4,20,31,45],"is_endless":false,"potions_floor_spawned":[1,7,8,11,14,21,25,36,39,46,47,48],"ascension_level":17}}