{"host":"erwxnntsfyc3037l","time":1609408820,"event":{"mods":["AchievementEnabler","BaseMod","Colored Powertips","Downfall","Hermit","Hubris","Minty Spire (QoL Compilation)","Replay The Spire","StSLib","The Cursed"],"gold_per_floor":[117,117,217,230,247,247,247,281,307,26,26,44,79,95,95,196,196,196,53,53,73,73,73,87,87,111,111,111,111,11,26,26,26,26],"floor_reached":33,"playtime":5944,"items_purged":["Hallucinations","sneckomod:Bewildered"],"score":298,"play_id":"fa587ea4-9970-41d1-bb57-aeeb88d0ffac","local_time":"20201231130020","is_ascension_mode":false,"campfire_choices":[{"data":"hermit:Roulette","floor":6,"key":"SMITH"},{"data":"hermit:Quickdraw","floor":15,"key":"SMITH"},{"data":"hermit:Shortfuse","floor":23,"key":"SMITH"},{"floor":28,"key":"REST"},{"floor":32,"key":"REST"}],"circlet_count":0,"master_deck":["hermit:Strike_Hermit","hermit:Strike_Hermit","hermit:Strike_Hermit","hermit:Strike_Hermit","hermit:Defend_Hermit","hermit:Defend_Hermit","hermit:Defend_Hermit","hermit:Defend_Hermit+1","hermit:Snapshot","hermit:Covet","hermit:Quickdraw+1","hermit:Roulette+1","hermit:Showdown+1","hermit:Vantage+1","hermit:Headshot+1","hermit:FinalCanter","hermit:TrackingShot","hermit:WideOpen","hermit:Dissolve","TheCursedMod:Dregs","hermit:Virtue+1","hermit:Feint+1","hermit:Shortfuse+1","hermit:Misfire","hermit:HoleUp+1"],"relics":["hermit:Momento","NeowsBlessing","ReplayTheSpireMod:Ring of Addiction","Toy Ornithopter","White Beast Statue","Replay:Wax Seal","MealTicket","Replay:Ringing Soul","hubris:CrystalStatue","Replay:Ancient Bell","War Paint","Snack Pack","StoneCalendar","Blue Doll"],"acts_visited":["Exordium","TheCity"],"potions_floor_usage":[5,8,13,13,16,18,21,25,25,33,33],"damage_taken":[{"damage":0,"enemies":"Small Slimes","floor":1,"turns":1},{"damage":0,"enemies":"Jaw Worm","floor":4,"turns":1},{"damage":0,"enemies":"Cultist","floor":5,"turns":1},{"damage":1,"enemies":"Replay:BlueRogue","floor":8,"turns":3},{"damage":6,"enemies":"3 Louse","floor":12,"turns":2},{"damage":5,"enemies":"Lagavulin","floor":13,"turns":7},{"damage":0,"enemies":"Exordium Thugs","floor":14,"turns":3},{"damage":24,"enemies":"Fading Forest","floor":16,"turns":11},{"damage":0,"enemies":"Spheric Guardian","floor":18,"turns":2},{"damage":0,"enemies":"3 Byrds","floor":21,"turns":4},{"damage":6,"enemies":"Snecko","floor":24,"turns":5},{"damage":25,"enemies":"Book of Stabbing","floor":25,"turns":5},{"damage":29,"enemies":"Cultist and Chosen","floor":31,"turns":7},{"damage":133,"enemies":"hubris:MusketHawk","floor":33,"turns":11}],"seed_played":"5529228297150552719","potions_obtained":[{"floor":1,"key":"Languid Potion"},{"floor":2,"key":"SpeedPotion"},{"floor":2,"key":"AttackPotion"},{"floor":5,"key":"SmokeBomb"},{"floor":8,"key":"SpeedPotion"},{"floor":13,"key":"PowerPotion"},{"floor":14,"key":"SmokeBomb"},{"floor":16,"key":"Weak Potion"},{"floor":21,"key":"ColorlessPotion"},{"floor":24,"key":"ColorlessPotion"},{"floor":31,"key":"Reflective Coating"}],"is_trial":false,"path_per_floor":["M","?","?","M","M","R","?","E","T","$","?","M","E","M","R","B",null,"M","$","?","M","?","R","M","E","T","?","R","?","$","M","R","B"],"character_chosen":"HERMIT","items_purchased":["hermit:Headshot+1","Replay:Ringing Soul","hermit:Virtue"],"campfire_rested":2,"item_purchase_floors":[10,10,19],"current_hp_per_floor":[75,75,75,75,75,75,75,74,74,75,75,70,78,81,81,61,88,88,91,91,94,97,97,96,79,79,79,98,96,96,76,97,0,0],"gold":26,"neow_bonus":"THREE_ENEMY_KILL","is_daily":false,"chose_seed":false,"campfire_upgraded":3,"win_rate":0.0,"timestamp":1609408820,"path_taken":["M","?","?","M","?","R","?","E","T","$","?","?","E","M","R","BOSS","M","$","?","M","?","R","M","E","T","?","R","?","$","M","R","BOSS"],"items_purchased_type":["Card","Relic","Card"],"build_version":"2020-12-22","purchased_purges":2,"victory":false,"max_hp_per_floor":[75,75,75,75,75,75,75,75,75,75,75,76,79,82,82,85,88,88,91,91,94,97,97,100,98,98,98,98,96,96,99,97,97,97],"card_choices":[{"not_picked":["hermit:Combo","hermit:Determination"],"picked":"hermit:Quickdraw","floor":1},{"not_picked":["hermit:Dive","hermit:CalledShot"],"picked":"hermit:NoHoldsBarred","floor":4},{"not_picked":["hermit:Glare","hermit:Gambit"],"picked":"hermit:Roulette","floor":5},{"not_picked":["hermit:Combo","hermit:Misfire"],"picked":"hermit:Vantage","floor":8},{"not_picked":["hermit:Roulette","hermit:Headshot"],"picked":"hermit:FinalCanter","floor":12},{"not_picked":["hermit:Glare","hermit:Desperado"],"picked":"hermit:TrackingShot","floor":13},{"not_picked":["hermit:Gestalt","hermit:ShadowCloak"],"picked":"hermit:WideOpen","floor":14},{"not_picked":["hermit:EternalForm","hermit:FinalCanter"],"picked":"hermit:Dissolve","floor":16},{"not_picked":["ReplayTheSpireMod:Doomed","ReplayTheSpireMod:IOU"],"picked":"Hallucinations","floor":17},{"not_picked":["hexamod:Haunted","hubris:Gluttony"],"picked":"sneckomod:Bewildered","floor":17},{"not_picked":["hubris:Lust","ReplayTheSpireMod:Splinters"],"picked":"TheCursedMod:Dregs","floor":17},{"not_picked":["hermit:SprayPray","hermit:Grudge"],"picked":"hermit:Feint+1","floor":21},{"not_picked":["hermit:LowProfile","hermit:ItchyTrigger"],"picked":"hermit:Misfire","floor":24},{"not_picked":["hermit:Quickdraw","hermit:Ricochet"],"picked":"hermit:HoleUp+1","floor":31}],"player_experience":5163,"relics_obtained":[{"floor":2,"key":"ReplayTheSpireMod:Ring of Addiction"},{"floor":2,"key":"Toy Ornithopter"},{"floor":2,"key":"White Beast Statue"},{"floor":8,"key":"Replay:Wax Seal"},{"floor":9,"key":"MealTicket"},{"floor":13,"key":"hubris:CrystalStatue"},{"floor":26,"key":"Blue Doll"}],"event_choices":[{"damage_healed":0,"gold_gain":100,"player_choice":"Gold","damage_taken":0,"max_hp_gain":0,"max_hp_loss":0,"event_name":"Wheel of Change","floor":3,"gold_loss":0},{"damage_healed":0,"gold_gain":0,"player_choice":"Leave","damage_taken":0,"max_hp_gain":0,"max_hp_loss":0,"event_name":"FaceTrader","floor":11,"gold_loss":0},{"damage_healed":0,"gold_gain":0,"player_choice":"Read","damage_taken":0,"max_hp_gain":0,"max_hp_loss":0,"event_name":"The Library","floor":22,"gold_loss":0,"cards_obtained":["hermit:Shortfuse"]}],"is_beta":false,"boss_relics":[{"not_picked":["Philosopher\u0027s Stone","Coffee Dripper"],"picked":"Replay:Ancient Bell"},{"not_picked":["Replay:Baseball","Nunchaku"],"picked":"War Paint"},{"not_picked":["Replay:Bottled Eggs","Ornamental Fan"],"picked":"Snack Pack"},{"not_picked":["hermit:RedScarf","FossilizedHelix"],"picked":"StoneCalendar"}],"items_purged_floors":[19,30],"is_endless":false,"potions_floor_spawned":[1,4,5,8,12,13,14,16,18,21,24,25,31],"killed_by":"hubris:MusketHawk","ascension_level":0}}