{"host":"640uue19m79c7wbt","time":1609453977,"event":{"mods":["BaseMod","Colored Map","Googly Eyes","Highlight Path","Minty Spire (QoL Compilation)","Quick Restart","StSLib"],"gold_per_floor":[118,137,137,412,40,40,76,100,100,124,124,165,185,198,198,321,321,346,8,22,22,22,22,22],"floor_reached":23,"playtime":701,"items_purged":["Regret"],"score":260,"play_id":"99158f60-a5a5-4ed6-ab0e-47c43c3aa827","local_time":"20201231173257","is_ascension_mode":true,"campfire_choices":[{"data":"Skewer","floor":6.0,"key":"SMITH"},{"data":"Night Terror","floor":11.0,"key":"SMITH"},{"floor":15.0,"key":"REST"}],"circlet_count":0,"master_deck":["Strike_G","Strike_G","Strike_G","Strike_G","Strike_G","Defend_G","Defend_G","Defend_G","Defend_G","Defend_G","Survivor","Neutralize","Skewer+1","Flying Knee","Dagger Throw","Caltrops","Escape Plan","Night Terror+1","Dash","Endless Agony","Finisher","After Image","Escape Plan+1","Poisoned Stab","Predator+1","Shame"],"relics":["Ring of the Snake","NeowsBlessing","Golden Idol","White Beast Statue","Blue Candle","Kunai","Shuriken","SacredBark","Incense Burner","Tiny Chest","Nilry\u0027s Codex"],"acts_visited":["Exordium","TheCity"],"potions_floor_usage":[18,20,23],"damage_taken":[{"damage":0.0,"enemies":"Small Slimes","floor":1.0,"turns":1.0},{"damage":0.0,"enemies":"Cultist","floor":2.0,"turns":1.0},{"damage":0.0,"enemies":"Lagavulin","floor":7.0,"turns":1.0},{"damage":4.0,"enemies":"Jaw Worm","floor":8.0,"turns":3.0},{"damage":3.0,"enemies":"3 Louse","floor":10.0,"turns":3.0},{"damage":21.0,"enemies":"Gremlin Nob","floor":12.0,"turns":4.0},{"damage":8.0,"enemies":"Exordium Thugs","floor":13.0,"turns":4.0},{"damage":0.0,"enemies":"Looter","floor":14.0,"turns":2.0},{"damage":28.0,"enemies":"The Guardian","floor":16.0,"turns":8.0},{"damage":0,"enemies":"2 Thieves","floor":18,"turns":1},{"damage":9,"enemies":"Spheric Guardian","floor":20,"turns":3},{"damage":97,"enemies":"Gremlin Leader","floor":23,"turns":4}],"seed_played":"-2816411684832252217","potions_obtained":[{"floor":7.0,"key":"FairyPotion"},{"floor":8.0,"key":"Strength Potion"},{"floor":10.0,"key":"SpeedPotion"},{"floor":12.0,"key":"Explosive Potion"},{"floor":13.0,"key":"PowerPotion"},{"floor":14.0,"key":"SkillPotion"},{"floor":16.0,"key":"SkillPotion"},{"floor":18,"key":"Fire Potion"},{"floor":20,"key":"Strength Potion"}],"is_trial":false,"path_per_floor":["M","M","?","?","$","R","E","M","T","M","R","E","M","M","R","B",null,"M","$","M","?","?","E"],"character_chosen":"THE_SILENT","items_purchased":["White Beast Statue","Dagger Throw","Incense Burner","Poisoned Stab"],"campfire_rested":1,"item_purchase_floors":[5,5,19,19],"current_hp_per_floor":[70,70,53,53,53,53,53,49,49,46,46,25,17,17,38,10,70,70,70,61,61,45,0,0],"gold":22,"neow_bonus":"THREE_ENEMY_KILL","is_daily":false,"chose_seed":false,"campfire_upgraded":2,"win_rate":0.0,"timestamp":1609453977,"path_taken":["M","M","?","?","$","R","E","M","T","M","R","E","M","?","R","BOSS","M","$","M","?","?","E"],"items_purchased_type":["Relic","Card","Relic","Card"],"build_version":"2020-12-22","purchased_purges":1,"victory":false,"max_hp_per_floor":[70,70,70,70,70,70,70,70,70,70,70,70,70,70,70,70,70,70,70,70,70,70,70,70],"card_choices":[{"not_picked":["Outmaneuver","Cloak And Dagger"],"picked":"Skewer","floor":1.0},{"not_picked":["Outmaneuver","Deadly Poison"],"picked":"Flying Knee","floor":2.0},{"not_picked":["Slice","Finisher"],"picked":"Caltrops","floor":7.0},{"not_picked":["Bane","Concentrate"],"picked":"Escape Plan","floor":8.0},{"not_picked":["Prepared","Acrobatics"],"picked":"Night Terror","floor":10.0},{"not_picked":["Deflect","Distraction"],"picked":"Dash","floor":12.0},{"not_picked":["Backstab","Dagger Spray"],"picked":"Endless Agony","floor":13.0},{"not_picked":["Underhanded Strike","Acrobatics"],"picked":"Finisher","floor":14.0},{"not_picked":["Storm of Steel","Grand Finale"],"picked":"After Image","floor":16.0},{"not_picked":["Acrobatics","Deadly Poison"],"picked":"Escape Plan+1","floor":18},{"not_picked":["Slice","Dagger Throw+1"],"picked":"Predator+1","floor":20}],"player_experience":538384,"relics_obtained":[{"floor":7.0,"key":"Blue Candle"},{"floor":9.0,"key":"Kunai"},{"floor":12.0,"key":"Shuriken"},{"floor":22,"key":"Nilry\u0027s Codex"}],"event_choices":[{"damage_healed":0.0,"max_hp_gain":0.0,"max_hp_loss":0.0,"gold_gain":0.0,"event_name":"Golden Idol","player_choice":"Take Damage","floor":3.0,"gold_loss":0.0,"damage_taken":17.0,"relics_obtained":["Golden Idol"]},{"damage_healed":0.0,"max_hp_gain":0.0,"max_hp_loss":0.0,"gold_gain":275.0,"event_name":"Golden Shrine","player_choice":"Desecrate","floor":4.0,"gold_loss":0.0,"damage_taken":0.0,"cards_obtained":["Regret"]},{"damage_healed":0,"gold_gain":0,"player_choice":"Stole Relic","damage_taken":0,"relics_obtained":["Tiny Chest"],"max_hp_gain":0,"max_hp_loss":0,"event_name":"Addict","floor":21,"gold_loss":0,"cards_obtained":["Shame"]},{"damage_healed":0,"gold_gain":0,"player_choice":"Obtained Book","damage_taken":16,"max_hp_gain":0,"max_hp_loss":0,"event_name":"Cursed Tome","floor":22,"gold_loss":0}],"is_beta":false,"boss_relics":[{"not_picked":["SlaversCollar","Philosopher\u0027s Stone"],"picked":"SacredBark"}],"items_purged_floors":[5],"is_endless":false,"potions_floor_spawned":[7,8,10,12,13,14,16,18,20],"killed_by":"Gremlin Leader","ascension_level":3}}