{"host":"xtgfl0e7r8rfgbei","time":1609423759,"event":{"mods":["Arknights The Spire","BaseMod","Colored Map","Colored Powertips","Downfall","Infinite Spire","Marisa£®ÏF”Í°°ƒß¿Ì…≥£©","Minty Spire (QoL Compilation)","READ ME - Guardian Mod","Rare Cards Sparkle","Replay The Spire","StSLib","The Bug Knight","The Cursed","The Servant 0.9.4","≤–¡Ù÷ÆŒÔ"],"gold_per_floor":[119,44,55,35,52,52,52,65,65,65,65,77,77,92,92,38,38,38,38],"floor_reached":18,"playtime":1047,"items_purged":[],"score":102,"play_id":"c8d559ea-e9c9-4bdd-87ad-ec51f284c0cb","local_time":"20201231220919","is_ascension_mode":false,"campfire_choices":[{"data":"HollowMod:TaintedHusks","floor":6,"key":"SMITH"},{"floor":15,"key":"REST"},{"floor":17,"key":"REST"}],"circlet_count":0,"master_deck":["HollowMod:NailStrikeStart","HollowMod:NailStrikeStart","HollowMod:NailStrikeStart","HollowMod:QuickDashStart","HollowMod:QuickDashStart","HollowMod:QuickDashStart","HollowMod:QuickDashStart","HollowMod:FocusHealStart","HollowMod:PogoStrike","HollowMod:TaintedHusks+1","HollowMod:CycloneSlash","HollowMod:DescendingDark","HollowMod:GrimmsGift","HollowMod:LifebloodCocoon","HollowMod:GreatSlash","HollowMod:BlackTendrils+1"],"relics":["HollowMod:VesselMask","HollowMod:LifeEnderRelic","infinitespire:BottledMercury"],"acts_visited":["Exordium"],"potions_floor_usage":[18],"damage_taken":[{"damage":1,"enemies":"Cultist","floor":1,"turns":3},{"damage":20,"enemies":"Jaw Worm","floor":3,"turns":4},{"damage":0,"enemies":"2 Louse","floor":5,"turns":2},{"damage":10,"enemies":"Gremlin Gang","floor":8,"turns":2},{"damage":20,"enemies":"Exordium Thugs","floor":12,"turns":4},{"damage":17,"enemies":"Looter","floor":14,"turns":3},{"damage":47,"enemies":"Slime Boss","floor":18,"turns":7}],"seed_played":"7739083411212533899","potions_obtained":[{"floor":3,"key":"AttackPotion"},{"floor":4,"key":"DuplicationPotion"},{"floor":12,"key":"Swift Potion"}],"is_trial":false,"path_per_floor":["M","?","M","?","M","R","?","M","T","PTL","PTL","M","?","M","R","$","R","B"],"character_chosen":"THE_BUGKNIGHT","items_purchased":["HollowMod:BlackTendrils+1"],"campfire_rested":2,"item_purchase_floors":[16],"current_hp_per_floor":[81,86,72,72,72,72,54,44,44,44,44,24,24,7,33,33,59,15,15],"gold":38,"neow_bonus":"TEN_PERCENT_HP_BONUS","is_daily":false,"chose_seed":false,"campfire_upgraded":1,"win_rate":0.0,"timestamp":1609423759,"path_taken":["M","?","M","?","?","R","?","M","T","PTL","PTL","M","?","?","R","?","R","BOSS"],"items_purchased_type":["Card"],"build_version":"2020-12-22","purchased_purges":0,"victory":false,"max_hp_per_floor":[82,87,87,87,87,87,87,87,87,87,87,87,87,87,87,87,87,87,87],"card_choices":[{"not_picked":["HollowMod:SiblingsShadow","HollowMod:SharpenedShadows"],"picked":"HollowMod:TaintedHusks","floor":1},{"not_picked":["HollowMod:ShapeofUnn","HollowMod:SiblingsShadow"],"picked":"HollowMod:CycloneSlash","floor":3},{"not_picked":["HollowMod:MawleksShell","HollowMod:WraithStrike"],"picked":"HollowMod:DescendingDark","floor":5},{"not_picked":["HollowMod:HowlingWraiths","HollowMod:CloakDash"],"picked":"HollowMod:GrimmsGift","floor":8},{"not_picked":["HollowMod:HowlingWraiths","HollowMod:MantisMark"],"picked":"HollowMod:LifebloodCocoon","floor":12},{"not_picked":["HollowMod:DesolateDive","HollowMod:HeavyBlow"],"picked":"HollowMod:GreatSlash","floor":14}],"player_experience":307670,"relics_obtained":[{"floor":9,"key":"infinitespire:BottledMercury"}],"event_choices":[{"damage_healed":0,"gold_gain":0,"player_choice":"Bought 1 Potion","damage_taken":0,"max_hp_gain":0,"max_hp_loss":0,"event_name":"The Woman in Blue","floor":4,"gold_loss":0},{"damage_healed":0,"gold_gain":0,"player_choice":"Success","damage_taken":18,"relics_obtained":["HollowMod:LifeEnderRelic"],"max_hp_gain":0,"max_hp_loss":0,"event_name":"Scrap Ooze","floor":7,"gold_loss":0},{"cards_removed":["HollowMod:NailStrikeStart"],"damage_healed":0,"gold_gain":0,"player_choice":"Purged","damage_taken":0,"max_hp_gain":0,"max_hp_loss":0,"event_name":"Purifier","floor":13,"gold_loss":0}],"is_beta":false,"boss_relics":[],"items_purged_floors":[],"is_endless":false,"potions_floor_spawned":[3,12],"killed_by":"Slime Boss","ascension_level":0}}