{"host":"xjyie0ctswsml60g","time":1609449432,"event":{"mods":["AchievementEnabler","BaseMod","Colored Map","Minty Spire (QoL Compilation)","Quick Restart","SuperFastMode"],"gold_per_floor":[110,185,35,35,45,77,92,92,117,117,117,131,145,162,162,263,263,273,273,273,288,304,304,318,343,367,367,385,42,141,241,241,345,345,359,374,374,385,104,104,115,115,115,125,143,365,365,381,381,381,381],"floor_reached":50,"playtime":3834,"items_purged":["Strike_P","Strike_P","Defend_P"],"score":496,"play_id":"4f92d5e0-f3d1-43f1-b612-8bcc060708e5","local_time":"20201231231712","is_ascension_mode":false,"campfire_choices":[{"floor":8.0,"key":"RECALL"},{"data":"SashWhip","floor":10.0,"key":"SMITH"},{"floor":15.0,"key":"REST"},{"floor":23.0,"key":"REST"},{"data":"WreathOfFlame","floor":27.0,"key":"SMITH"},{"floor":32.0,"key":"REST"},{"data":"Establishment","floor":40.0,"key":"SMITH"},{"data":"Halt","floor":42.0,"key":"SMITH"},{"floor":49.0,"key":"REST"}],"circlet_count":0,"master_deck":["Strike_P","Strike_P","Defend_P","Defend_P","Defend_P","Eruption+1","Vigilance","Indignation","Tantrum+1","SashWhip+1","Halt","Wallop","CutThroughFate","EmptyMind","SignatureMove","Scrawl","Halt","Conclude","Establishment+1","Halt+1","WreathOfFlame+1","SandsOfTime+1","Purity","Parasite","Halt+1"],"relics":["PureWater","Blood Vial","Prayer Wheel","Shuriken","Red Mask","Anchor","ClockworkSouvenir","Thread and Needle","Pear","Sozu","PreservedInsect","Frozen Egg 2"],"acts_visited":["Exordium","TheCity","TheBeyond"],"potions_floor_usage":[],"damage_taken":[{"damage":0.0,"enemies":"2 Louse","floor":1.0,"turns":2.0},{"damage":15.0,"enemies":"Small Slimes","floor":5.0,"turns":2.0},{"damage":31.0,"enemies":"Gremlin Nob","floor":6.0,"turns":3.0},{"damage":0.0,"enemies":"Cultist","floor":7.0,"turns":2.0},{"damage":5.0,"enemies":"Lots of Slimes","floor":12.0,"turns":3.0},{"damage":0.0,"enemies":"Red Slaver","floor":13.0,"turns":2.0},{"damage":0.0,"enemies":"Blue Slaver","floor":14.0,"turns":2.0},{"damage":16.0,"enemies":"Slime Boss","floor":16.0,"turns":7.0},{"damage":22.0,"enemies":"2 Thieves","floor":18.0,"turns":3.0},{"damage":20.0,"enemies":"Spheric Guardian","floor":21.0,"turns":3.0},{"damage":16.0,"enemies":"Snecko","floor":22.0,"turns":4.0},{"damage":1.0,"enemies":"3 Cultists","floor":24.0,"turns":4.0},{"damage":0.0,"enemies":"Masked Bandits","floor":25.0,"turns":2.0},{"damage":2.0,"enemies":"Sentry and Sphere","floor":28.0,"turns":3.0},{"damage":0.0,"enemies":"Colosseum Slavers","floor":31.0,"turns":2.0},{"damage":9.0,"enemies":"Colosseum Nobs","floor":31.0,"turns":3.0},{"damage":58.0,"enemies":"Automaton","floor":33.0,"turns":9.0},{"damage":0.0,"enemies":"3 Darklings","floor":35.0,"turns":3.0},{"damage":0.0,"enemies":"3 Shapes","floor":36.0,"turns":4.0},{"damage":34.0,"enemies":"Writhing Mass","floor":38.0,"turns":7.0},{"damage":0.0,"enemies":"3 Darklings","floor":41.0,"turns":2.0},{"damage":0.0,"enemies":"4 Shapes","floor":44.0,"turns":4.0},{"damage":4.0,"enemies":"Jaw Worm Horde","floor":45.0,"turns":5.0},{"damage":0.0,"enemies":"Writhing Mass","floor":48.0,"turns":4.0},{"damage":100,"enemies":"Awakened One","floor":50,"turns":9}],"seed_played":"-802050429287207562","potions_obtained":[{"floor":6.0,"key":"SkillPotion"},{"floor":7.0,"key":"Energy Potion"},{"floor":13.0,"key":"SkillPotion"},{"floor":16.0,"key":"Ambrosia"},{"floor":24.0,"key":"Ancient Potion"},{"floor":25.0,"key":"Weak Potion"},{"floor":28.0,"key":"LiquidMemories"},{"floor":31.0,"key":"EntropicBrew"}],"is_trial":false,"path_per_floor":["M","?","$","?","M","E","M","R","T","R","?","M","M","M","R","B",null,"M","T","?","M","M","R","M","?","T","R","M","$","?","?","R","B",null,"M","M","?","M","$","R","M","R","T","M","M","?","?","M","R","B"],"character_chosen":"WATCHER","items_purchased":["Tantrum","ClockworkSouvenir","Purity","PreservedInsect"],"campfire_rested":4,"item_purchase_floors":[3,29,29,39],"current_hp_per_floor":[72,61,61,61,46,15,17,17,17,17,17,14,16,18,39,25,72,50,50,50,32,18,39,40,42,42,42,42,42,42,47,71,15,82,82,82,78,44,44,44,46,46,46,48,46,46,46,48,71,0,0],"gold":381,"neow_bonus":"UPGRADE_CARD","is_daily":false,"chose_seed":false,"campfire_upgraded":4,"win_rate":0.0,"timestamp":1609449432,"path_taken":["M","?","$","?","M","E","M","R","T","R","?","?","?","M","R","BOSS","M","?","?","M","M","R","M","?","T","R","M","$","?","?","R","BOSS","M","M","?","M","$","R","M","R","T","M","M","?","?","M","R","BOSS"],"items_purchased_type":["Card","Relic","Card","Relic"],"build_version":"2020-12-22","purchased_purges":3,"victory":false,"max_hp_per_floor":[72,72,72,72,72,72,72,72,72,72,72,72,72,72,72,72,72,72,72,72,72,72,72,72,72,72,72,72,72,72,82,82,82,82,82,82,78,78,78,78,78,78,78,78,78,78,78,78,78,78,78],"card_choices":[{"not_picked":["FlurryOfBlows","Fasting2"],"picked":"Indignation","floor":1.0},{"not_picked":["CrushJoints","ThirdEye"],"picked":"SashWhip","floor":5.0},{"not_picked":["ClearTheMind","EmptyBody"],"picked":"Halt","floor":6.0},{"not_picked":["CrushJoints","WindmillStrike","PathToVictory"],"picked":"SKIP","floor":7.0},{"not_picked":["ThirdEye","Consecrate"],"picked":"Wallop","floor":12.0},{"not_picked":["BowlingBash","Fasting2","FollowUp"],"picked":"SKIP","floor":12.0},{"not_picked":["FollowUp","MasterReality"],"picked":"CutThroughFate","floor":13.0},{"not_picked":["EmptyMind","Sanctity","Swivel"],"picked":"SKIP","floor":13.0},{"not_picked":["Sanctity","Swivel"],"picked":"EmptyMind","floor":13.0},{"not_picked":["CrushJoints","Vengeance"],"picked":"SignatureMove","floor":14.0},{"not_picked":["ThirdEye","SignatureMove","Prostrate"],"picked":"SKIP","floor":14.0},{"not_picked":["ThirdEye","SignatureMove","Prostrate"],"picked":"SKIP","floor":14.0},{"not_picked":["Blasphemy","DeusExMachina"],"picked":"Scrawl","floor":16.0},{"not_picked":["Study","Prostrate"],"picked":"Halt","floor":18.0},{"not_picked":["FollowUp+1","Prostrate"],"picked":"Conclude","floor":18.0},{"not_picked":["FollowUp","Collect"],"picked":"Establishment","floor":21.0},{"not_picked":["WheelKick","FlyingSleeves","Consecrate+1"],"picked":"SKIP","floor":21.0},{"not_picked":["CutThroughFate+1","WheelKick+1"],"picked":"Halt","floor":22.0},{"not_picked":["FearNoEvil+1","ClearTheMind","ForeignInfluence"],"picked":"SKIP","floor":22.0},{"not_picked":["CrushJoints","Nirvana"],"picked":"WreathOfFlame","floor":24.0},{"not_picked":["FearNoEvil+1","WaveOfTheHand+1","Protect"],"picked":"SKIP","floor":24.0},{"not_picked":["Prostrate+1","Collect"],"picked":"SandsOfTime+1","floor":25.0},{"not_picked":["Halt","ThirdEye","EmptyBody"],"picked":"SKIP","floor":28.0},{"not_picked":["FollowUp","Halt","Prostrate"],"picked":"SKIP","floor":28.0},{"not_picked":["LikeWater","SashWhip+1","FlurryOfBlows+1"],"picked":"SKIP","floor":35.0},{"not_picked":["Conclude","CutThroughFate","Consecrate+1"],"picked":"SKIP","floor":35.0},{"not_picked":["TalkToTheHand","PathToVictory+1","Evaluate"],"picked":"SKIP","floor":36.0},{"not_picked":["PathToVictory+1","WreathOfFlame","Collect+1"],"picked":"SKIP","floor":36.0},{"not_picked":["CutThroughFate+1","Tantrum","Blasphemy"],"picked":"SKIP","floor":38.0},{"not_picked":["Halt","JustLucky","Consecrate"],"picked":"SKIP","floor":38.0},{"not_picked":["ClearTheMind+1","JustLucky+1","Meditate"],"picked":"SKIP","floor":41.0},{"not_picked":["WindmillStrike","CutThroughFate+1","TalkToTheHand"],"picked":"SKIP","floor":41.0},{"not_picked":["Wallop","FlurryOfBlows+1"],"picked":"Halt+1","floor":44.0},{"not_picked":["Protect","PathToVictory","EmptyFist+1"],"picked":"SKIP","floor":44.0},{"not_picked":["BowlingBash+1","Conclude","Halt+1"],"picked":"SKIP","floor":45.0},{"not_picked":["FlurryOfBlows","Establishment+1","BowlingBash"],"picked":"SKIP","floor":45.0},{"not_picked":["CrushJoints+1","SashWhip+1","CutThroughFate+1"],"picked":"SKIP","floor":48.0},{"not_picked":["Conclude+1","Tantrum","CrushJoints+1"],"picked":"SKIP","floor":48.0}],"player_experience":471962,"relics_obtained":[{"floor":6.0,"key":"Blood Vial"},{"floor":19.0,"key":"Shuriken"},{"floor":25.0,"key":"Red Mask"},{"floor":26.0,"key":"Anchor"},{"floor":31.0,"key":"Thread and Needle"},{"floor":31.0,"key":"Pear"},{"floor":43.0,"key":"Frozen Egg 2"}],"event_choices":[{"damage_healed":0.0,"max_hp_gain":0.0,"max_hp_loss":0.0,"gold_gain":75.0,"event_name":"World of Goop","player_choice":"Gather Gold","floor":2.0,"gold_loss":0.0,"damage_taken":11.0},{"damage_healed":0.0,"max_hp_gain":0.0,"max_hp_loss":0.0,"gold_gain":0.0,"event_name":"Living Wall","player_choice":"Grow","floor":4.0,"gold_loss":0.0,"damage_taken":0.0,"cards_upgraded":["Tantrum"]},{"damage_healed":0.0,"max_hp_gain":0.0,"max_hp_loss":0.0,"gold_gain":0.0,"event_name":"WeMeetAgain","player_choice":"Gave Potion","floor":11.0,"gold_loss":0.0,"damage_taken":0.0,"relics_obtained":["Prayer Wheel"]},{"damage_healed":0.0,"max_hp_gain":0.0,"max_hp_loss":0.0,"gold_gain":0.0,"event_name":"The Mausoleum","player_choice":"Ignored","floor":20.0,"gold_loss":0.0,"damage_taken":0.0},{"damage_healed":0.0,"max_hp_gain":0.0,"max_hp_loss":0.0,"gold_gain":0.0,"event_name":"Masked Bandits","player_choice":"Fought Bandits","floor":25.0,"gold_loss":0.0,"damage_taken":0.0},{"damage_healed":0.0,"max_hp_gain":0.0,"max_hp_loss":0.0,"gold_gain":99.0,"event_name":"Nest","player_choice":"Stole From Cult","floor":30.0,"gold_loss":0.0,"damage_taken":0.0},{"damage_healed":0.0,"max_hp_gain":0.0,"max_hp_loss":0.0,"gold_gain":0.0,"event_name":"Colosseum","player_choice":"Fight","floor":31.0,"gold_loss":0.0,"damage_taken":0.0},{"damage_healed":0.0,"max_hp_gain":0.0,"max_hp_loss":0.0,"gold_gain":0.0,"event_name":"Colosseum","player_choice":"Fought Nobs","floor":31.0,"gold_loss":0.0,"damage_taken":0.0},{"damage_healed":0.0,"max_hp_gain":0.0,"max_hp_loss":4.0,"gold_gain":0.0,"event_name":"Winding Halls","player_choice":"Max HP","floor":37.0,"gold_loss":0.0,"damage_taken":0.0},{"damage_healed":0.0,"max_hp_gain":0.0,"max_hp_loss":0.0,"gold_gain":222.0,"event_name":"Tomb of Lord Red Mask","player_choice":"Wore Mask","floor":46.0,"gold_loss":0.0,"damage_taken":0.0},{"damage_healed":0.0,"max_hp_gain":0.0,"max_hp_loss":0.0,"gold_gain":0.0,"event_name":"Mysterious Sphere","player_choice":"Ignored","floor":47.0,"gold_loss":0.0,"damage_taken":0.0}],"is_beta":false,"boss_relics":[{"not_picked":["Cursed Key","Runic Dome","Snecko Eye"]},{"not_picked":["SacredBark","Coffee Dripper"],"picked":"Sozu"}],"items_purged_floors":[3,29,39],"is_endless":false,"potions_floor_spawned":[6,7,13,16,24,25,28,31,31,36,38],"killed_by":"Awakened One","ascension_level":0}}