{"host":"fnk117zi8wf5078t","time":1609389771,"event":{"mods":["AchievementEnabler","BaseMod","Colored Map","Minty Spire (QoL Compilation)","Rare Cards Sparkle","SuperFastMode","everything is the same but u backflip on backflip"],"gold_per_floor":[131,169,94,144,196,244,244,279,302,302,345,345,73,135,135,239,239,250,250,4,4,4],"floor_reached":21,"playtime":697,"items_purged":["Strike_R"],"score":331,"play_id":"aeda703d-8bca-4a5b-a541-8f8f988ed0c3","local_time":"20201231134251","is_ascension_mode":true,"campfire_choices":[{"data":"HandOfGreed","floor":7.0,"key":"SMITH"},{"data":"Armaments","floor":10.0,"key":"SMITH"},{"data":"Demon Form","floor":12.0,"key":"SMITH"},{"data":"Madness","floor":15.0,"key":"SMITH"}],"circlet_count":0,"master_deck":["AscendersBane","Strike_R","Strike_R","Strike_R","Defend_R","Defend_R","Defend_R","Defend_R","Bash","HandOfGreed+1","Thunderclap","Carnage","Feel No Pain","Pommel Strike","Armaments+1","Demon Form+1","Madness+1","Feed","Spot Weakness","Heavy Blade","Madness"],"relics":["Burning Blood","Bag of Marbles","Centennial Puzzle","Lee\u0027s Waffle","SlaversCollar","Membership Card"],"acts_visited":["Exordium","TheCity"],"potions_floor_usage":[],"damage_taken":[{"damage":6.0,"enemies":"Cultist","floor":1.0,"turns":3.0},{"damage":9.0,"enemies":"Small Slimes","floor":2.0,"turns":3.0},{"damage":9.0,"enemies":"2 Louse","floor":5.0,"turns":4.0},{"damage":20.0,"enemies":"Gremlin Nob","floor":6.0,"turns":4.0},{"damage":4.0,"enemies":"2 Fungi Beasts","floor":8.0,"turns":2.0},{"damage":7.0,"enemies":"Looter","floor":11.0,"turns":3.0},{"damage":16.0,"enemies":"Gremlin Gang","floor":14.0,"turns":5.0},{"damage":20.0,"enemies":"Slime Boss","floor":16.0,"turns":8.0},{"damage":36.0,"enemies":"Shell Parasite","floor":18.0,"turns":5.0},{"damage":45,"enemies":"3 Byrds","floor":21,"turns":4}],"seed_played":"-5542343215956009559","potions_obtained":[{"floor":1.0,"key":"HeartOfIron"},{"floor":8.0,"key":"SteroidPotion"},{"floor":11.0,"key":"Fire Potion"},{"floor":14.0,"key":"BlessingOfTheForge"}],"is_trial":false,"path_per_floor":["M","M","$","?","M","E","R","M","T","R","M","R","$","M","R","B",null,"M","?","$","M"],"character_chosen":"IRONCLAD","items_purchased":["Madness","Lee\u0027s Waffle","Membership Card","Heavy Blade","Madness"],"campfire_rested":0,"item_purchase_floors":[13,13,20,20,20],"current_hp_per_floor":[68,65,65,59,56,42,42,44,44,44,43,43,75,65,65,51,69,43,43,43,0,0],"gold":4,"neow_bonus":"RANDOM_COLORLESS_2","is_daily":false,"chose_seed":false,"campfire_upgraded":4,"win_rate":0.0,"timestamp":1609389771,"path_taken":["M","M","$","?","M","E","R","M","T","R","M","R","$","?","R","BOSS","M","?","$","M"],"items_purchased_type":["Card","Relic","Relic","Card","Card"],"build_version":"2020-12-22","purchased_purges":1,"victory":false,"max_hp_per_floor":[68,68,68,68,68,68,68,68,68,68,68,68,75,75,75,75,75,79,79,79,79,79],"card_choices":[{"not_picked":["Secret Technique","The Bomb"],"picked":"HandOfGreed","floor":0.0},{"not_picked":["Second Wind","True Grit"],"picked":"Thunderclap","floor":1.0},{"not_picked":["Feel No Pain","Pommel Strike"],"picked":"Carnage","floor":2.0},{"not_picked":["Uppercut","Searing Blow"],"picked":"Feel No Pain","floor":5.0},{"not_picked":["Evolve","Clothesline"],"picked":"Pommel Strike","floor":6.0},{"not_picked":["Clash","Headbutt"],"picked":"Armaments","floor":8.0},{"not_picked":["Perfected Strike","Disarm"],"picked":"Demon Form","floor":11.0},{"not_picked":["True Grit","Pommel Strike","Clash"],"picked":"SKIP","floor":14.0},{"not_picked":["Juggernaut","Offering"],"picked":"Feed","floor":16.0},{"not_picked":["Clash","Second Wind"],"picked":"Spot Weakness","floor":18.0}],"player_experience":351428,"relics_obtained":[{"floor":6.0,"key":"Bag of Marbles"},{"floor":9.0,"key":"Centennial Puzzle"}],"event_choices":[{"damage_healed":0.0,"max_hp_gain":0.0,"max_hp_loss":0.0,"gold_gain":50.0,"event_name":"FaceTrader","player_choice":"Touch","floor":4.0,"gold_loss":0.0,"damage_taken":6.0},{"cards_removed":["Strike_R"],"damage_healed":0.0,"max_hp_gain":0.0,"max_hp_loss":0.0,"gold_gain":0.0,"event_name":"Back to Basics","player_choice":"Elegance","floor":19.0,"gold_loss":0.0,"damage_taken":0.0}],"is_beta":false,"boss_relics":[{"not_picked":["Runic Cube","Snecko Eye"],"picked":"SlaversCollar"}],"items_purged_floors":[3],"is_endless":false,"potions_floor_spawned":[1,8,11,14],"killed_by":"3 Byrds","ascension_level":17}}