{"host":"ec2wu4mdnvke243f","time":1609456108,"event":{"mods":["2.2 Compatiblity","AchievementEnabler","BaseMod","Defuse TimeMaze Blight","Downfall","Hermit","Infinite Spire","Minty Spire (QoL Compilation)","StSLib","The Cursed","The Disciple","The Jungle","The Servant 0.9.4"],"gold_per_floor":[109,127,73,83,53,53,73,84,84,102,102,102,102,67,67,172,172,183,198,198,198,11,40,40,40,40,59,59,59,85,85,85,85,85],"floor_reached":33,"playtime":3990,"items_purged":[],"score":298,"play_id":"9417067c-4b38-4049-89fb-01f00e6dad46","local_time":"20210101000828","daily_mods":["Purple Cards","Colorless Cards","Flight"],"is_ascension_mode":false,"campfire_choices":[{"data":"hermit:Enervate","floor":6,"key":"SMITH"},{"floor":15,"key":"REST"},{"floor":24,"key":"REST"},{"floor":32,"key":"REST"}],"circlet_count":0,"master_deck":["hermit:Strike_Hermit","hermit:Strike_Hermit","hermit:Strike_Hermit+1","hermit:Strike_Hermit","hermit:Defend_Hermit","hermit:Defend_Hermit","hermit:Defend_Hermit","hermit:Defend_Hermit","hermit:Snapshot","hermit:Covet","hermit:Enervate+1","hermit:Snipe","hermit:Ricochet","hermit:Ricochet+1","hermit:HighCaliber","hermit:HighNoon","expansioncontent:Corrupt","expansioncontent:DashGenerateEvil","expansioncontent:GuardianWhirl+1","hermit:Misfire+1","infinitespire:Starlight","hermit:Shortfuse","hermit:BlackWind","Defend_B","hermit:Glare","RitualDagger","hermit:Vantage+1","hermit:Dive+1"],"relics":["hermit:Momento","Orichalcum","Centennial Puzzle","sneckomod:SneckoTalon","Dream Catcher","Kunai","MealTicket","Toxic Egg 2","hermit:CharredGlove"],"acts_visited":["Exordium","TheCity"],"potions_floor_usage":[16,16,16,27,27,33],"damage_taken":[{"damage":9,"enemies":"infinitespire:Voidling","floor":1,"turns":6},{"damage":1,"enemies":"Cultist","floor":2,"turns":3},{"damage":0,"enemies":"2 Louse","floor":4,"turns":1},{"damage":3,"enemies":"Gremlin Gang","floor":7,"turns":3},{"damage":11,"enemies":"Lots of Slimes","floor":8,"turns":4},{"damage":3,"enemies":"2 Fungi Beasts","floor":10,"turns":3},{"damage":24,"enemies":"The Guardian","floor":16,"turns":8},{"damage":4,"enemies":"Chosen","floor":18,"turns":3},{"damage":13,"enemies":"3 Byrds","floor":19,"turns":5},{"damage":29,"enemies":"Gremlin Leader","floor":23,"turns":5},{"damage":21,"enemies":"Snake Plant","floor":27,"turns":5},{"damage":17,"enemies":"Slavers","floor":30,"turns":3},{"damage":62,"enemies":"Automaton","floor":33,"turns":6}],"seed_played":"-9133873386411567356","potions_obtained":[{"floor":1,"key":"ColorlessPotion"},{"floor":5,"key":"hermit:BlackBile"},{"floor":5,"key":"Regen Potion"},{"floor":16,"key":"SpeedPotion"},{"floor":19,"key":"infinitespire:BlackPotion"},{"floor":23,"key":"SpeedPotion"}],"is_trial":true,"path_per_floor":["M","M","$","M","?","R","M","M","T","M","$","?","?","?","R","B",null,"M","M","AVR","?","$","E","R","?","T","M","?","?","E","T","R","B"],"character_chosen":"HERMIT","items_purchased":["hermit:Ricochet","Dream Catcher","hermit:Shortfuse"],"campfire_rested":3,"item_purchase_floors":[3,22,22],"current_hp_per_floor":[66,65,65,65,65,65,62,51,51,48,48,48,33,51,73,54,75,71,58,58,58,58,39,61,61,61,40,34,34,17,17,39,0,0],"gold":85,"neow_bonus":"","is_daily":false,"chose_seed":false,"campfire_upgraded":1,"win_rate":0.0,"timestamp":1609456108,"path_taken":["M","?","?","M","?","R","M","M","T","?","?","?","?","?","R","BOSS","M","M","AVR","?","?","E","R","?","T","?","?","?","E","?","R","BOSS"],"items_purchased_type":["Card","Relic","Card"],"build_version":"2020-12-22","purchased_purges":0,"victory":false,"max_hp_per_floor":[75,75,75,75,75,75,75,75,75,75,75,75,75,75,75,75,75,75,75,75,75,75,75,75,75,75,75,75,75,75,75,75,75,75],"card_choices":[{"not_picked":["hermit:Horror","Mind Blast"],"picked":"hermit:Enervate","floor":1},{"not_picked":["hermit:HoleUp","hermit:WideOpen"],"picked":"hermit:Snipe","floor":2},{"not_picked":["hermit:FullyLoaded","hermit:Snipe"],"picked":"hermit:Ricochet","floor":4},{"not_picked":["hermit:LowProfile","hermit:PistolWhip"],"picked":"hermit:HighCaliber","floor":7},{"not_picked":["hermit:ShadowCloak","hermit:Feint"],"picked":"hermit:HighNoon","floor":8},{"not_picked":["expansioncontent:TimeRipple","hermit:ItchyTrigger"],"picked":"expansioncontent:Corrupt","floor":10},{"not_picked":["Master of Strategy","hermit:Reprieve"],"picked":"expansioncontent:DashGenerateEvil","floor":16},{"not_picked":["expansioncontent:BronzeBeam","hermit:Dive"],"picked":"expansioncontent:GuardianWhirl+1","floor":18},{"not_picked":["hermit:ItchyTrigger","hermit:Ricochet"],"picked":"hermit:Misfire+1","floor":19},{"not_picked":["hermit:Quickdraw","hermit:HighCaliber+1"],"picked":"hermit:BlackWind","floor":23},{"not_picked":["hermit:Desperado","expansioncontent:Chronoboost"],"picked":"hermit:LowProfile+1","floor":24},{"not_picked":["expansioncontent:DefensiveStance","Discovery"],"picked":"hermit:Glare","floor":27},{"not_picked":["hermit:Coalescence+1","hermit:Feint+1"],"picked":"hermit:Vantage+1","floor":30},{"not_picked":["hermit:Roulette+1","hermit:Vantage+1"],"picked":"hermit:Dive+1","floor":32}],"player_experience":533560,"relics_obtained":[{"floor":9,"key":"Orichalcum"},{"floor":12,"key":"Centennial Puzzle"},{"floor":23,"key":"Kunai"},{"floor":26,"key":"MealTicket"},{"floor":30,"key":"Toxic Egg 2"},{"floor":31,"key":"hermit:CharredGlove"}],"event_choices":[{"damage_healed":0,"gold_gain":0,"player_choice":"Bought 2 Potions","damage_taken":0,"max_hp_gain":0,"max_hp_loss":0,"event_name":"The Woman in Blue","floor":5,"gold_loss":0},{"damage_healed":0,"gold_gain":0,"player_choice":"Entered Light","damage_taken":15,"max_hp_gain":0,"max_hp_loss":0,"event_name":"Shining Light","floor":13,"gold_loss":0,"cards_upgraded":["hermit:Ricochet","hermit:Strike_Hermit"]},{"damage_healed":18,"gold_gain":0,"player_choice":"Healed","damage_taken":0,"max_hp_gain":0,"max_hp_loss":0,"event_name":"The Cleric","floor":14,"gold_loss":35},{"damage_healed":0,"gold_gain":0,"player_choice":"Ignored","damage_taken":0,"max_hp_gain":0,"max_hp_loss":0,"event_name":"Purifier","floor":21,"gold_loss":0},{"cards_removed":["hermit:LowProfile"],"damage_healed":0,"gold_gain":0,"player_choice":"Took Card","damage_taken":0,"max_hp_gain":0,"max_hp_loss":0,"event_name":"NoteForYourself","floor":25,"gold_loss":0,"cards_obtained":["Defend_B"]},{"damage_healed":0,"gold_gain":0,"player_choice":"Joined the Cult","damage_taken":6,"max_hp_gain":0,"max_hp_loss":0,"event_name":"Nest","floor":28,"gold_loss":0,"cards_obtained":["RitualDagger"]}],"is_beta":false,"boss_relics":[{"not_picked":["Sozu","Coffee Dripper"],"picked":"sneckomod:SneckoTalon"}],"items_purged_floors":[],"is_endless":false,"potions_floor_spawned":[1,16,19,23],"killed_by":"Automaton","ascension_level":0}}