{"host":"k85tjwrh7mjrrc9a","time":1609451738,"event":{"mods":["AchievementEnabler","BaseMod","Colored Powertips","Highlight Path","Minty Spire (QoL Compilation)","Rare Cards Sparkle","StSLib"],"gold_per_floor":[115,115,115,40,64,64,103,115,152,177,189,214,226,273,285,297,297],"floor_reached":16,"playtime":939,"items_purged":["Regret"],"score":119,"play_id":"d4a3635a-c38e-4771-9131-153e5d1a5267","local_time":"20201231165538","is_ascension_mode":true,"campfire_choices":[{"data":"Zap","floor":6,"key":"SMITH"},{"data":"Coolheaded","floor":8,"key":"SMITH"},{"floor":13,"key":"REST"},{"data":"Turbo","floor":15,"key":"SMITH"}],"circlet_count":0,"master_deck":["Strike_B","Strike_B","Strike_B","Strike_B","Defend_B","Defend_B","Defend_B+1","Defend_B","Zap+1","Dualcast","Consume","Injury","Coolheaded+1","Seek+1","Turbo+1","Loop","Steam"],"relics":["Cracked Core","Nunchaku","Singing Bowl","Golden Idol","MawBank","War Paint","Pear"],"acts_visited":["Exordium"],"potions_floor_usage":[16,16,16],"damage_taken":[{"damage":7,"enemies":"Jaw Worm","floor":1,"turns":3},{"damage":4,"enemies":"2 Louse","floor":5,"turns":2},{"damage":22,"enemies":"3 Sentries","floor":7,"turns":7},{"damage":4,"enemies":"Small Slimes","floor":10,"turns":4},{"damage":6,"enemies":"Blue Slaver","floor":12,"turns":3},{"damage":15,"enemies":"Lagavulin","floor":14,"turns":8},{"damage":55,"enemies":"Slime Boss","floor":16,"turns":10}],"seed_played":"-783588348335497000","potions_obtained":[{"floor":1,"key":"Regen Potion"},{"floor":7,"key":"ColorlessPotion"},{"floor":12,"key":"FearPotion"}],"is_trial":false,"path_per_floor":["M","?","?","$","M","R","E","R","T","M","$","M","R","E","R","B"],"character_chosen":"DEFECT","items_purchased":[],"campfire_rested":1,"item_purchase_floors":[],"current_hp_per_floor":[68,68,68,68,64,64,42,42,42,38,38,32,54,49,49,0,0],"gold":297,"neow_bonus":"RANDOM_COMMON_RELIC","is_daily":false,"chose_seed":false,"campfire_upgraded":3,"win_rate":0.0,"timestamp":1609451738,"path_taken":["M","?","?","$","M","R","E","R","T","M","?","M","R","E","R","BOSS"],"items_purchased_type":[],"build_version":"2020-12-22","purchased_purges":1,"victory":false,"max_hp_per_floor":[75,75,75,75,75,75,75,75,75,75,75,75,75,85,85,85,85],"card_choices":[{"not_picked":["Tempest","Reinforced Body"],"picked":"Consume","floor":1},{"not_picked":["Darkness","Reprogram"],"picked":"Coolheaded","floor":5},{"not_picked":["Darkness","Reboot"],"picked":"Seek","floor":7},{"not_picked":["Ball Lightning","Beam Cell"],"picked":"Turbo","floor":10},{"not_picked":["Streamline","FTL"],"picked":"Loop","floor":12},{"not_picked":["Meteor Strike","Cold Snap"],"picked":"Steam","floor":14}],"player_experience":103273,"relics_obtained":[{"floor":7,"key":"MawBank"},{"floor":9,"key":"War Paint"},{"floor":14,"key":"Pear"}],"event_choices":[{"damage_healed":0,"gold_gain":0,"player_choice":"Box","damage_taken":0,"relics_obtained":["Singing Bowl"],"max_hp_gain":0,"max_hp_loss":0,"event_name":"Big Fish","floor":2,"gold_loss":0,"cards_obtained":["Regret"]},{"damage_healed":0,"gold_gain":0,"player_choice":"Take Wound","damage_taken":0,"relics_obtained":["Golden Idol"],"max_hp_gain":0,"max_hp_loss":0,"event_name":"Golden Idol","floor":3,"gold_loss":0,"cards_obtained":["Injury"]}],"is_beta":false,"boss_relics":[],"items_purged_floors":[4],"is_endless":false,"potions_floor_spawned":[1,7,12],"killed_by":"Slime Boss","ascension_level":2}}