{"host":"56ghxnzsglgdq727","time":1609389485,"event":{"mods":["AchievementEnabler","BaseMod","Minty Spire (QoL Compilation)"],"gold_per_floor":[116,68,18,18,118,152,3,40,108,108,46,46,63,85,85,197,197,214,214,241,81,98,98,48,48,48,74,74,74],"floor_reached":28,"playtime":557,"items_purged":[],"score":307,"play_id":"fd337319-29db-4c50-916a-b0eb23103da2","local_time":"20201230233805","is_ascension_mode":true,"campfire_choices":[{"data":"Streamline","floor":10,"key":"SMITH"},{"data":"Scrape","floor":12,"key":"SMITH"},{"data":"Beam Cell","floor":15,"key":"SMITH"},{"data":"Zap","floor":23,"key":"SMITH"},{"data":"Self Repair","floor":25,"key":"SMITH"}],"circlet_count":0,"master_deck":["Strike_B","Strike_B","Strike_B","Defend_B","Defend_B","Defend_B","Defend_B","Zap+1","Beam Cell+1","Go for the Eyes","Streamline+1","Scrape+1","Go for the Eyes","Seek","Self Repair+1","Sadistic Nature"],"relics":["Cracked Core","NeowsBlessing","CeramicFish","Vajra","Pear","Black Star","Nloth\u0027s Gift","Sundial","Potion Belt","Blue Candle"],"acts_visited":["Exordium","TheCity"],"potions_floor_usage":[16,22,22,22],"damage_taken":[{"damage":0,"enemies":"Jaw Worm","floor":1,"turns":1},{"damage":0,"enemies":"3 Sentries","floor":6,"turns":1},{"damage":0,"enemies":"Gremlin Nob","floor":8,"turns":1},{"damage":0,"enemies":"Small Slimes","floor":13,"turns":2},{"damage":0,"enemies":"Cultist","floor":14,"turns":2},{"damage":2,"enemies":"Slime Boss","floor":16,"turns":6},{"damage":20,"enemies":"Shell Parasite","floor":18,"turns":5},{"damage":21,"enemies":"2 Thieves","floor":20,"turns":4},{"damage":2,"enemies":"Centurion and Healer","floor":22,"turns":4},{"damage":33,"enemies":"Slavers","floor":27,"turns":5},{"damage":25,"enemies":"Shelled Parasite and Fungi","floor":28,"turns":3}],"seed_played":"9176683773029584769","potions_obtained":[{"floor":8,"key":"FearPotion"},{"floor":14,"key":"GamblersBrew"},{"floor":16,"key":"FearPotion"},{"floor":18,"key":"FearPotion"},{"floor":27,"key":"DuplicationPotion"}],"is_trial":false,"path_per_floor":["M","$","?","?","?","E","$","E","T","R","$","R","M","M","R","B",null,"M","?","M","$","M","R","?","R","T","E","M"],"character_chosen":"DEFECT","items_purchased":["Go for the Eyes","Vajra","Scrape","Sadistic Nature"],"campfire_rested":0,"item_purchase_floors":[2,7,11,21],"current_hp_per_floor":[75,75,75,68,68,68,68,78,78,78,78,78,78,78,78,76,85,65,65,44,44,49,49,49,49,49,26,1,1],"gold":74,"neow_bonus":"THREE_ENEMY_KILL","is_daily":false,"chose_seed":false,"campfire_upgraded":5,"win_rate":0.0,"timestamp":1609389485,"path_taken":["M","$","?","?","?","E","$","E","T","R","$","R","M","?","R","BOSS","M","?","M","$","?","R","?","R","T","E","M"],"items_purchased_type":["Card","Relic","Card","Card"],"build_version":"2020-12-22","purchased_purges":0,"victory":false,"max_hp_per_floor":[75,75,75,75,75,75,75,85,85,85,85,85,85,85,85,85,85,85,85,85,85,85,85,85,85,85,85,85,85],"card_choices":[{"not_picked":["Ball Lightning","White Noise"],"picked":"Beam Cell","floor":1},{"not_picked":["Chaos","Tempest","Redo"],"picked":"SKIP","floor":6},{"not_picked":["Sweeping Beam","Sunder"],"picked":"Streamline","floor":8},{"not_picked":["Steam","Compile Driver","Capacitor"],"picked":"SKIP","floor":13},{"not_picked":["Conserve Battery","Double Energy"],"picked":"Go for the Eyes","floor":14},{"not_picked":["Hyperbeam","Amplify"],"picked":"Seek","floor":16},{"not_picked":["Steam Power","Reinforced Body","Barrage"],"picked":"SKIP","floor":18},{"not_picked":["Consume","Capacitor"],"picked":"Self Repair","floor":20},{"not_picked":["Chaos+1","Compile Driver","Thunder Strike"],"picked":"SKIP","floor":22},{"not_picked":["Consume+1","Lockon+1","Rebound"],"picked":"SKIP","floor":27}],"player_experience":66267,"relics_obtained":[{"floor":6,"key":"CeramicFish"},{"floor":8,"key":"Pear"},{"floor":9,"key":"Gremlin Horn"},{"floor":26,"key":"Sundial"},{"floor":27,"key":"Potion Belt"},{"floor":27,"key":"Blue Candle"}],"event_choices":[{"cards_removed":["Dualcast"],"damage_healed":0,"gold_gain":0,"player_choice":"Card Removal","damage_taken":0,"max_hp_gain":0,"max_hp_loss":0,"event_name":"The Cleric","floor":3,"gold_loss":50},{"cards_removed":["Strike_B"],"damage_healed":0,"gold_gain":0,"player_choice":"Card Removal","damage_taken":7,"max_hp_gain":0,"max_hp_loss":0,"event_name":"Golden Wing","floor":4,"gold_loss":0},{"damage_healed":0,"gold_gain":100,"player_choice":"Pray","damage_taken":0,"max_hp_gain":0,"max_hp_loss":0,"event_name":"Golden Shrine","floor":5,"gold_loss":0},{"damage_healed":0,"gold_gain":0,"player_choice":"Traded Relic","damage_taken":0,"relics_obtained":["Nloth\u0027s Gift"],"max_hp_gain":0,"max_hp_loss":0,"event_name":"N\u0027loth","floor":19,"relics_lost":["Gremlin Horn"],"gold_loss":0},{"damage_healed":0,"gold_gain":0,"player_choice":"Bet on Murderer","damage_taken":0,"max_hp_gain":0,"max_hp_loss":0,"event_name":"The Joust","floor":24,"gold_loss":50}],"is_beta":false,"boss_relics":[{"not_picked":["Snecko Eye","Sozu"],"picked":"Black Star"}],"items_purged_floors":[],"is_endless":false,"potions_floor_spawned":[8,14,16,18,27],"killed_by":"Shelled Parasite and Fungi","ascension_level":1}}