{"host":"ifkniheryhug0h86","time":1609437179,"event":{"mods":["AchievementEnabler","BaseMod","Block Reminder","Colored Map","Colored Powertips","DeckTracker","Downfall","Googly Eyes","Highlight Path","Hubris","Infinite Spire","Minty Spire (QoL Compilation)","Quick Restart","Relic Sorter","Relic Stats","StSLib","The Construct","The Necromancer"],"gold_per_floor":[113,127,82,100,110,145,145,320,370,405,415,415,432,432,432,536,586,604,620,545,562,574,574,574],"floor_reached":23,"playtime":1704,"items_purged":["Strike_R"],"score":204,"play_id":"f4114c49-d09c-4a05-a0af-57004979f20f","local_time":"20201231125259","is_ascension_mode":false,"campfire_choices":[{"data":"Body Slam","floor":7,"key":"SMITH"},{"floor":15,"key":"REST"}],"circlet_count":0,"master_deck":["Strike_R","Strike_R+1","Strike_R","Strike_R","Defend_R","Defend_R","Defend_R","Defend_R","Bash","Body Slam+1","Anger","Shrug It Off","Armaments","Shrug It Off","Cleave","Shrug It Off","Barricade","Stop_Heart","hubris:StunningStrike","Anger","infinitespire:OneForAll","Clothesline","Summon_Undead","Entrench"],"relics":["Burning Blood","Sundial","hubris:ChampionShield","hubris:GlazedTorus","hubris:DisguiseKit","Spirit Poop","Tiny House"],"acts_visited":["Exordium","TheCity"],"potions_floor_usage":[6,11,16,16,21],"damage_taken":[{"damage":7,"enemies":"Small Slimes","floor":1,"turns":4},{"damage":0,"enemies":"2 Louse","floor":2,"turns":3},{"damage":1,"enemies":"Cultist","floor":4,"turns":4},{"damage":0,"enemies":"3 Louse","floor":5,"turns":4},{"damage":42,"enemies":"Gremlin Nob","floor":6,"turns":5},{"damage":28,"enemies":"3 Sentries","floor":10,"turns":9},{"damage":10,"enemies":"Large Slime","floor":11,"turns":5},{"damage":0,"enemies":"Blue Slaver","floor":13,"turns":4},{"damage":16,"enemies":"Hexaghost","floor":16,"turns":8},{"damage":34,"enemies":"2 Thieves","floor":18,"turns":5},{"damage":25,"enemies":"Shell Parasite","floor":19,"turns":8},{"damage":8,"enemies":"Centurion and Healer","floor":21,"turns":10},{"damage":20,"enemies":"Snecko","floor":22,"turns":5},{"damage":34,"enemies":"Gremlin Leader","floor":23,"turns":2}],"seed_played":"3346678398566146375","potions_obtained":[{"floor":4,"key":"DuplicationPotion"},{"floor":6,"key":"hexamod:EctoCoolerPotion"},{"floor":10,"key":"Explosive Potion"},{"floor":13,"key":"Explosive Potion"},{"floor":17,"key":"EssenceOfSteel"},{"floor":18,"key":"Weak Potion"}],"is_trial":false,"path_per_floor":["M","M","$","M","M","E","R","?","T","E","M","?","M","?","R","B",null,"M","M","$","M","M","E"],"character_chosen":"IRONCLAD","items_purchased":["Shrug It Off"],"campfire_rested":1,"item_purchase_floors":[3],"current_hp_per_floor":[87,88,88,88,88,52,52,52,52,30,26,26,32,32,58,48,93,65,46,46,44,30,0,0],"gold":574,"neow_bonus":"TEN_PERCENT_HP_BONUS","is_daily":false,"chose_seed":false,"campfire_upgraded":1,"win_rate":0.0,"timestamp":1609437179,"path_taken":["M","M","$","M","M","E","R","?","T","E","M","?","M","?","R","BOSS","M","M","?","M","M","E"],"items_purchased_type":["Card"],"build_version":"2020-12-22","purchased_purges":1,"victory":false,"max_hp_per_floor":[88,88,88,88,88,88,88,88,88,88,88,88,88,88,88,88,93,93,93,93,93,93,93,93],"relic_stats":{"counters":[14,76],"Sundial":[8],"obtain_stats":[{"hubris:DisguiseKit":12,"Tiny House":17,"Sundial":6,"Spirit Poop":14,"hubris:ChampionShield":9,"Burning Blood":0,"hubris:GlazedTorus":10},{"hubris:DisguiseKit":7,"Tiny House":9,"Sundial":5,"Spirit Poop":8,"hubris:ChampionShield":5,"Burning Blood":0,"hubris:GlazedTorus":6},{"hubris:DisguiseKit":34,"Tiny House":46,"Sundial":20,"Spirit Poop":38,"hubris:ChampionShield":20,"Burning Blood":0,"hubris:GlazedTorus":29}],"Burning Blood":62},"card_choices":[{"not_picked":["Clash","Sever Soul"],"picked":"Body Slam","floor":1},{"not_picked":["Searing Blow","Flex"],"picked":"Anger","floor":2},{"not_picked":["hubris:ReadiedAction","Sword Boomerang"],"picked":"Armaments","floor":4},{"not_picked":["Sword Boomerang","Warcry"],"picked":"Shrug It Off","floor":5},{"not_picked":["Twin Strike","Power Through"],"picked":"Cleave","floor":6},{"not_picked":["Perfected Strike","Power Through"],"picked":"Shrug It Off","floor":10},{"not_picked":["Searing Blow","Cleave"],"picked":"Barricade","floor":11},{"not_picked":["Sword Boomerang","Perfected Strike","Sever Soul"],"picked":"Stop_Heart","floor":13},{"not_picked":["Offering","Barricade","Blood_Wake"],"picked":"hubris:StunningStrike","floor":16},{"not_picked":["Power Through","Pommel Strike","Bone_Bullets"],"picked":"Anger","floor":17},{"not_picked":["Pommel Strike","Clash+1","Bone_Shift"],"picked":"infinitespire:OneForAll","floor":18},{"not_picked":["Perfected Strike","hubris:CleavingFinish","Blood_Whip"],"picked":"Clothesline","floor":19},{"not_picked":["hubris:ReadiedAction","Blood for Blood+1","Warcry"],"picked":"Summon_Undead","floor":21},{"not_picked":["Rampage","Sword Boomerang","Negative_Energy_Mist"],"picked":"Entrench","floor":22}],"player_experience":14001,"relics_obtained":[{"floor":6,"key":"Sundial"},{"floor":9,"key":"hubris:ChampionShield"},{"floor":10,"key":"hubris:GlazedTorus"},{"floor":12,"key":"hubris:DisguiseKit"}],"event_choices":[{"damage_healed":0,"gold_gain":175,"player_choice":"AGREE","damage_taken":0,"max_hp_gain":0,"max_hp_loss":0,"event_name":"Liars Game","floor":8,"gold_loss":0,"cards_obtained":["Doubt"]},{"cards_removed":["Doubt"],"damage_healed":0,"gold_gain":0,"player_choice":"Offered Curse","damage_taken":0,"relics_obtained":["Spirit Poop"],"max_hp_gain":0,"max_hp_loss":0,"event_name":"Bonfire Elementals","floor":14,"gold_loss":0}],"is_beta":false,"boss_relics":[{"not_picked":["SacredBark","Runic Cube"],"picked":"Tiny House"}],"items_purged_floors":[20],"is_endless":false,"potions_floor_spawned":[4,6,10,13,18],"killed_by":"Gremlin Leader","ascension_level":0}}