{"host":"3qkmyeoym75lj4wn","time":1609419409,"event":{"mods":["2.2 Compatiblity","BaseMod","Block Reminder","Colored Powertips","Highlight Path","Minty Spire (QoL Compilation)","Permanent Neow","Potion Indicator Mod","Rare Cards Sparkle","Relic Stats","StSLib"],"gold_per_floor":[118,135,135,149,165,194,194,211,211,0,28,28,28,28],"floor_reached":13,"playtime":399,"items_purged":[],"score":190,"play_id":"c2805ac1-8e22-4302-be46-ee97ef7d5a6f","local_time":"20201231125649","is_ascension_mode":true,"campfire_choices":[{"data":"Footwork","floor":7,"key":"SMITH"}],"circlet_count":0,"master_deck":["AscendersBane","Strike_G","Strike_G","Strike_G","Strike_G","Strike_G","Defend_G","Defend_G","Defend_G","Defend_G","Defend_G","Survivor","Neutralize","Corpse Explosion","Footwork+1","Masterful Stab","Infinite Blades","Dagger Spray","Die Die Die","Well Laid Plans","Crippling Poison","Pain"],"relics":["Ring of the Snake","Mercury Hourglass","Gremlin Horn","HandDrill","Girya","WarpedTongs"],"acts_visited":["Exordium"],"potions_floor_usage":[6,11],"damage_taken":[{"damage":1,"enemies":"2 Louse","floor":1,"turns":2},{"damage":0,"enemies":"Small Slimes","floor":2,"turns":4},{"damage":0,"enemies":"Cultist","floor":4,"turns":4},{"damage":0,"enemies":"Looter","floor":5,"turns":4},{"damage":17,"enemies":"3 Sentries","floor":6,"turns":5},{"damage":0,"enemies":"3 Louse","floor":8,"turns":1},{"damage":16,"enemies":"Lagavulin","floor":11,"turns":6},{"damage":27,"enemies":"Gremlin Nob","floor":13,"turns":3}],"seed_played":"1349430869143852514","potions_obtained":[{"floor":5,"key":"Fire Potion"},{"floor":6,"key":"Fire Potion"}],"is_trial":false,"path_per_floor":["M","M","?","M","M","E","R","M","T","$","E","?","E"],"character_chosen":"THE_SILENT","items_purchased":["HandDrill","Well Laid Plans"],"campfire_rested":0,"item_purchase_floors":[10,10],"current_hp_per_floor":[58,58,58,58,58,41,41,41,41,41,25,25,0,0],"gold":28,"neow_bonus":"ONE_RANDOM_RARE_CARD","is_daily":false,"chose_seed":false,"campfire_upgraded":1,"win_rate":0.0,"timestamp":1609419409,"path_taken":["M","M","?","M","M","E","R","M","T","$","E","?","E"],"items_purchased_type":["Relic","Card"],"build_version":"2020-12-22","purchased_purges":0,"victory":false,"max_hp_per_floor":[66,66,66,66,66,66,66,66,66,66,66,66,66,66],"relic_stats":{"Gremlin Horn":[0,0],"counters":[8,29],"HandDrill":[2],"obtain_stats":[{"Girya":11,"Gremlin Horn":9,"HandDrill":10,"Ring of the Snake":0,"Mercury Hourglass":6,"WarpedTongs":12},{"Girya":7,"Gremlin Horn":6,"HandDrill":6,"Ring of the Snake":0,"Mercury Hourglass":5,"WarpedTongs":7},{"Girya":26,"Gremlin Horn":20,"HandDrill":20,"Ring of the Snake":0,"Mercury Hourglass":19,"WarpedTongs":26}],"Ring of the Snake":[16],"Mercury Hourglass":[27],"WarpedTongs":[3]},"card_choices":[{"not_picked":["Dodge and Roll","Flying Knee"],"picked":"Footwork","floor":1},{"not_picked":["Sucker Punch","Flying Knee"],"picked":"Masterful Stab","floor":2},{"not_picked":["Cloak And Dagger","Bane"],"picked":"Infinite Blades","floor":4},{"not_picked":["Dagger Throw","Deadly Poison"],"picked":"Dagger Spray","floor":5},{"not_picked":["Calculated Gamble","Blade Dance"],"picked":"Die Die Die","floor":6},{"not_picked":["Masterful Stab","Cloak And Dagger","Underhanded Strike"],"picked":"SKIP","floor":8},{"not_picked":["Infinite Blades","Heel Hook"],"picked":"Crippling Poison","floor":11}],"player_experience":1622753,"relics_obtained":[{"floor":6,"key":"Mercury Hourglass"},{"floor":9,"key":"Gremlin Horn"},{"floor":11,"key":"Girya"}],"event_choices":[{"damage_healed":0,"gold_gain":0,"player_choice":"Ignored","damage_taken":0,"max_hp_gain":0,"max_hp_loss":0,"event_name":"Shining Light","floor":3,"gold_loss":0},{"damage_healed":0,"gold_gain":0,"player_choice":"Rummage","damage_taken":0,"relics_obtained":["WarpedTongs"],"max_hp_gain":0,"max_hp_loss":0,"event_name":"Accursed Blacksmith","floor":12,"gold_loss":0,"cards_obtained":["Pain"]}],"is_beta":false,"boss_relics":[],"items_purged_floors":[],"is_endless":false,"potions_floor_spawned":[5,6],"killed_by":"Gremlin Nob","ascension_level":20}}