{"host":"l60rmjjsfi0fipmi","time":1609424491,"event":{"mods":["BaseMod","Colored Map","DeckTracker","Highlight Path","Minty Spire (QoL Compilation)"],"gold_per_floor":[115,128,128,141,141,141,171,183,209,209,244,254,272,52,52,155,155,169,16,16,26,26,26,36,36,36,36,48,83,83,111,111,206,206,223,235,235,34,84,84,95,114,138,138,151,170,170,181,181,181],"floor_reached":51,"playtime":6122,"items_purged":["Defend_G","Defend_G"],"score":674,"play_id":"2dad2202-e79b-45bc-a0ee-21022e64a620","local_time":"20201231092131","is_ascension_mode":false,"campfire_choices":[{"data":"Neutralize","floor":6.0,"key":"SMITH"},{"data":"Accuracy","floor":10.0,"key":"SMITH"},{"data":"Terror","floor":15.0,"key":"SMITH"},{"data":"Footwork","floor":23.0,"key":"SMITH"},{"data":"A Thousand Cuts","floor":25.0,"key":"SMITH"},{"floor":27.0,"key":"REST"},{"data":"Blade Dance","floor":30.0,"key":"SMITH"},{"data":"Dodge and Roll","floor":32.0,"key":"SMITH"},{"data":"Infinite Blades","floor":40.0,"key":"SMITH"},{"data":"Phantasmal Killer","floor":47.0,"key":"SMITH"},{"floor":49,"key":"REST"}],"circlet_count":0,"master_deck":["Strike_G","Strike_G","Defend_G","Defend_G","Defend_G","Survivor","Neutralize+1","Cloak And Dagger","Blade Dance+1","Accuracy+1","Dagger Spray","Dodge and Roll+1","Terror+1","Well Laid Plans","A Thousand Cuts+1","Footwork+1","Necronomicurse","Dodge and Roll","Blade Dance","Infinite Blades+1","Blade Dance","Blade Dance","Phantasmal Killer+1","Infinite Blades+1","Backstab"],"relics":["Ring of the Serpent","Centennial Puzzle","Dream Catcher","Regal Pillow","Anchor","Sozu","Necronomicon","Mummified Hand","Happy Flower","Snake Skull","Thread and Needle","Ancient Tea Set"],"acts_visited":["Exordium","TheCity","TheBeyond"],"potions_floor_usage":[],"damage_taken":[{"damage":0.0,"enemies":"Small Slimes","floor":1.0,"turns":4.0},{"damage":0.0,"enemies":"Cultist","floor":2.0,"turns":4.0},{"damage":0.0,"enemies":"2 Louse","floor":4.0,"turns":4.0},{"damage":11.0,"enemies":"3 Sentries","floor":7.0,"turns":10.0},{"damage":0.0,"enemies":"Blue Slaver","floor":8.0,"turns":3.0},{"damage":2.0,"enemies":"Lagavulin","floor":11.0,"turns":8.0},{"damage":0.0,"enemies":"2 Fungi Beasts","floor":12.0,"turns":4.0},{"damage":5.0,"enemies":"Lots of Slimes","floor":13.0,"turns":3.0},{"damage":5.0,"enemies":"Hexaghost","floor":16.0,"turns":8.0},{"damage":0.0,"enemies":"3 Byrds","floor":18.0,"turns":4.0},{"damage":6.0,"enemies":"Chosen","floor":21.0,"turns":5.0},{"damage":2.0,"enemies":"3 Cultists","floor":24.0,"turns":5.0},{"damage":0.0,"enemies":"Snake Plant","floor":28.0,"turns":4.0},{"damage":5.0,"enemies":"Book of Stabbing","floor":29.0,"turns":5.0},{"damage":1.0,"enemies":"Slavers","floor":31.0,"turns":3.0},{"damage":49.0,"enemies":"Champ","floor":33.0,"turns":13.0},{"damage":0.0,"enemies":"Orb Walker","floor":35.0,"turns":3.0},{"damage":13.0,"enemies":"3 Darklings","floor":36.0,"turns":3.0},{"damage":0.0,"enemies":"Mind Bloom Boss Battle","floor":39.0,"turns":5.0},{"damage":0.0,"enemies":"Spire Growth","floor":41.0,"turns":4.0},{"damage":5.0,"enemies":"Sphere and 2 Shapes","floor":42.0,"turns":3.0},{"damage":6.0,"enemies":"Maw","floor":45.0,"turns":5.0},{"damage":4.0,"enemies":"4 Shapes","floor":46.0,"turns":2.0},{"damage":18.0,"enemies":"Sphere and 2 Shapes","floor":48.0,"turns":4.0},{"damage":46,"enemies":"Time Eater","floor":50,"turns":9}],"seed_played":"7487776642442203814","potions_obtained":[{"floor":2.0,"key":"FairyPotion"},{"floor":4.0,"key":"Poison Potion"},{"floor":12.0,"key":"LiquidBronze"}],"is_trial":false,"path_per_floor":["M","M","?","M","?","R","E","M","T","R","E","M","M","$","R","B",null,"M","$","?","M","?","R","M","R","T","R","M","E","R","E","R","B",null,"M","M","?","$","?","R","M","M","T","?","M","M","R","M","R","B",null],"character_chosen":"THE_SILENT","items_purchased":["Well Laid Plans","Anchor","Footwork","Infinite Blades","Blade Dance"],"campfire_rested":2,"item_purchase_floors":[14,14,19,38,38],"current_hp_per_floor":[77,77,70,70,70,70,59,59,59,59,57,57,52,52,52,47,77,77,77,61,55,55,55,53,53,53,77,77,72,72,71,71,22,77,77,64,64,64,64,64,64,59,59,59,53,49,49,31,69,23],"gold":181,"neow_bonus":"TEN_PERCENT_HP_BONUS","is_daily":false,"chose_seed":false,"campfire_upgraded":9,"win_rate":0.0,"timestamp":1609424491,"path_taken":["M","M","?","M","?","R","E","M","T","R","E","M","M","$","R","BOSS","M","$","?","M","?","R","M","R","T","R","?","E","R","E","R","BOSS","M","M","?","$","?","R","M","M","T","?","M","M","R","M","R","BOSS"],"items_purchased_type":["Card","Relic","Card","Card","Card"],"build_version":"2020-12-22","purchased_purges":2,"victory":true,"max_hp_per_floor":[77,77,77,77,77,77,77,77,77,77,77,77,77,77,77,77,77,77,77,77,77,77,77,77,77,77,77,77,77,77,77,77,77,77,77,77,77,77,77,77,77,77,77,77,77,77,77,77,77,77],"card_choices":[{"not_picked":["Dagger Throw","Acrobatics"],"picked":"Cloak And Dagger","floor":1.0},{"not_picked":["Backflip","Sucker Punch"],"picked":"Blade Dance","floor":2.0},{"not_picked":["Quick Slash","Blade Dance"],"picked":"Accuracy","floor":4.0},{"not_picked":["Acrobatics","Prepared"],"picked":"Dagger Spray","floor":7.0},{"not_picked":["Reflex","Caltrops"],"picked":"Dodge and Roll","floor":8.0},{"not_picked":["Accuracy","Reflex","Bane"],"picked":"SKIP","floor":11.0},{"not_picked":["Deadly Poison","Burst"],"picked":"Terror","floor":12.0},{"not_picked":["Dash","Distraction","Deflect"],"picked":"SKIP","floor":13.0},{"not_picked":["Envenom","Bullet Time"],"picked":"A Thousand Cuts","floor":16.0},{"not_picked":["Quick Slash+1","Flechettes","Underhanded Strike"],"picked":"SKIP","floor":18.0},{"not_picked":["Deflect","Flying Knee","Leg Sweep"],"picked":"SKIP","floor":21.0},{"not_picked":["Slice","Quick Slash","Expertise"],"picked":"SKIP","floor":24.0},{"not_picked":["Poisoned Stab","Dagger Throw"],"picked":"Flying Knee+1","floor":27.0},{"not_picked":["Deflect","Sucker Punch","A Thousand Cuts"],"picked":"SKIP","floor":28.0},{"not_picked":["Accuracy","PiercingWail","Acrobatics+1"],"picked":"SKIP","floor":29.0},{"not_picked":["Reflex","Sucker Punch+1","Catalyst"],"picked":"SKIP","floor":31.0},{"not_picked":["Dagger Throw+1","Deadly Poison+1","Catalyst+1"],"picked":"SKIP","floor":35.0},{"not_picked":["Riddle With Holes+1","Deadly Poison+1"],"picked":"Blade Dance","floor":36.0},{"not_picked":["Choke","Blur"],"picked":"Blade Dance","floor":41.0},{"not_picked":["Acrobatics+1","Eviscerate"],"picked":"Phantasmal Killer","floor":42.0},{"not_picked":["Flying Knee","Backflip+1","Dagger Spray"],"picked":"SKIP","floor":45.0},{"not_picked":["Dodge and Roll","Dagger Spray"],"picked":"Backstab","floor":46.0},{"not_picked":["Flying Knee","Terror+1","Deflect"],"picked":"SKIP","floor":48.0}],"player_experience":129340,"relics_obtained":[{"floor":7.0,"key":"Centennial Puzzle"},{"floor":9.0,"key":"Dream Catcher"},{"floor":11.0,"key":"Regal Pillow"},{"floor":20.0,"key":"Necronomicon"},{"floor":26.0,"key":"Mummified Hand"},{"floor":29.0,"key":"Happy Flower"},{"floor":31.0,"key":"Snake Skull"},{"floor":39.0,"key":"Thread and Needle"},{"floor":43.0,"key":"Ancient Tea Set"}],"event_choices":[{"cards_removed":["Strike_G"],"damage_healed":0.0,"max_hp_gain":0.0,"max_hp_loss":0.0,"gold_gain":0.0,"event_name":"Golden Wing","player_choice":"Card Removal","floor":3.0,"gold_loss":0.0,"damage_taken":7.0},{"cards_removed":["Strike_G"],"damage_healed":0.0,"max_hp_gain":0.0,"max_hp_loss":0.0,"gold_gain":0.0,"event_name":"Purifier","player_choice":"Purged","floor":5.0,"gold_loss":0.0,"damage_taken":0.0},{"damage_healed":0.0,"max_hp_gain":0.0,"max_hp_loss":0.0,"gold_gain":0.0,"event_name":"Cursed Tome","player_choice":"Obtained Book","floor":20.0,"gold_loss":0.0,"damage_taken":16.0},{"damage_healed":0.0,"max_hp_gain":0.0,"max_hp_loss":0.0,"gold_gain":0.0,"cards_transformed":["Strike_G"],"event_name":"Transmorgrifier","player_choice":"Transformed","floor":22.0,"gold_loss":0.0,"damage_taken":0.0,"cards_obtained":["Dodge and Roll"]},{"cards_removed":["Flying Knee"],"damage_healed":0.0,"max_hp_gain":0.0,"max_hp_loss":0.0,"gold_gain":0.0,"event_name":"Falling","player_choice":"Removed Attack","floor":37.0,"gold_loss":0.0,"damage_taken":0.0},{"damage_healed":0.0,"max_hp_gain":0.0,"max_hp_loss":0.0,"gold_gain":0.0,"event_name":"MindBloom","player_choice":"Fight","floor":39.0,"gold_loss":0.0,"damage_taken":0.0},{"damage_healed":0.0,"max_hp_gain":0.0,"max_hp_loss":0.0,"gold_gain":0.0,"event_name":"Duplicator","player_choice":"Copied","floor":44.0,"gold_loss":0.0,"damage_taken":0.0,"cards_obtained":["Infinite Blades"]}],"is_beta":false,"boss_relics":[{"not_picked":["Philosopher\u0027s Stone","Busted Crown"],"picked":"Sozu"},{"not_picked":["Snecko Eye","Runic Pyramid"],"picked":"Ring of the Serpent"}],"items_purged_floors":[19,38],"is_endless":false,"potions_floor_spawned":[2,4,12,13,18,28,41,42,45,46],"ascension_level":0}}