{"host":"7t8rqoeeopyy0nh0","time":1609397395,"event":{"mods":["AchievementEnabler","BaseMod","Better Third Choice","BetterRewards","Colored Map","Colored Powertips","Conspire","Downfall","Hubris","Infinite Spire","Minty Spire (QoL Compilation)","Permanent Neow","Quick Restart","Rare Cards Sparkle","Replay The Spire","StSLib","The Jungle"],"gold_per_floor":[112,131,145,145,145,171,171,188,211,211,34,67,32,52,52,52,52],"floor_reached":16,"playtime":447,"items_purged":["Strike_R"],"score":171,"play_id":"8c929231-dc3d-408a-9ad1-527a0c0bfe7d","local_time":"20201231014955","is_ascension_mode":true,"campfire_choices":[{"data":"Bash","floor":7,"key":"SMITH"},{"floor":15,"key":"REST"}],"circlet_count":0,"master_deck":["AscendersBane","Strike_R","Strike_R","Strike_R","Strike_R","Defend_R","Defend_R","Defend_R","Defend_R","Bash+1","Metallicize","Pommel Strike","Twin Strike","Infernal Blade+1","Armaments","Rampage"],"relics":["Snecko Eye","hubris:Icosahedron","Juzu Bracelet","Replay:Wax Seal","Calipers","MealTicket"],"acts_visited":["Exordium"],"potions_floor_usage":[6,12],"damage_taken":[{"damage":0,"enemies":"Cultist","floor":1,"turns":2},{"damage":7,"enemies":"Jaw Worm","floor":2,"turns":2},{"damage":2,"enemies":"Small Slimes","floor":3,"turns":3},{"damage":23,"enemies":"Gremlin Nob","floor":6,"turns":4},{"damage":8,"enemies":"Blue Slaver","floor":8,"turns":2},{"damage":27,"enemies":"3 Sentries","floor":12,"turns":6},{"damage":5,"enemies":"Red Slaver","floor":14,"turns":3},{"damage":36,"enemies":"The Guardian","floor":16,"turns":10}],"seed_played":"7757637407364103806","potions_obtained":[{"floor":1,"key":"PowerPotion"},{"floor":2,"key":"SpeedPotion"},{"floor":3,"key":"Strength Potion"}],"is_trial":false,"path_per_floor":["M","M","M","T","?","E","R","M","T","T","$","E","?","M","R","B"],"character_chosen":"IRONCLAD","items_purchased":["Infernal Blade+1","Armaments"],"campfire_rested":1,"item_purchase_floors":[11,11],"current_hp_per_floor":[72,65,63,63,63,40,40,32,32,32,32,5,25,20,44,8,8],"gold":52,"neow_bonus":"BOSS_RELIC","is_daily":false,"chose_seed":false,"campfire_upgraded":1,"win_rate":0.0,"timestamp":1609397395,"path_taken":["M","M","M","?","?","E","R","M","T","?","$","E","?","M","R","BOSS"],"items_purchased_type":["Card","Card"],"build_version":"2020-12-22","purchased_purges":1,"victory":false,"max_hp_per_floor":[80,80,80,80,80,80,80,80,80,80,80,80,80,80,80,80,80],"card_choices":[{"not_picked":["Perfected Strike","Run Through"],"picked":"Metallicize","floor":1},{"not_picked":["Iron Wave","Headbutt"],"picked":"Pommel Strike","floor":2},{"not_picked":["Iron Wave","Juggernaut"],"picked":"Twin Strike","floor":3},{"not_picked":["Wild Strike","Power Through","Reckless Charge"],"picked":"SKIP","floor":6},{"not_picked":["ReplayTheSpireMod:Strike From Hell","Headbutt","Massacre"],"picked":"SKIP","floor":8},{"not_picked":["Wild Strike","Flex"],"picked":"Rampage","floor":12},{"not_picked":["Heavy Blade","ReplayTheSpireMod:LeadingStrike","Thunderclap"],"picked":"SKIP","floor":14}],"player_experience":371300,"relics_obtained":[{"floor":6,"key":"Juzu Bracelet"},{"floor":9,"key":"Replay:Wax Seal"},{"floor":10,"key":"Calipers"},{"floor":12,"key":"MealTicket"}],"event_choices":[{"damage_healed":20,"gold_gain":0,"player_choice":"Healed","damage_taken":0,"max_hp_gain":0,"max_hp_loss":0,"event_name":"The Cleric","floor":13,"gold_loss":35}],"is_beta":false,"boss_relics":[],"items_purged_floors":[11],"is_endless":false,"potions_floor_spawned":[1,2,3],"killed_by":"The Guardian","ascension_level":11}}