{"host":"ko4b5atusvmax52d","time":1609457959,"event":{"mods":["AchievementEnabler","Act Like it!","Aspiration","BaseMod","Better Third Choice","BetterRewards","Friendly Minions","Halation","Hermit","Hubris","Infinite Spire","Koishi","Marisa????????","Minty Spire (QoL Compilation)","Rare Cards Sparkle","Replay The Spire","Shade Mod","Spicy Shops","StSLib","SuperFastMode","The Animator","The Bug Knight","The Hierophant","The Senshi","The Wild Card","Wandering Minibosses","vexMod"],"gold_per_floor":[116,216,227,241,265,265,265],"floor_reached":6,"playtime":355,"items_purged":[],"score":38,"play_id":"c5303690-524f-4f37-8336-7d1dcf81c89e","local_time":"20210101003919","is_ascension_mode":false,"campfire_choices":[],"circlet_count":0,"master_deck":["animator:Strike_Konosuba","animator:Defend_Konosuba","animator:Strike","animator:Strike","animator:Strike","animator:Defend","animator:Defend","animator:Defend","animator:Kazuma","animator:Aqua","animator:Shichika","animator:Megumin+1"],"relics":["animator:TheMissingPiece","animator:PurgingStone","aspiration:DefectSkillbook"],"acts_visited":["Exordium"],"potions_floor_usage":[4],"damage_taken":[{"damage":0,"enemies":"2 Louse","floor":1,"turns":4},{"damage":3,"enemies":"Cultist","floor":3,"turns":6},{"damage":9,"enemies":"Jaw Worm","floor":4,"turns":3},{"damage":8,"enemies":"3 Louse","floor":5,"turns":5},{"damage":71,"enemies":"Gremlin Nob","floor":6,"turns":5}],"seed_played":"8808086170904754201","potions_obtained":[{"floor":1,"key":"AttackPotion"}],"is_trial":false,"path_per_floor":["M","?","M","M","M","E"],"character_chosen":"THE_ANIMATOR","items_purchased":[],"campfire_rested":0,"item_purchase_floors":[],"current_hp_per_floor":[66,66,63,56,50,0,0],"gold":265,"neow_bonus":"BOSS_RELIC","is_daily":false,"chose_seed":false,"campfire_upgraded":0,"win_rate":0.0,"timestamp":1609457959,"path_taken":["M","?","M","M","M","E"],"items_purchased_type":[],"build_version":"2020-12-22","purchased_purges":0,"victory":false,"max_hp_per_floor":[66,66,66,66,66,66,66],"card_choices":[{"not_picked":["Loop","animator:MumenRider","animator:GazelDwargon","animator:Konayuki"],"picked":"SKIP","floor":1},{"not_picked":["animator:Vanir","animator:MumenRider","animator:SayakaMiki","animator:Shion"],"picked":"SKIP","floor":3},{"not_picked":["animator:Togame","animator:Emonzaemon","animator:PandorasActor"],"picked":"animator:Shichika","floor":4},{"not_picked":["animator:Mitsurugi","animator:Aqua","animator:Verdia"],"picked":"animator:Megumin","floor":5}],"player_experience":241139,"relics_obtained":[],"event_choices":[{"damage_healed":0,"gold_gain":100,"player_choice":"Pray","damage_taken":0,"max_hp_gain":0,"max_hp_loss":0,"event_name":"Golden Shrine","floor":2,"gold_loss":0}],"is_beta":false,"boss_relics":[],"items_purged_floors":[],"is_endless":false,"potions_floor_spawned":[1],"killed_by":"Gremlin Nob","ascension_level":0}}