{"host":"wqsqub3crsxqknzv","time":1609455861,"event":{"mods":["BaseMod","Better Third Choice","Colored Powertips","Conspire","Hubris","Infinite Spire","Jedi Mod","Minty Spire (QoL Compilation)","Replay The Spire","StSLib"],"gold_per_floor":[109,119,119,44,64,64,80,80,127,138,166,181,181,194,194,194,194],"floor_reached":16,"playtime":413,"items_purged":["Strike_G"],"score":104,"play_id":"dbfd54ef-3a5a-41ce-93a4-ceb4d75f595b","local_time":"20210101010421","is_ascension_mode":false,"campfire_choices":[{"data":"Footwork","floor":6,"key":"SMITH"},{"data":"Heel Hook","floor":8,"key":"SMITH"},{"floor":15,"key":"REST"}],"circlet_count":0,"master_deck":["Strike_G","Strike_G","Strike_G","Strike_G","Defend_G","Defend_G","Defend_G","Defend_G","Defend_G","Survivor","Neutralize+1","Footwork+1","Heel Hook+1","Malaise+1","Backstab"],"relics":["jedi:hotpepper","jedi:cryingmask","Letter Opener"],"acts_visited":["Exordium"],"potions_floor_usage":[16,16,16],"damage_taken":[{"damage":0,"enemies":"Cultist","floor":1,"turns":4},{"damage":0,"enemies":"Small Slimes","floor":2,"turns":4},{"damage":0,"enemies":"conspire:RoseBush","floor":5,"turns":3},{"damage":0,"enemies":"Blue Slaver","floor":7,"turns":5},{"damage":15,"enemies":"Gremlin Gang","floor":10,"turns":6},{"damage":29,"enemies":"Gremlin Nob","floor":11,"turns":6},{"damage":0,"enemies":"Exordium Thugs","floor":12,"turns":5},{"damage":1,"enemies":"Blue Slaver","floor":14,"turns":5},{"damage":31,"enemies":"Slime Boss","floor":16,"turns":11}],"seed_played":"-3553629023369266277","potions_obtained":[{"floor":1,"key":"Weak Potion"},{"floor":7,"key":"Elixir"},{"floor":12,"key":"Elixir"},{"floor":14,"key":"jedi:tentaclejuice"}],"is_trial":false,"path_per_floor":["M","M","?","$","M","R","M","R","T","M","E","M","?","M","R","B"],"character_chosen":"THE_SILENT","items_purchased":[],"campfire_rested":1,"item_purchase_floors":[],"current_hp_per_floor":[52,52,52,52,52,52,52,52,52,37,8,8,8,7,22,0,0],"gold":194,"neow_bonus":"BOSS_RELIC","is_daily":false,"chose_seed":false,"campfire_upgraded":2,"win_rate":0.0,"timestamp":1609455861,"path_taken":["M","?","?","$","M","R","M","R","T","M","E","M","?","?","R","BOSS"],"items_purchased_type":[],"build_version":"2020-11-29","purchased_purges":1,"victory":false,"max_hp_per_floor":[52,52,52,52,52,52,52,52,52,52,52,52,52,52,52,52,52],"card_choices":[{"not_picked":["Tactician","Prepared"],"picked":"Footwork","floor":1},{"not_picked":["ReplayTheSpireMod:The Works","jedi:pocketpoison","Quick Slash"],"picked":"SKIP","floor":2},{"not_picked":["ReplayTheSpireMod:Exploit Weakness","Hidden Blade"],"picked":"Heel Hook","floor":5},{"not_picked":["Prepared","Slice","Escape Plan"],"picked":"SKIP","floor":7},{"not_picked":["Sucker Punch","Skewer","jedi:pocketpoison"],"picked":"SKIP","floor":10},{"not_picked":["Dodge and Roll","ReplayTheSpireMod:The Works"],"picked":"Malaise","floor":11},{"not_picked":["Eviscerate","Terror","Blade Dance"],"picked":"SKIP","floor":12},{"not_picked":["Well Laid Plans","Deadly Poison"],"picked":"Backstab","floor":14}],"player_experience":7989,"relics_obtained":[{"floor":9,"key":"jedi:cryingmask"},{"floor":11,"key":"Letter Opener"}],"event_choices":[{"damage_healed":0,"gold_gain":0,"player_choice":"Grow","damage_taken":0,"max_hp_gain":0,"max_hp_loss":0,"event_name":"Living Wall","floor":3,"gold_loss":0,"cards_upgraded":["Neutralize"]},{"damage_healed":0,"gold_gain":0,"player_choice":"Upgraded","damage_taken":0,"max_hp_gain":0,"max_hp_loss":0,"event_name":"Upgrade Shrine","floor":13,"gold_loss":0,"cards_upgraded":["Malaise"]}],"is_beta":false,"boss_relics":[],"items_purged_floors":[4],"is_endless":false,"potions_floor_spawned":[1,7,12,14],"killed_by":"Slime Boss","ascension_level":0}}