{"host":"pgqkv8mh62pnrbci","time":1609375221,"event":{"mods":["2.2 Compatiblity","AchievementEnabler","BaseMod","Custom Start","DeckTracker","Minty Spire (QoL Compilation)","Railgun Mod","StSLib","SuperFastMode","¡¼?Úª?ø«¡½REMEMod"],"gold_per_floor":[113,127,147,147,222,222,255,275,275,275,288,300,300,7,7,107,107,122,148,172,189,114,114,133,168,168,168,195,195,295,306,306,404,404,420,440,42,57,75,104,104,119,142,175,187,216,264,276,276,276,276,276,17,50,50],"floor_reached":56,"playtime":3655,"items_purged":["TheRailgun:Strike","TheRailgun:Strike"],"score":1492,"play_id":"e634d68d-233f-4d81-8096-d4c49aedd7bb","local_time":"20201231094021","is_ascension_mode":true,"campfire_choices":[{"data":"TheRailgun:Zip","floor":6.0,"key":"SMITH"},{"data":"TheRailgun:Positive_Field","floor":10.0,"key":"SMITH"},{"data":"TheRailgun:Overload","floor":13.0,"key":"SMITH"},{"floor":15.0,"key":"REST"},{"floor":23.0,"key":"REST"},{"floor":29.0,"key":"REST"},{"floor":32.0,"key":"REST"},{"floor":41.0,"key":"RECALL"},{"floor":49,"key":"REST"},{"floor":52,"key":"REST"}],"circlet_count":0,"master_deck":["TheRailgun:Defend","TheRailgun:Defend","TheRailgun:Defend","TheRailgun:Discharge","TheRailgun:Static","TheRailgun:Zip+1","Gash","TheRailgun:Iron_Dust_Sword","TheRailgun:Iron_Dust_Field","TheRailgun:Positive_Field","TheRailgun:Gekota_Phone","TheRailgun:Positive_Field+1","TheRailgun:Biribiri","TheRailgun:Overload+1","TheRailgun:Iron_Dust_Vial","TheRailgun:Railgun","TheRailgun:Hypercharge","TheRailgun:Sister_Noise","TheRailgun:Level_6","TheRailgun:Gekotamania+1","TheRailgun:Sister_Network","TheRailgun:Gekotamania+1","TheRailgun:Supercharge","TheRailgun:Sister_Noise+1","TheRailgun:Iron_Dust_Vial+1","TheRailgun:Iron_Dust_Vial","TheRailgun:Coin_Flip+1","TheRailgun:Mental_Out+1","TheRailgun:Gekota_Phone+1"],"relics":["TheRailgun:CoinRelic","REME_ComplimentaryCards","Dream Catcher","Ancient Tea Set","Kunai","Fusion Hammer","Red Mask","Juzu Bracelet","Shuriken","Happy Flower","Strawberry","Calipers","Pantograph","Sozu","Torii","Bottled Tornado","Toxic Egg 2","Pen Nib","Gambling Chip","Bottled Lightning","Boot"],"acts_visited":["Exordium","TheCity","TheBeyond","TheEnding"],"potions_floor_usage":[],"damage_taken":[{"damage":6.0,"enemies":"Jaw Worm","floor":1.0,"turns":4.0},{"damage":6.0,"enemies":"2 Louse","floor":2.0,"turns":2.0},{"damage":0.0,"enemies":"Cultist","floor":3.0,"turns":4.0},{"damage":4.0,"enemies":"Lagavulin","floor":7.0,"turns":6.0},{"damage":15.0,"enemies":"Lots of Slimes","floor":8.0,"turns":4.0},{"damage":0.0,"enemies":"2 Fungi Beasts","floor":11.0,"turns":3.0},{"damage":2.0,"enemies":"3 Louse","floor":12.0,"turns":2.0},{"damage":6.0,"enemies":"Slime Boss","floor":16.0,"turns":5.0},{"damage":2.0,"enemies":"3 Byrds","floor":18.0,"turns":2.0},{"damage":16.0,"enemies":"Masked Bandits","floor":19.0,"turns":3.0},{"damage":4.0,"enemies":"Spheric Guardian","floor":21.0,"turns":3.0},{"damage":10.0,"enemies":"Shelled Parasite and Fungi","floor":24.0,"turns":4.0},{"damage":11.0,"enemies":"Book of Stabbing","floor":25.0,"turns":4.0},{"damage":5.0,"enemies":"REME_1_Revenger","floor":28.0,"turns":4.0},{"damage":15.0,"enemies":"Colosseum Slavers","floor":30.0,"turns":3.0},{"damage":13.0,"enemies":"Colosseum Nobs","floor":30.0,"turns":3.0},{"damage":2.0,"enemies":"Centurion and Healer","floor":31.0,"turns":2.0},{"damage":3.0,"enemies":"Champ","floor":33.0,"turns":2.0},{"damage":21.0,"enemies":"3 Shapes","floor":35.0,"turns":3.0},{"damage":0.0,"enemies":"3 Darklings","floor":36.0,"turns":2.0},{"damage":0.0,"enemies":"Sphere and 2 Shapes","floor":38.0,"turns":1.0},{"damage":0.0,"enemies":"Maw","floor":39.0,"turns":1.0},{"damage":2.0,"enemies":"Giant Head","floor":40.0,"turns":2.0},{"damage":0.0,"enemies":"Spire Growth","floor":42.0,"turns":1.0},{"damage":12.0,"enemies":"Reptomancer","floor":44.0,"turns":2.0},{"damage":0.0,"enemies":"3 Darklings","floor":45.0,"turns":2.0},{"damage":2.0,"enemies":"Nemesis","floor":46.0,"turns":3.0},{"damage":7.0,"enemies":"2 Orb Walkers","floor":47.0,"turns":2.0},{"damage":24,"enemies":"4 Shapes","floor":48,"turns":3},{"damage":5,"enemies":"Time Eater","floor":50,"turns":4},{"damage":0,"enemies":"Shield and Spear","floor":54,"turns":1},{"damage":11,"enemies":"The Heart","floor":55,"turns":3}],"seed_played":"-181027475120755386","potions_obtained":[{"floor":3.0,"key":"LiquidBronze"},{"floor":7.0,"key":"EssenceOfSteel"},{"floor":11.0,"key":"Swift Potion"},{"floor":16.0,"key":"LiquidBronze"},{"floor":18.0,"key":"Dexterity Potion"},{"floor":25.0,"key":"Strength Potion"},{"floor":33.0,"key":"Weak Potion"}],"is_trial":false,"path_per_floor":["M","M","M","?","?","R","E","M","T","R","M","M","R","$","R","B",null,"M","?","T","M","$","R","M","E","T","?","E","R","?","M","R","B",null,"M","M","$","M","M","E","R","M","T","E","M","E","?","M","R","B",null,"R","$","E","B",null],"character_chosen":"THE_DEFAULT","items_purchased":["Kunai","TheRailgun:Iron_Dust_Vial","Torii","Bottled Lightning"],"campfire_rested":6,"item_purchase_floors":[14,14,37,53],"current_hp_per_floor":[57,51,51,44,33,33,29,14,14,14,14,12,12,12,30,24,63,61,45,45,41,41,59,49,38,38,38,40,61,33,31,52,67,70,63,70,70,70,70,70,70,70,70,70,70,68,70,46,67,66,70,70,70,70,59],"gold":50,"neow_bonus":"TRANSFORM_TWO_CARDS","is_daily":false,"chose_seed":false,"campfire_upgraded":3,"win_rate":0.0,"timestamp":1609375221,"path_taken":["M","M","M","?","?","R","E","M","T","R","M","M","R","$","R","BOSS","M","?","?","M","$","R","M","E","T","?","E","R","?","M","R","BOSS","M","M","$","M","M","E","R","M","T","E","M","E","?","M","R","BOSS","R","$","E","BOSS"],"items_purchased_type":["Relic","Card","Relic","Relic"],"build_version":"2020-12-22","purchased_purges":2,"victory":true,"max_hp_per_floor":[63,63,63,63,63,63,63,63,63,63,63,63,63,63,63,63,63,63,63,63,63,63,63,63,63,63,63,70,70,70,70,70,70,70,70,70,70,70,70,70,70,70,70,70,70,70,70,70,70,70,70,70,70,70,70],"card_choices":[{"not_picked":["TheRailgun:Aerial_Shot","TheRailgun:Electrical_Fire"],"picked":"TheRailgun:Positive_Field","floor":1.0},{"not_picked":["TheRailgun:Battery_Pack","TheRailgun:Push"],"picked":"TheRailgun:Gekota_Phone","floor":2.0},{"not_picked":["TheRailgun:Thunderjolt","TheRailgun:Gekota_Phone"],"picked":"TheRailgun:Positive_Field","floor":3.0},{"not_picked":["TheRailgun:Taser","TheRailgun:Hypercharge","TheRailgun:Pull"],"picked":"SKIP","floor":7.0},{"not_picked":["TheRailgun:Taser","TheRailgun:Hypercharge","TheRailgun:Pull"],"picked":"SKIP","floor":7.0},{"not_picked":["TheRailgun:Push","TheRailgun:Discharge"],"picked":"TheRailgun:Biribiri","floor":8.0},{"not_picked":["TheRailgun:Gekota_Phone","TheRailgun:Hypercharge"],"picked":"TheRailgun:Overload","floor":11.0},{"not_picked":["TheRailgun:Thundershock","TheRailgun:Positive_Field","TheRailgun:Static"],"picked":"SKIP","floor":12.0},{"not_picked":["TheRailgun:Thunder","TheRailgun:Judgement_Officer"],"picked":"TheRailgun:Railgun","floor":16.0},{"not_picked":["TheRailgun:Electrical_Fire","TheRailgun:Thundershock","TheRailgun:Coin_Flip"],"picked":"SKIP","floor":18.0},{"not_picked":["TheRailgun:Crackle+1","TheRailgun:Discharge"],"picked":"TheRailgun:Hypercharge","floor":21.0},{"not_picked":["TheRailgun:Electric_Fence","TheRailgun:Zap+1"],"picked":"TheRailgun:Sister_Noise","floor":23.0},{"not_picked":["TheRailgun:Negative_Field","TheRailgun:Iron_Dust_Shield","TheRailgun:Thunderjolt+1"],"picked":"SKIP","floor":24.0},{"not_picked":["TheRailgun:Stun_Shock","TheRailgun:Negative_Field","TheRailgun:Push"],"picked":"SKIP","floor":25.0},{"not_picked":["TheRailgun:Thunderjolt","TheRailgun:Thunder"],"picked":"TheRailgun:Gekotamania+1","floor":28.0},{"not_picked":["TheRailgun:Battery_Pack","TheRailgun:Magnetic_Movement"],"picked":"TheRailgun:Sister_Network","floor":30.0},{"not_picked":["TheRailgun:Negative_Field","TheRailgun:Stun_Shock"],"picked":"TheRailgun:Gekotamania+1","floor":31.0},{"not_picked":["TheRailgun:Railgun","TheRailgun:Rewiring"],"picked":"TheRailgun:Supercharge","floor":33.0},{"not_picked":["TheRailgun:Thundershock","TheRailgun:Electrical_Storm+1"],"picked":"TheRailgun:Sister_Noise+1","floor":35.0},{"not_picked":["TheRailgun:Gekotamania","TheRailgun:Recharge"],"picked":"TheRailgun:Iron_Dust_Vial+1","floor":36.0},{"not_picked":["TheRailgun:Token_Collection","TheRailgun:Electrical_Storm"],"picked":"TheRailgun:Iron_Dust_Vial","floor":38.0},{"not_picked":["TheRailgun:Pull","TheRailgun:Aerial_Shot+1"],"picked":"TheRailgun:Coin_Flip+1","floor":39.0},{"not_picked":["TheRailgun:Push+1","TheRailgun:Biribiri+1","TheRailgun:Lightning_Speed+1"],"picked":"SKIP","floor":40.0},{"not_picked":["TheRailgun:Hypercharge+1","TheRailgun:Lightning_Speed+1","TheRailgun:Supercharge"],"picked":"SKIP","floor":42.0},{"not_picked":["TheRailgun:Circuit_Breaker","TheRailgun:Battery_Pack+1"],"picked":"TheRailgun:Mental_Out+1","floor":44.0},{"not_picked":["TheRailgun:Aerial_Shot","TheRailgun:Circuit_Breaker","TheRailgun:Coin_Flip+1"],"picked":"SKIP","floor":45.0},{"not_picked":["TheRailgun:Lightningbolt","TheRailgun:Taser","TheRailgun:Thunderjolt+1"],"picked":"SKIP","floor":46.0},{"not_picked":["TheRailgun:Iron_Dust_Field+1","TheRailgun:Thunderbolt","TheRailgun:Mental_Out+1"],"picked":"SKIP","floor":48},{"not_picked":["TheRailgun:Thunderjolt+1","TheRailgun:Electrical_Fire"],"picked":"TheRailgun:Gekota_Phone+1","floor":49},{"not_picked":["TheRailgun:Hypercharge+1","TheRailgun:Stun_Shock","TheRailgun:Rewiring"],"picked":"SKIP","floor":54}],"player_experience":582362,"relics_obtained":[{"floor":7.0,"key":"Dream Catcher"},{"floor":9.0,"key":"Ancient Tea Set"},{"floor":19.0,"key":"Red Mask"},{"floor":20.0,"key":"Juzu Bracelet"},{"floor":25.0,"key":"Shuriken"},{"floor":26.0,"key":"Happy Flower"},{"floor":28.0,"key":"Strawberry"},{"floor":30.0,"key":"Calipers"},{"floor":30.0,"key":"Pantograph"},{"floor":40.0,"key":"Bottled Tornado"},{"floor":44.0,"key":"Toxic Egg 2"},{"floor":46.0,"key":"Pen Nib"},{"floor":47.0,"key":"Gambling Chip"},{"floor":54,"key":"Boot"}],"event_choices":[{"cards_removed":["TheRailgun:Strike"],"damage_healed":0.0,"max_hp_gain":0.0,"max_hp_loss":0.0,"gold_gain":0.0,"event_name":"Golden Wing","player_choice":"Card Removal","floor":4.0,"gold_loss":0.0,"damage_taken":7.0},{"damage_healed":0.0,"max_hp_gain":0.0,"max_hp_loss":0.0,"gold_gain":75.0,"event_name":"World of Goop","player_choice":"Gather Gold","floor":5.0,"gold_loss":0.0,"damage_taken":11.0},{"damage_healed":0.0,"max_hp_gain":0.0,"max_hp_loss":0.0,"gold_gain":0.0,"event_name":"Masked Bandits","player_choice":"Fought Bandits","floor":19.0,"gold_loss":0.0,"damage_taken":0.0},{"damage_healed":0.0,"max_hp_gain":0.0,"max_hp_loss":0.0,"gold_gain":0.0,"event_name":"Match and Keep!","player_choice":"1 cards matched","floor":27.0,"gold_loss":0.0,"damage_taken":0.0,"cards_obtained":["TheRailgun:Level_6"]},{"damage_healed":0.0,"max_hp_gain":0.0,"max_hp_loss":0.0,"gold_gain":0.0,"event_name":"Colosseum","player_choice":"Fight","floor":30.0,"gold_loss":0.0,"damage_taken":0.0},{"damage_healed":0.0,"max_hp_gain":0.0,"max_hp_loss":0.0,"gold_gain":0.0,"event_name":"Colosseum","player_choice":"Fought Nobs","floor":30.0,"gold_loss":0.0,"damage_taken":0.0},{"damage_healed":0.0,"max_hp_gain":0.0,"max_hp_loss":0.0,"gold_gain":0.0,"event_name":"Mysterious Sphere","player_choice":"Fight","floor":47.0,"gold_loss":0.0,"damage_taken":0.0}],"is_beta":false,"boss_relics":[{"not_picked":["Black Star","REME_LowDesire"],"picked":"Fusion Hammer"},{"not_picked":["Pandora\u0027s Box","Snecko Eye"],"picked":"Sozu"}],"items_purged_floors":[22,37],"is_endless":false,"potions_floor_spawned":[3,7,11,16,18,25,30,33,36,44,45,46,54],"ascension_level":2}}