{"host":"2461dio7vetlq1z3","time":1609420838,"event":{"mods":["2.2 Compatiblity","AchievementEnabler","Aspiration","BaseMod","Better Third Choice","Friendly Minions","Hermit","Minty Spire (QoL Compilation)","Relic Stats","Spicy Shops","StSLib","Waifu the Spire"],"gold_per_floor":[113,128,128,151,166,166,166],"floor_reached":6,"playtime":255,"items_purged":[],"score":76,"play_id":"8fb1f090-ff39-4951-afea-6459d5463296","local_time":"20201231142038","is_ascension_mode":true,"campfire_choices":[],"circlet_count":0,"master_deck":["AscendersBane","Strike_R","Strike_R","Strike_R","Strike_R","Strike_R","Defend_R","Defend_R","Defend_R","Defend_R","Bash","Clothesline","Sword Boomerang","True Grit","Ghostly Armor"],"relics":["Mark of Pain","Golden Idol"],"acts_visited":["Exordium"],"potions_floor_usage":[6,6],"damage_taken":[{"damage":2,"enemies":"Cultist","floor":1,"turns":4},{"damage":11,"enemies":"Jaw Worm","floor":2,"turns":5},{"damage":5,"enemies":"2 Louse","floor":4,"turns":3},{"damage":6,"enemies":"Looter","floor":5,"turns":3},{"damage":35,"enemies":"3 Sentries","floor":6,"turns":11}],"seed_played":"4162308459173356160","potions_obtained":[{"floor":1,"key":"Regen Potion"},{"floor":5,"key":"Block Potion"}],"is_trial":false,"path_per_floor":["M","M","?","M","M","E"],"character_chosen":"IRONCLAD","items_purchased":[],"campfire_rested":0,"item_purchase_floors":[],"current_hp_per_floor":[66,55,29,24,18,0,0],"gold":166,"neow_bonus":"BOSS_RELIC","is_daily":false,"chose_seed":false,"campfire_upgraded":0,"win_rate":0.0,"timestamp":1609420838,"path_taken":["M","?","?","M","M","E"],"items_purchased_type":[],"build_version":"2020-12-22","purchased_purges":0,"victory":false,"max_hp_per_floor":[75,75,75,75,75,75,75],"relic_stats":{"counters":[5,26],"Golden Idol":8,"obtain_stats":[{"Golden Idol":3,"Mark of Pain":0,"Burning Blood":0},{"Golden Idol":2,"Mark of Pain":0,"Burning Blood":0},{"Golden Idol":9,"Mark of Pain":0,"Burning Blood":0}]},"card_choices":[{"not_picked":["Seeing Red","Havoc"],"picked":"Clothesline","floor":1},{"not_picked":["Body Slam","Thunderclap"],"picked":"Sword Boomerang","floor":2},{"not_picked":["Thunderclap","Iron Wave"],"picked":"True Grit","floor":4},{"not_picked":["Armaments","Clash"],"picked":"Ghostly Armor","floor":5}],"player_experience":1036086,"relics_obtained":[],"event_choices":[{"damage_healed":0,"gold_gain":0,"player_choice":"Take Damage","damage_taken":26,"relics_obtained":["Golden Idol"],"max_hp_gain":0,"max_hp_loss":0,"event_name":"Golden Idol","floor":3,"gold_loss":0}],"is_beta":false,"boss_relics":[],"items_purged_floors":[],"is_endless":false,"potions_floor_spawned":[1,5],"killed_by":"3 Sentries","ascension_level":20}}