{"host":"m3herrhkesxm9ooc","time":1609427348,"event":{"mods":["BaseMod","Hermit","Minty Spire (QoL Compilation)","StSLib","The Hierophant"],"gold_per_floor":[112,128,148,61,71,71,88,108,108,120,120,120,120,149,149,226,226,226,226],"floor_reached":18,"playtime":629,"items_purged":[],"score":328,"play_id":"2cdb2620-477c-4ee1-a503-d34bc59e6298","local_time":"20210101000908","is_ascension_mode":true,"campfire_choices":[{"floor":6,"key":"REST"},{"floor":12,"key":"REST"},{"floor":15,"key":"REST"}],"circlet_count":0,"master_deck":["AscendersBane","hermit:Strike_Hermit","hermit:Strike_Hermit","hermit:Strike_Hermit","hermit:Strike_Hermit","hermit:Defend_Hermit","hermit:Defend_Hermit","hermit:Defend_Hermit","hermit:Defend_Hermit","hermit:Snapshot","hermit:Covet","hermit:Maintenance","hermit:BigShot","hermit:Maintenance","hermit:FlashPowder","hermit:Spite","hermit:Spite","hermit:Glare","hermit:Vantage","Parasite","hermit:Snipe","hermit:FromBeyond"],"relics":["hermit:Momento","NeowsBlessing","Gremlin Horn","Happy Flower","hermit:DentedPlate"],"acts_visited":["Exordium","TheCity"],"potions_floor_usage":[8,14,14],"damage_taken":[{"damage":0,"enemies":"Cultist","floor":1,"turns":1},{"damage":0,"enemies":"Small Slimes","floor":2,"turns":1},{"damage":0,"enemies":"2 Louse","floor":3,"turns":1},{"damage":16,"enemies":"Large Slime","floor":5,"turns":7},{"damage":14,"enemies":"3 Louse","floor":7,"turns":5},{"damage":40,"enemies":"Exordium Thugs","floor":8,"turns":6},{"damage":10,"enemies":"Large Slime","floor":10,"turns":6},{"damage":11,"enemies":"Gremlin Nob","floor":14,"turns":4},{"damage":50,"enemies":"Hexaghost","floor":16,"turns":13},{"damage":9,"enemies":"Chosen","floor":18,"turns":4}],"seed_played":"-2374267635294961282","potions_obtained":[{"floor":2,"key":"Block Potion"},{"floor":3,"key":"hermit:Tonic"},{"floor":8,"key":"SkillPotion"},{"floor":10,"key":"AttackPotion"}],"is_trial":false,"path_per_floor":["M","M","M","$","M","R","M","M","T","M","?","R","?","E","R","B",null,"M"],"character_chosen":"HERMIT","items_purchased":["hermit:FlashPowder"],"campfire_rested":3,"item_purchase_floors":[4],"current_hp_per_floor":[64,64,64,64,48,69,55,15,15,5,28,49,66,55,71,21,53,44,44],"gold":226,"neow_bonus":"THREE_ENEMY_KILL","is_daily":false,"chose_seed":false,"campfire_upgraded":0,"win_rate":0.0,"timestamp":1609427348,"path_taken":["M","?","M","$","M","R","M","M","T","M","?","R","?","E","R","BOSS","M"],"items_purchased_type":["Card"],"build_version":"2020-12-22","purchased_purges":0,"victory":false,"max_hp_per_floor":[71,71,71,71,71,71,71,71,71,71,71,71,71,71,71,71,103,103,103],"card_choices":[{"not_picked":["hermit:Dive","hermit:DeadMansHand"],"picked":"hermit:Maintenance","floor":1},{"not_picked":["hermit:Glare","hermit:Feint"],"picked":"hermit:BigShot","floor":2},{"not_picked":["hermit:Grudge","hermit:CalledShot"],"picked":"hermit:Maintenance","floor":3},{"not_picked":["hermit:Desperado","hermit:EternalForm"],"picked":"hermit:Spite","floor":5},{"not_picked":["hermit:Roulette","hermit:Misfire"],"picked":"hermit:Spite","floor":7},{"not_picked":["hermit:GhostlyPresence","hermit:Roulette"],"picked":"hermit:Glare","floor":8},{"not_picked":["hermit:Quickdraw","hermit:Scavenge"],"picked":"hermit:Vantage","floor":10},{"not_picked":["hermit:TrackingShot","hermit:Roulette"],"picked":"hermit:Snipe","floor":14},{"not_picked":["hermit:BlackWind","hermit:Gambit"],"picked":"hermit:FromBeyond","floor":16}],"player_experience":669163,"relics_obtained":[{"floor":9,"key":"Gremlin Horn"},{"floor":14,"key":"Happy Flower"}],"event_choices":[{"damage_healed":23,"gold_gain":0,"player_choice":"Banana","damage_taken":0,"max_hp_gain":0,"max_hp_loss":0,"event_name":"Big Fish","floor":11,"gold_loss":0},{"damage_healed":17,"gold_gain":0,"player_choice":"Healed and dodged fight","damage_taken":0,"max_hp_gain":0,"max_hp_loss":0,"event_name":"Mushrooms","floor":13,"gold_loss":0,"cards_obtained":["Parasite"]}],"is_beta":false,"boss_relics":[{"not_picked":["Snecko Eye","Velvet Choker"],"picked":"hermit:DentedPlate"}],"items_purged_floors":[],"is_endless":false,"potions_floor_spawned":[2,3,8,10],"killed_by":"Chosen","ascension_level":17}}