{"host":"eemx8njkng76fu5x","time":1609426678,"event":{"mods":["2.2 Compatiblity","BaseMod","Downfall","Minty Spire (QoL Compilation)","Permanent Neow","StSLib","Unceasing Turn Reminder","Unknown Chances"],"gold_per_floor":[99,115,115,130,130,158,158,158,68,82,182,182,202,202,213,311,311,311,323,105,105,120,45,71,88,118,137,62,75,95,95,95,95],"floor_reached":31,"playtime":1654,"items_purged":["Regret","Slimebound:SplitMire"],"score":436,"play_id":"6a5e0d49-1125-4655-8833-246d0aded304","local_time":"20201231225758","is_ascension_mode":true,"campfire_choices":[{"data":"expansioncontent:DecasProtection","floor":1.0,"key":"SMITH"},{"data":"Slimebound:SplitSpecialist","floor":12.0,"key":"SMITH"},{"floor":18.0,"key":"RECALL"},{"data":"Slimebound:SplitSpecialist","floor":23.0,"key":"SMITH"},{"data":"Slimebound:TagTeam","floor":28,"key":"SMITH"}],"circlet_count":0,"master_deck":["AscendersBane","Slimebound:Strike_Slimebound","Slimebound:Strike_Slimebound","Slimebound:Defend_Slimebound","Slimebound:Defend_Slimebound","Slimebound:Defend_Slimebound","Slimebound:Defend_Slimebound","Slimebound:Split+1","Slimebound:CorrosiveSpit+1","expansioncontent:DecasProtection+1","Slimebound:SplitSpecialist+1","Slimebound:Prepare+1","Slimebound:SplitSpecialist+1","Slimebound:SplitAcid","Slimebound:LeadByExample","Slimebound:TagTeam+1","Slimebound:DisruptingSlam","Slimebound:SlimeSpikes","Slimebound:LevelUp"],"relics":["Slimebound:AbsorbEndCombat","Bag of Marbles","Question Card","Smiling Mask","Coffee Dripper","Lee\u0027s Waffle","downfall:HeartBlessingRed","Bag of Preparation","downfall:HeartBlessingBlue"],"acts_visited":["Exordium","TheCity"],"potions_floor_usage":[],"damage_taken":[{"damage":4.0,"enemies":"Cultist","floor":2.0,"turns":3.0},{"damage":29.0,"enemies":"Small Slimes","floor":4.0,"turns":5.0},{"damage":35.0,"enemies":"3 Sentries","floor":6.0,"turns":9.0},{"damage":14.0,"enemies":"downfall:FleeingMerchant","floor":9.0,"turns":4.0},{"damage":9.0,"enemies":"Jaw Worm","floor":10.0,"turns":3.0},{"damage":17.0,"enemies":"Lots of Slimes","floor":13.0,"turns":3.0},{"damage":15.0,"enemies":"Exordium Wildlife","floor":15.0,"turns":6.0},{"damage":45.0,"enemies":"downfall:Watcher","floor":16.0,"turns":9.0},{"damage":24.0,"enemies":"Shell Parasite","floor":19.0,"turns":4.0},{"damage":16.0,"enemies":"downfall:FleeingMerchant","floor":20.0,"turns":4.0},{"damage":12.0,"enemies":"3 Cultists","floor":22.0,"turns":3.0},{"damage":36.0,"enemies":"Snake Plant","floor":25.0,"turns":4.0},{"damage":63.0,"enemies":"Slavers","floor":26.0,"turns":6.0},{"damage":20.0,"enemies":"Chosen and Byrds","floor":27.0,"turns":6.0},{"damage":20,"enemies":"Centurion and Healer","floor":29,"turns":7},{"damage":14,"enemies":"Cultist and Chosen","floor":30,"turns":5},{"damage":24,"enemies":"Snake Plant","floor":31,"turns":3}],"seed_played":"6259447083290850128","potions_obtained":[{"floor":6.0,"key":"SkillPotion"},{"floor":15.0,"key":"Slimebound:ThreeZeroPotion"},{"floor":16.0,"key":"Fruit Juice"},{"floor":19.0,"key":"PowerPotion"},{"floor":25.0,"key":"SteroidPotion"},{"floor":29,"key":"EssenceOfSteel"}],"is_trial":false,"path_per_floor":["R","M","?","M","?","E","T","?","$","M","?","R","M","?","M","B",null,"R","M","$","?","M","R","T","M","E","M","R","M","M","M"],"character_chosen":"SLIMEBOUND","items_purchased":["Lee\u0027s Waffle"],"campfire_rested":0,"item_purchase_floors":[20],"current_hp_per_floor":[54,58,58,41,41,14,14,14,22,27,27,27,28,16,23,26,52,52,50,67,67,67,67,67,58,15,13,23,27,19,0,0,0],"gold":95,"neow_bonus":"RANDOM_COLORLESS","is_daily":false,"chose_seed":false,"campfire_upgraded":4,"win_rate":0.0,"timestamp":1609426678,"path_taken":["R","M","?","M","?","E","T","?","$","M","?","R","M","?","M","BOSS","R","M","$","?","M","R","T","M","E","M","R","M","M","M"],"items_purchased_type":["Relic"],"build_version":"2020-12-22","purchased_purges":2,"victory":false,"max_hp_per_floor":[60,60,60,60,60,60,60,60,60,60,60,60,60,60,60,60,60,60,60,67,67,67,67,67,72,72,72,82,82,82,82,82,82],"card_choices":[{"not_picked":["expansioncontent:Sear","Mind Blast"],"picked":"expansioncontent:DecasProtection","floor":0.0},{"not_picked":["Slimebound:SlimeSpikes","Slimebound:LivingWall"],"picked":"Slimebound:SplitSpecialist","floor":2.0},{"not_picked":["Slimebound:GrowthPunch","Slimebound:LivingWall"],"picked":"Slimebound:Prepare","floor":4.0},{"not_picked":["Slimebound:GrowthPunch","Slimebound:PressTheAttack"],"picked":"Slimebound:SplitMire","floor":6.0},{"not_picked":["Slimebound:Schlurp","Slimebound:PrepareCrush","Slimebound:GoopSpray","Slimebound:HauntingLick"],"picked":"SKIP","floor":9.0},{"not_picked":["Slimebound:Chomp","Slimebound:SplitLeeching","Slimebound:SplitMire"],"picked":"Slimebound:SplitSpecialist","floor":10.0},{"not_picked":["Slimebound:RainOfGoop","Slimebound:SplitLeeching","Slimebound:PressTheAttack"],"picked":"Slimebound:SplitAcid","floor":13.0},{"not_picked":["Slimebound:FinishingTackle","Slimebound:SplitBruiser","Slimebound:WasteNot"],"picked":"Slimebound:LeadByExample","floor":15.0},{"not_picked":["Slimebound:MassRepurpose","Slimebound:DuplicatedForm","Slimebound:LeechLife"],"picked":"Slimebound:TagTeam","floor":16.0},{"not_picked":["Slimebound:Gluttony","Slimebound:Schlurp","Slimebound:SplitBruiser"],"picked":"Slimebound:DisruptingSlam","floor":19.0},{"not_picked":["Slimebound:GoopSpray","Slimebound:ComboTackle","Slimebound:SlimeSlap","Slimebound:LivingWall"],"picked":"SKIP","floor":20.0},{"not_picked":["Slimebound:LeechEnergy","Slimebound:FinishingTackle","Slimebound:PressTheAttack","Slimebound:RollThrough"],"picked":"SKIP","floor":22.0},{"not_picked":["Slimebound:SlimeTap","Slimebound:GrowthPunch","Slimebound:LeechEnergy+1"],"picked":"Slimebound:SlimeSpikes","floor":25.0},{"not_picked":["Slimebound:Chomp","Slimebound:CheckThePlaybook","Slimebound:ViciousTackle","Slimebound:Replication"],"picked":"SKIP","floor":26.0},{"not_picked":["Slimebound:SlimeSpikes","Slimebound:SplitAcid","Slimebound:Schlurp"],"picked":"Slimebound:LevelUp","floor":27.0},{"not_picked":["Slimebound:SplitAcid","Slimebound:SplitMire","Slimebound:Grow","Slimebound:LeadByExample"],"picked":"SKIP","floor":29},{"not_picked":["Slimebound:LeechEnergy","Slimebound:MinionMaster","Slimebound:RainOfGoop","Slimebound:SplitLeeching"],"picked":"SKIP","floor":30}],"player_experience":426440,"relics_obtained":[{"floor":6.0,"key":"Bag of Marbles"},{"floor":7.0,"key":"Question Card"},{"floor":26.0,"key":"Bag of Preparation"}],"event_choices":[{"cards_removed":["Slimebound:Strike_Slimebound"],"damage_healed":0.0,"max_hp_gain":0.0,"max_hp_loss":0.0,"gold_gain":0.0,"event_name":"The Cleric","player_choice":"Card Removal","floor":3.0,"gold_loss":0.0,"damage_taken":0.0},{"damage_healed":0.0,"max_hp_gain":0.0,"max_hp_loss":0.0,"gold_gain":0.0,"event_name":"Scrap Ooze","player_choice":"Success","floor":14.0,"gold_loss":0.0,"damage_taken":12.0,"relics_obtained":["Smiling Mask"]},{"cards_removed":["Slimebound:Tackle"],"damage_healed":0.0,"max_hp_gain":0.0,"max_hp_loss":0.0,"gold_gain":0.0,"event_name":"Bonfire Elementals","player_choice":"Offered Basic","floor":21.0,"gold_loss":0.0,"damage_taken":0.0}],"is_beta":false,"boss_relics":[{"not_picked":["Fusion Hammer","Slimebound:TarBlob"],"picked":"Coffee Dripper"}],"items_purged_floors":[9,20],"is_endless":false,"potions_floor_spawned":[6,15,16,19,25,29],"killed_by":"Snake Plant","ascension_level":12}}