{"host":"etr9f2q07ig588e0","time":1609419292,"event":{"mods":["BaseMod","Downfall","Googly Eyes","Hubris","Minty Spire (QoL Compilation)","Replay The Spire","StSLib","SuperFastMode"],"gold_per_floor":[109,135,135,146,146,173,173,208,208,224,224,1,13,23,23,119,119,139,139,159,179,193,193,193,213,213,229,259,259,272,272,272,374,374,391,391,117,137,137,137,164,36,63,63,82,98,112,142,142,142,142],"floor_reached":50,"playtime":2481,"items_purged":[],"score":956,"play_id":"4cdc0237-6497-4067-8c80-a0c5e15a6178","local_time":"20201231155452","is_ascension_mode":true,"campfire_choices":[{"data":"Dualcast","floor":7,"key":"SMITH"},{"floor":15,"key":"REST"},{"floor":23,"key":"REST"},{"floor":29,"key":"REST"},{"floor":32,"key":"REST"},{"floor":40,"key":"REST"},{"floor":44,"key":"REST"},{"floor":49,"key":"REST"}],"circlet_count":0,"master_deck":["Strike_B","Strike_B","Strike_B+1","Strike_B+1","Defend_B","Defend_B","Defend_B","Defend_B","Dualcast+1","Conserve Battery","Darkness","Self Repair","Conserve Battery","Blizzard","Lockon","Leap","Time Bomb","Electrodynamics","Redo","Leap","Steam","Go for the Eyes+1","Stack","Gash+1","Redo","Turbo+1","Gash","Echo Form","hubris:Wrath","Writhe","Sickly","Loop+1","Melter","Crystallizer","Steam+1","Go for the Eyes+1","Doom and Gloom","Conserve Battery","FIFO Queue+1","Rebound+1","Crystallizer+1","Turbo+1","Rebound+1","Static Discharge+1"],"relics":["Cracked Core","NeowsBlessing","Strawberry","Whetstone","InkBottle","hubris:Metronome","Incense Burner","Sling","Honey Jar","Mirror","Iron Hammer","Replay:Ancient Bell","Geode","Darkstone Periapt","Replay:Kaleidoscope","hubris:Towel","Runic Capacitor","ReplayTheSpireMod:Ninjato","Dream Catcher","hubris:BallOfYels"],"acts_visited":["Exordium","TheCity","TheBeyond"],"potions_floor_usage":[22,28,28,33,33,33,38,41,47,50],"damage_taken":[{"damage":0,"enemies":"Cultist","floor":1,"turns":1},{"damage":0,"enemies":"2 Louse","floor":4,"turns":1},{"damage":0,"enemies":"Lagavulin","floor":6,"turns":1},{"damage":24,"enemies":"Gremlin Nob","floor":8,"turns":4},{"damage":4,"enemies":"Jaw Worm","floor":10,"turns":4},{"damage":22,"enemies":"Exordium Thugs","floor":13,"turns":6},{"damage":14,"enemies":"Exordium Wildlife","floor":14,"turns":4},{"damage":19,"enemies":"The Guardian","floor":16,"turns":13},{"damage":0,"enemies":"Chosen","floor":18,"turns":4},{"damage":7,"enemies":"3 Byrds","floor":20,"turns":2},{"damage":24,"enemies":"Shelled Parasite and Fungi","floor":21,"turns":8},{"damage":29,"enemies":"Snake Plant","floor":22,"turns":4},{"damage":9,"enemies":"Centurion and Healer","floor":25,"turns":6},{"damage":13,"enemies":"3 Cultists","floor":27,"turns":5},{"damage":30,"enemies":"Book of Stabbing","floor":28,"turns":6},{"damage":8,"enemies":"Snecko","floor":30,"turns":6},{"damage":47,"enemies":"Pondfish","floor":33,"turns":10},{"damage":5,"enemies":"3 Shapes","floor":35,"turns":4},{"damage":56,"enemies":"3 Darklings","floor":38,"turns":7},{"damage":52,"enemies":"Nemesis","floor":41,"turns":7},{"damage":7,"enemies":"Maw","floor":45,"turns":8},{"damage":17,"enemies":"Spire Growth","floor":46,"turns":5},{"damage":10,"enemies":"3 Darklings","floor":47,"turns":4},{"damage":25,"enemies":"R_Hoarder","floor":48,"turns":7},{"damage":88,"enemies":"Replay:Hell Engine","floor":50,"turns":7}],"seed_played":"-5944251426102672692","potions_obtained":[{"floor":1,"key":"Elixir"},{"floor":4,"key":"PowerPotion"},{"floor":13,"key":"Ancient Potion"},{"floor":21,"key":"Milkshake"},{"floor":28,"key":"Fire Potion"},{"floor":30,"key":"Explosive Potion"},{"floor":33,"key":"Energy Potion"},{"floor":38,"key":"champ:CounterPotion"},{"floor":41,"key":"Swift Potion"},{"floor":48,"key":"Strength Potion"}],"is_trial":false,"path_per_floor":["M","T","?","M","?","E","R","E","T","M","T","$","M","M","R","B",null,"M","?","M","M","M","R","?","M","T","M","E","R","M","?","R","B",null,"M","?","$","M","?","R","E","$","T","R","M","M","M","E","R","B"],"character_chosen":"DEFECT","items_purchased":["Sling","Lockon","Melter","Runic Capacitor","Crystallizer","Doom and Gloom","Conserve Battery"],"campfire_rested":7,"item_purchase_floors":[12,12,37,37,37,42,42],"current_hp_per_floor":[75,82,82,82,82,82,82,65,65,68,68,68,53,46,70,58,82,82,82,75,58,36,60,60,58,58,52,29,53,52,36,62,25,105,105,105,105,56,56,87,45,45,45,76,83,73,63,45,76,0,0],"gold":142,"neow_bonus":"THREE_ENEMY_KILL","is_daily":false,"chose_seed":false,"campfire_upgraded":1,"win_rate":0.0,"timestamp":1609419292,"path_taken":["M","?","?","?","?","E","R","E","T","?","?","?","M","M","R","BOSS","M","?","?","M","M","R","?","M","T","?","E","R","M","?","R","BOSS","M","?","$","M","?","R","E","$","T","R","M","M","M","E","R","BOSS"],"items_purchased_type":["Relic","Card","Card","Relic","Card","Card","Card"],"build_version":"2020-12-22","purchased_purges":0,"victory":false,"max_hp_per_floor":[75,82,82,82,82,82,82,82,82,82,82,82,82,82,82,82,82,82,82,82,82,82,82,82,82,82,82,82,82,82,87,87,87,105,105,105,105,105,105,105,105,105,105,105,105,105,105,105,105,105,105],"card_choices":[{"not_picked":["Storm","Chill"],"picked":"Conserve Battery","floor":1},{"not_picked":["Rebound","Stack"],"picked":"Steam","floor":4},{"not_picked":["Beam Cell","Loop"],"picked":"Self Repair","floor":6},{"not_picked":["Undo","Skim"],"picked":"Conserve Battery","floor":8},{"not_picked":["Hologram","Chill"],"picked":"Blizzard","floor":10},{"not_picked":["Go for the Eyes","Sweeping Beam"],"picked":"Leap","floor":13},{"not_picked":["Hologram","ReplayTheSpireMod:GoodbyeWorld"],"picked":"Time Bomb","floor":14},{"not_picked":["Multi-Cast","Mirror Shield"],"picked":"Electrodynamics","floor":16},{"not_picked":["Turbo","Reinforced Body+1","Streamline"],"picked":"Redo","floor":18},{"not_picked":["Barrage","Cold Snap","Panic Button"],"picked":"Leap","floor":20},{"not_picked":["Amplify","ReplayTheSpireMod:Reroute Power","Stack"],"picked":"Steam","floor":21},{"not_picked":["Hologram","Darkness","Sweeping Beam"],"picked":"Go for the Eyes+1","floor":22},{"not_picked":["hubris:PowerSurge+1","BasicCrystalCard","Barrage"],"picked":"Gash+1","floor":25},{"not_picked":["Leap","Reinforced Body","Stack"],"picked":"Redo","floor":27},{"not_picked":["Rebound","Scrape","Beam Cell"],"picked":"Turbo+1","floor":28},{"not_picked":["ReplaySort+1","Sweeping Beam","Hologram"],"picked":"Gash","floor":30},{"not_picked":["Seek","hubris:DoWhile","Reboot"],"picked":"Echo Form","floor":33},{"not_picked":["Overencumbered","Spreading Infection","Delirium"],"picked":"hubris:Wrath","floor":34},{"not_picked":["Doubt","Delirium","ReplayTheSpireMod:Splinters"],"picked":"Writhe","floor":34},{"not_picked":["Voices","Overencumbered","sneckomod:Bewildered"],"picked":"Sickly","floor":34},{"not_picked":["Leap","Redo+1","Ball Lightning+1"],"picked":"Loop+1","floor":35},{"not_picked":["Streamline+1","Panic Button","ReplayTheSpireMod:GoodbyeWorld+1"],"picked":"Steam+1","floor":38},{"not_picked":["Barrage+1","Rebound","Meteor Strike"],"picked":"Go for the Eyes+1","floor":41},{"not_picked":["Capacitor","Sweeping Beam+1","Hologram"],"picked":"FIFO Queue+1","floor":44},{"not_picked":["Chaos+1","Beam Cell","Panic Button"],"picked":"Rebound+1","floor":45},{"not_picked":["Steam+1","Barrage+1","Leap+1"],"picked":"Crystallizer+1","floor":46},{"not_picked":["Hyperbeam","Hello World","Melter"],"picked":"Turbo+1","floor":47},{"not_picked":["Reinforced Body+1","ReplaySort","Beam Cell+1"],"picked":"Rebound+1","floor":48},{"not_picked":["Gash","hubris:Prefetch","Panic Button"],"picked":"Static Discharge+1","floor":49}],"player_experience":423550,"relics_obtained":[{"floor":2,"key":"Strawberry"},{"floor":6,"key":"Whetstone"},{"floor":8,"key":"InkBottle"},{"floor":9,"key":"hubris:Metronome"},{"floor":11,"key":"Incense Burner"},{"floor":26,"key":"Mirror"},{"floor":28,"key":"Iron Hammer"},{"floor":41,"key":"ReplayTheSpireMod:Ninjato"},{"floor":43,"key":"Dream Catcher"},{"floor":48,"key":"hubris:BallOfYels"}],"event_choices":[{"cards_removed":["Zap"],"damage_healed":0,"gold_gain":0,"player_choice":"Offered Basic","damage_taken":0,"max_hp_gain":0,"max_hp_loss":0,"event_name":"Bonfire Elementals","floor":3,"gold_loss":0},{"damage_healed":0,"gold_gain":0,"cards_transformed":["Steam"],"player_choice":"Transformed","damage_taken":0,"max_hp_gain":0,"max_hp_loss":0,"event_name":"Transmorgrifier","floor":5,"gold_loss":0,"cards_obtained":["Darkness"]},{"damage_healed":0,"gold_gain":0,"player_choice":"Ignored","damage_taken":0,"max_hp_gain":0,"max_hp_loss":0,"event_name":"N\u0027loth","floor":19,"gold_loss":0},{"damage_healed":0,"gold_gain":0,"player_choice":"1 cards matched","damage_taken":0,"max_hp_gain":0,"max_hp_loss":0,"event_name":"Match and Keep!","floor":24,"gold_loss":0,"cards_obtained":["Stack"]},{"damage_healed":0,"gold_gain":0,"player_choice":"Shed Blood","damage_taken":21,"max_hp_gain":5,"max_hp_loss":0,"event_name":"Forgotten Altar","floor":31,"gold_loss":0}],"is_beta":false,"boss_relics":[{"not_picked":["ChewingGum","Ring of Chaos"],"picked":"Honey Jar"},{"not_picked":["Coffee Dripper","Astrolabe"],"picked":"Replay:Ancient Bell"},{"not_picked":["Replay:Antivirus Software","ReplayTheSpireMod:TigerMarble"],"picked":"Geode"},{"not_picked":["hubris:SphereOfDissonance","hubris:TinFlute"],"picked":"Darkstone Periapt"},{"not_picked":["Du-Vu Doll","Turnip"],"picked":"Replay:Kaleidoscope"}],"items_purged_floors":[],"is_endless":false,"potions_floor_spawned":[1,4,13,16,21,28,30,33,38,41,48],"killed_by":"Replay:Hell Engine","ascension_level":4}}