{"host":"tvs5yxzo65ue2qcy","time":1609415782,"event":{"mods":["BaseMod","DeckTracker","Highlight Path","Minty Spire (QoL Compilation)","Permanent Neow","Quick Restart","StSLib","SuperFastMode","everything is the same but u backflip on backflip"],"gold_per_floor":[364,118,118,137,149,149,166,166,166,166,166,246,246,246,246,246,246],"floor_reached":16,"playtime":203,"items_purged":["Regret"],"score":176,"play_id":"29e06d67-b5db-4792-9638-63cc2f3b1326","local_time":"20201231205622","is_ascension_mode":true,"campfire_choices":[{"data":"Neutralize","floor":6,"key":"SMITH"},{"data":"Tactician","floor":8,"key":"SMITH"},{"data":"Reflex","floor":10,"key":"SMITH"},{"data":"Glass Knife","floor":13,"key":"SMITH"},{"floor":15,"key":"REST"}],"circlet_count":0,"master_deck":["AscendersBane","Strike_G","Strike_G","Strike_G","Defend_G","Defend_G+1","Defend_G+1","Defend_G","Defend_G","Survivor","Neutralize+1","Glass Knife+1","Infinite Blades","Grand Finale","Reflex+1","Tactician+1","Finisher"],"relics":["Ring of the Snake","Oddly Smooth Stone","Singing Bowl"],"acts_visited":["Exordium"],"potions_floor_usage":[16,16],"damage_taken":[{"damage":0,"enemies":"2 Louse","floor":1,"turns":4},{"damage":0,"enemies":"Cultist","floor":4,"turns":4},{"damage":0,"enemies":"Jaw Worm","floor":5,"turns":4},{"damage":8,"enemies":"Large Slime","floor":7,"turns":3},{"damage":43,"enemies":"The Guardian","floor":16,"turns":5}],"seed_played":"7267065182581274227","potions_obtained":[{"floor":1,"key":"BlessingOfTheForge"},{"floor":7,"key":"AttackPotion"}],"is_trial":false,"path_per_floor":["M","$","?","M","M","R","M","R","T","R","?","T","R","?","R","B"],"character_chosen":"THE_SILENT","items_purchased":["Glass Knife","Infinite Blades"],"campfire_rested":1,"item_purchase_floors":[2,2],"current_hp_per_floor":[59,59,59,59,59,59,51,51,51,51,31,31,31,24,43,0,0],"gold":246,"neow_bonus":"TWO_FIFTY_GOLD","is_daily":false,"chose_seed":false,"campfire_upgraded":4,"win_rate":0.0,"timestamp":1609415782,"path_taken":["M","$","?","M","M","R","?","R","T","R","?","?","R","?","R","BOSS"],"items_purchased_type":["Card","Card"],"build_version":"2020-12-22","purchased_purges":1,"victory":false,"max_hp_per_floor":[66,66,66,66,66,66,66,66,66,66,66,66,66,66,66,66,66],"card_choices":[{"not_picked":["Catalyst","Underhanded Strike","Slice"],"picked":"SKIP","floor":1},{"not_picked":["PiercingWail","Outmaneuver"],"picked":"Reflex","floor":4},{"not_picked":["Blade Dance","Prepared"],"picked":"Tactician","floor":5},{"not_picked":["Dagger Spray","All Out Attack"],"picked":"Finisher","floor":7}],"player_experience":431327,"relics_obtained":[{"floor":9,"key":"Oddly Smooth Stone"},{"floor":12,"key":"Singing Bowl"}],"event_choices":[{"damage_healed":0,"gold_gain":0,"cards_transformed":["Strike_G"],"player_choice":"Transformed","damage_taken":0,"max_hp_gain":0,"max_hp_loss":0,"event_name":"Transmorgrifier","floor":3,"gold_loss":0,"cards_obtained":["Grand Finale"]},{"damage_healed":0,"gold_gain":0,"player_choice":"Entered Light","damage_taken":20,"max_hp_gain":0,"max_hp_loss":0,"event_name":"Shining Light","floor":11,"gold_loss":0,"cards_upgraded":["Defend_G","Defend_G"]},{"cards_removed":["Strike_G"],"damage_healed":0,"gold_gain":0,"player_choice":"Card Removal","damage_taken":7,"max_hp_gain":0,"max_hp_loss":0,"event_name":"Golden Wing","floor":14,"gold_loss":0}],"is_beta":false,"boss_relics":[],"items_purged_floors":[2],"is_endless":false,"potions_floor_spawned":[1,7],"killed_by":"The Guardian","ascension_level":20}}