{"host":"7o30bgpqouqblh42","time":1609394166,"event":{"mods":["AchievementEnabler","Aspiration","BaseMod","Colored Map","Downfall","Highlight Path","Minty Spire (QoL Compilation)","StSLib","SuperFastMode"],"gold_per_floor":[116,291,291,304,319,344,344,372,372,391,391,426,402,183,183,287,287,304,125,136,136,136,136,155,155,208,224,224,235,235,251,251,354,354,373,28,46,46,65,65,81,81,107,0,0,17,30,30,30,30,30],"floor_reached":50,"playtime":2342,"items_purged":["Strike_R","Doubt","Violence"],"score":556,"play_id":"c111abbd-fc61-4126-ad09-713bca6f25b1","local_time":"20201231005606","is_ascension_mode":true,"campfire_choices":[{"floor":7,"key":"REST"},{"data":"Reaper","floor":11,"key":"SMITH"},{"floor":15,"key":"REST"},{"data":"Bash","floor":23,"key":"SMITH"},{"data":"Iron Wave","floor":28,"key":"SMITH"},{"floor":30,"key":"RECALL"},{"data":"Seeing Red","floor":32,"key":"SMITH"},{"floor":40,"key":"REST"},{"data":"Apotheosis","floor":42,"key":"SMITH"},{"floor":49,"key":"REST"}],"circlet_count":0,"master_deck":["Strike_R","Strike_R","Strike_R","Strike_R","Defend_R","Defend_R","Defend_R","Defend_R","Bash+1","Combust+1","Clash","Fire Breathing","Reaper+1","Impervious","Iron Wave+1","Uppercut","Metallicize+1","Cleave+1","Seeing Red+1","Berserk","Apotheosis+1","The Bomb","Rupture+1"],"relics":["Burning Blood","Guardian:PocketSentry","Bag of Marbles","Ornamental Fan","Darkstone Periapt","Vajra","Busted Crown","Mark of Pain","Anchor","Omamori","Red Mask"],"acts_visited":["Exordium","TheCity","TheBeyond"],"potions_floor_usage":[6,8,10,33,33,46,50,50,50],"damage_taken":[{"damage":0,"enemies":"Small Slimes","floor":1,"turns":3},{"damage":11,"enemies":"Jaw Worm","floor":4,"turns":3},{"damage":8,"enemies":"Cultist","floor":5,"turns":4},{"damage":38,"enemies":"Lagavulin","floor":6,"turns":7},{"damage":25,"enemies":"Gremlin Nob","floor":8,"turns":4},{"damage":1,"enemies":"Lots of Slimes","floor":10,"turns":1},{"damage":31,"enemies":"Lagavulin","floor":12,"turns":7},{"damage":14,"enemies":"Slime Boss","floor":16,"turns":7},{"damage":12,"enemies":"Chosen","floor":18,"turns":4},{"damage":25,"enemies":"Shell Parasite","floor":20,"turns":5},{"damage":16,"enemies":"Snecko","floor":24,"turns":5},{"damage":16,"enemies":"Centurion and Healer","floor":27,"turns":7},{"damage":16,"enemies":"Shelled Parasite and Fungi","floor":29,"turns":4},{"damage":21,"enemies":"Sentry and Sphere","floor":31,"turns":4},{"damage":45,"enemies":"Automaton","floor":33,"turns":8},{"damage":23,"enemies":"Orb Walker","floor":35,"turns":3},{"damage":4,"enemies":"3 Shapes","floor":37,"turns":3},{"damage":53,"enemies":"Transient","floor":39,"turns":5},{"damage":21,"enemies":"Sphere and 2 Shapes","floor":41,"turns":4},{"damage":9,"enemies":"Maw","floor":46,"turns":6},{"damage":21,"enemies":"Jaw Worm Horde","floor":47,"turns":3},{"damage":88,"enemies":"Time Eater","floor":50,"turns":10}],"seed_played":"-5062239299140107269","potions_obtained":[{"floor":1,"key":"HeartOfIron"},{"floor":6,"key":"Ancient Potion"},{"floor":8,"key":"Explosive Potion"},{"floor":27,"key":"BloodPotion"},{"floor":29,"key":"LiquidBronze"},{"floor":33,"key":"LiquidBronze"},{"floor":39,"key":"AttackPotion"},{"floor":46,"key":"EssenceOfSteel"},{"floor":47,"key":"Ancient Potion"}],"is_trial":false,"path_per_floor":["M","?","?","M","M","E","R","E","T","M","R","E","?","$","R","B",null,"M","$","M","?","?","R","M","?","T","M","R","M","R","M","R","B",null,"M","$","M","?","M","R","M","R","T","?","$","M","M","?","R","B"],"character_chosen":"IRONCLAD","items_purchased":["Vajra","Uppercut","Anchor","Regen Potion"],"campfire_rested":4,"item_purchase_floors":[14,19,36,36],"current_hp_per_floor":[62,62,62,57,55,23,47,28,28,33,33,11,11,11,35,39,80,80,80,61,69,69,69,68,68,68,70,70,69,69,60,60,55,80,63,63,80,70,32,56,50,50,50,50,50,53,38,38,62,0,0],"gold":30,"neow_bonus":"RANDOM_COLORLESS_2","is_daily":false,"chose_seed":false,"campfire_upgraded":5,"win_rate":0.0,"timestamp":1609394166,"path_taken":["M","?","?","?","?","E","R","E","T","M","R","E","?","$","R","BOSS","M","$","M","?","?","R","?","?","T","M","R","M","R","M","R","BOSS","M","$","?","?","M","R","M","R","T","?","?","M","?","?","R","BOSS"],"items_purchased_type":["Relic","Card","Relic","Potion"],"build_version":"2020-12-22","purchased_purges":3,"victory":false,"max_hp_per_floor":[80,80,80,80,80,80,80,80,80,80,80,80,80,80,80,80,80,80,80,80,80,80,80,80,80,80,80,80,80,80,80,80,80,80,80,80,80,80,80,80,80,80,80,80,80,80,80,80,80,80,80],"card_choices":[{"not_picked":["expansioncontent:Corrupt","Thinking Ahead"],"picked":"Violence","floor":0},{"not_picked":["Havoc","Pommel Strike"],"picked":"Combust","floor":1},{"not_picked":["Disarm","Clash"],"picked":"Fire Breathing","floor":4},{"not_picked":["Heavy Blade","Havoc","Anger"],"picked":"SKIP","floor":5},{"not_picked":["Heavy Blade","Sever Soul","Sentinel"],"picked":"SKIP","floor":6},{"not_picked":["Clothesline","Power Through"],"picked":"Reaper","floor":8},{"not_picked":["Twin Strike","Flex","Sword Boomerang"],"picked":"SKIP","floor":10},{"not_picked":["Anger","Dropkick","Body Slam"],"picked":"SKIP","floor":12},{"not_picked":["Brutality","Fiend Fire"],"picked":"Impervious","floor":16},{"not_picked":[],"picked":"Iron Wave","floor":18},{"not_picked":["Fire Breathing"],"picked":"SKIP","floor":20},{"not_picked":[],"picked":"Metallicize+1","floor":24},{"not_picked":[],"picked":"Cleave+1","floor":27},{"not_picked":[],"picked":"Seeing Red","floor":29},{"not_picked":["Uppercut"],"picked":"SKIP","floor":31},{"not_picked":[],"picked":"Berserk","floor":33},{"not_picked":["Twin Strike"],"picked":"SKIP","floor":35},{"not_picked":["Anger"],"picked":"SKIP","floor":37},{"not_picked":[],"picked":"Apotheosis","floor":38},{"not_picked":[],"picked":"The Bomb","floor":38},{"not_picked":["Pommel Strike"],"picked":"SKIP","floor":39},{"not_picked":[],"picked":"Rupture+1","floor":41},{"not_picked":["Armaments+1"],"picked":"SKIP","floor":46},{"not_picked":["Clothesline"],"picked":"SKIP","floor":47}],"player_experience":208290,"relics_obtained":[{"floor":6,"key":"Guardian:PocketSentry"},{"floor":8,"key":"Bag of Marbles"},{"floor":9,"key":"Ornamental Fan"},{"floor":12,"key":"Darkstone Periapt"},{"floor":43,"key":"Omamori"}],"event_choices":[{"damage_healed":0,"gold_gain":175,"player_choice":"AGREE","damage_taken":0,"max_hp_gain":0,"max_hp_loss":0,"event_name":"Liars Game","floor":2,"gold_loss":0,"cards_obtained":["Doubt"]},{"damage_healed":0,"gold_gain":0,"player_choice":"1 cards matched","damage_taken":0,"max_hp_gain":0,"max_hp_loss":0,"event_name":"Match and Keep!","floor":3,"gold_loss":0,"cards_obtained":["Clash"]},{"damage_healed":0,"gold_gain":0,"player_choice":"Left Gold","damage_taken":0,"max_hp_gain":0,"max_hp_loss":0,"event_name":"World of Goop","floor":13,"gold_loss":24},{"damage_healed":0,"gold_gain":0,"player_choice":"Upgraded","damage_taken":0,"max_hp_gain":0,"max_hp_loss":0,"event_name":"Upgrade Shrine","floor":22,"gold_loss":0,"cards_upgraded":["Combust"]},{"damage_healed":0,"gold_gain":0,"player_choice":"Ignored","damage_taken":0,"max_hp_gain":0,"max_hp_loss":0,"event_name":"N\u0027loth","floor":25,"gold_loss":0},{"damage_healed":0,"gold_gain":0,"player_choice":"Memory 3","damage_taken":10,"max_hp_gain":0,"max_hp_loss":0,"event_name":"SensoryStone","floor":38,"gold_loss":0},{"damage_healed":0,"gold_gain":0,"player_choice":"Paid","damage_taken":0,"relics_obtained":["Red Mask"],"max_hp_gain":0,"max_hp_loss":0,"event_name":"Tomb of Lord Red Mask","floor":44,"gold_loss":107},{"damage_healed":0,"gold_gain":0,"player_choice":"Ignored","damage_taken":0,"max_hp_gain":0,"max_hp_loss":0,"event_name":"Mysterious Sphere","floor":48,"gold_loss":0}],"is_beta":false,"boss_relics":[{"not_picked":["Black Star","aspiration:RunicSpoon"],"picked":"Busted Crown"},{"not_picked":["Calling Bell","Fusion Hammer"],"picked":"Mark of Pain"}],"items_purged_floors":[14,19,36],"is_endless":false,"potions_floor_spawned":[1,6,8,27,29,33,39,46,47],"killed_by":"Time Eater","ascension_level":3}}