{"host":"zit9o0ax6c2l3y2b","time":1609455787,"event":{"mods":["Aspiration","BaseMod","Colored Map","Conspire","Downfall","Glutton Mod","Hermit","Hubris","Infinite Spire","Minty Spire (QoL Compilation)","Random Character Button","Relic Filter","Replay The Spire","Shade Mod","Shop Mod","StSLib","The Construct","The Cursed","The Disciple","The Runesmith","TheArtist"],"gold_per_floor":[219,236,256,331,296,296,325,336,336,3,34,34,51,77,77,181,181,191,171,190,109,109,109,141,152,175,175,194,221,235,269,269,366,366,377,393,409,425,63,63,128,163,163,183,218,218,253,263,263,263],"floor_reached":51,"playtime":3605,"items_purged":[],"score":910,"play_id":"c4d7ee0b-e1e8-457a-90c7-387fdcc2894d","local_time":"20201231180307","is_ascension_mode":true,"campfire_choices":[{"data":"Runesmith:Fortify","floor":6,"key":"SMITH"},{"data":"Runesmith:Reinforce","floor":12,"key":"SMITH"},{"data":"Runesmith:Firewall","floor":15,"key":"SMITH"},{"data":"Runesmith:GrandSlam","floor":23,"key":"SMITH"},{"floor":32,"key":"DIG"},{"data":"Runesmith:HammerThrow+1","floor":40,"key":"SMITH"},{"data":"Runesmith:NanitesCloud+1","floor":46,"key":"SMITH"},{"data":"Runesmith:Firewall+1","floor":49,"key":"SMITH"}],"circlet_count":0,"master_deck":["Runesmith:Strike_RS","Runesmith:Strike_RS","Runesmith:Strike_RS","Runesmith:Strike_RS","Runesmith:Defend_RS","Runesmith:Defend_RS","Runesmith:Defend_RS","Runesmith:Defend_RS","Runesmith:CraftFirestone","Runesmith:Fortify+1","Runesmith:CraftIncendium","Runesmith:CraftProtectio","Runesmith:NanitesCloud","Runesmith:Firewall+2","Runesmith:ChiselStab","Runesmith:Reinforce+1","Runesmith:CraftMagma","Runesmith:Accelerate","Runesmith:GrandSlam+1","Runesmith:LithiumIon","Runesmith:Supernova","Runesmith:LithiumIon+1","Runesmith:HammerThrow","Runesmith:Reinforce+1","Runesmith:GenerateForcefield","Runesmith:NanitesCloud+2","Runesmith:HammerThrow+2","Runesmith:PoweredAnvil+1","Runesmith:Grindstone+1","Runesmith:CraftMagma+1"],"relics":["Runesmith:BrokenRuby","conspire:InfiniteJournal","Replay:Accelerometer","PreservedInsect","hubris:HerbalPaste","ReplayTheSpireMod:Lightbulb","Bag of Preparation","conspire:SpecialSausage","Frozen Egg 2","Toy Ornithopter","MutagenicStrength","Durian","Runesmith:EmergencyProvisions","Tiny Chest","Painkiller Herb","Garlic","Potion Belt","infinitespire:Lucky Rock","Runesmith:Nanobots","Pen Nib","Runesmith:MiniCore"],"acts_visited":["Exordium","TheCity","TheBeyond"],"potions_floor_usage":[7,13,20,20,20,24,24,29,33,42,45,47],"damage_taken":[{"damage":0,"enemies":"conspire:RoseBush","floor":1,"turns":3},{"damage":3,"enemies":"Small Slimes","floor":2,"turns":4},{"damage":1,"enemies":"Cultist","floor":3,"turns":5},{"damage":9,"enemies":"Lagavulin","floor":7,"turns":8},{"damage":21,"enemies":"3 Louse","floor":8,"turns":4},{"damage":4,"enemies":"3 Sentries","floor":11,"turns":6},{"damage":0,"enemies":"Gremlin Gang","floor":13,"turns":3},{"damage":4,"enemies":"Replay:BlueRogue","floor":14,"turns":5},{"damage":20,"enemies":"Slime Boss","floor":16,"turns":6},{"damage":2,"enemies":"Chosen","floor":18,"turns":5},{"damage":7,"enemies":"Spheric Guardian","floor":20,"turns":4},{"damage":3,"enemies":"Nightmare","floor":24,"turns":6},{"damage":17,"enemies":"Shelled Parasite and Fungi","floor":25,"turns":7},{"damage":8,"enemies":"Snake Plant","floor":28,"turns":4},{"damage":0,"enemies":"Replay:Snechameleon","floor":29,"turns":4},{"damage":0,"enemies":"Chosen and Byrds","floor":30,"turns":6},{"damage":3,"enemies":"conspire:Head Lice","floor":31,"turns":7},{"damage":0,"enemies":"Automaton","floor":33,"turns":6},{"damage":0,"enemies":"Orb Walker","floor":35,"turns":3},{"damage":0,"enemies":"3 Shapes","floor":36,"turns":4},{"damage":0,"enemies":"Spire Growth","floor":37,"turns":5},{"damage":0,"enemies":"Maw","floor":38,"turns":7},{"damage":0,"enemies":"Giant Head","floor":42,"turns":8},{"damage":0,"enemies":"4 Shapes","floor":44,"turns":4},{"damage":12,"enemies":"Nemesis","floor":45,"turns":6},{"damage":25,"enemies":"Nightmare","floor":47,"turns":9},{"damage":0,"enemies":"Sphere and 2 Shapes","floor":48,"turns":5},{"damage":19,"enemies":"Donu and Deca","floor":50,"turns":9}],"seed_played":"-4265877640734528742","potions_obtained":[{"floor":2,"key":"DistilledChaos"},{"floor":8,"key":"Adrenaline Potion"},{"floor":13,"key":"Milkshake"},{"floor":19,"key":"EntropicBrew"},{"floor":25,"key":"Elixir"},{"floor":28,"key":"LiquidMemories"},{"floor":31,"key":"ColorlessPotion"},{"floor":33,"key":"Block Potion"},{"floor":35,"key":"Adrenaline Potion"},{"floor":36,"key":"SpeedPotion"},{"floor":38,"key":"SteroidPotion"},{"floor":44,"key":"SkillPotion"},{"floor":47,"key":"DuplicationPotion"}],"is_trial":false,"path_per_floor":["M","M","M","?","?","R","E","M","T","$","E","R","M","E","R","B",null,"M","?","M","$","?","R","NM","M","T","?","M","E","M","E","R_BF","B",null,"?","?","?","?","T","T","?","E","T","?","E","T","NM","?","T","B",null],"character_chosen":"RUNESMITH_CLASS","items_purchased":["PreservedInsect","hubris:HerbalPaste","Runesmith:ChiselStab","Runesmith:LithiumIon","Runesmith:HammerThrow+1","Runesmith:PoweredAnvil+1","Garlic"],"campfire_rested":0,"item_purchase_floors":[10,10,10,21,39,39,39],"current_hp_per_floor":[70,67,66,55,70,70,61,40,40,40,42,42,47,49,49,35,70,68,68,63,63,63,63,66,54,54,54,52,68,74,73,73,75,75,75,75,75,75,75,75,57,68,68,74,63,63,49,55,55,42],"gold":263,"neow_bonus":"HUNDRED_GOLD","is_daily":false,"chose_seed":false,"campfire_upgraded":7,"win_rate":0.0,"timestamp":1609455787,"path_taken":["M","M","M","?","?","R","E","M","T","$","E","R","M","E","R","BOSS","M","?","?","$","?","R","NM","?","T","?","M","E","M","E","R_BF","BOSS","?","?","?","?","T","T","?","E","T","?","E","T","NM","?","T","BOSS"],"items_purchased_type":["Relic","Relic","Card","Card","Card","Card","Relic"],"build_version":"2020-12-22","purchased_purges":0,"victory":true,"max_hp_per_floor":[70,70,70,70,70,70,70,70,70,70,70,70,70,70,70,70,70,70,70,70,70,70,70,70,70,70,70,70,75,75,75,75,75,75,75,75,75,75,75,75,75,75,75,75,75,75,75,75,75,75],"card_choices":[{"not_picked":["Runesmith:CraftMagma","aspiration:UnbridledHammer"],"picked":"Runesmith:CraftIncendium","floor":1},{"not_picked":["Runesmith:EarthShield","Runesmith:StaticCage"],"picked":"Runesmith:CraftProtectio","floor":2},{"not_picked":["Runesmith:HammerThrow","Runesmith:ElementalConversion"],"picked":"Runesmith:NanitesCloud","floor":3},{"not_picked":["Runesmith:ElementalConversion","Runesmith:CraftIncendium","Runesmith:HeatedChisel"],"picked":"SKIP","floor":7},{"not_picked":["Runesmith:PerfectChisel","Runesmith:MakeshiftArmor"],"picked":"Runesmith:Firewall","floor":8},{"not_picked":["Runesmith:Firestorm","Runesmith:Grindstone"],"picked":"Runesmith:Reinforce","floor":11},{"not_picked":["Runesmith:HeatExchange","Runesmith:EarthShield"],"picked":"Runesmith:CraftMagma","floor":13},{"not_picked":["Runesmith:StaticCage","Runesmith:Repurpose"],"picked":"Runesmith:Accelerate","floor":14},{"not_picked":["Runesmith:DuctTape","Runesmith:Duplicate"],"picked":"Runesmith:GrandSlam","floor":16},{"not_picked":["Runesmith:StaticCage","Runesmith:UnstableHammer","Runesmith:ShiftingStrike"],"picked":"SKIP","floor":18},{"not_picked":["Runesmith:StaticCage","Runesmith:MakeshiftArmor","Runesmith:Firewall+1"],"picked":"SKIP","floor":20},{"not_picked":["Runesmith:ChiselStab","Runesmith:Terraform"],"picked":"Runesmith:LithiumIon+1","floor":24},{"not_picked":["Runesmith:CraftMagma","Runesmith:Electrocute"],"picked":"Runesmith:HammerThrow","floor":25},{"not_picked":["Runesmith:Accelerate+1","Runesmith:EnergizedChisel","Runesmith:HeatExchange"],"picked":"SKIP","floor":28},{"not_picked":["Runesmith:BackupBattery","Runesmith:Accelerate+1"],"picked":"Runesmith:Reinforce+1","floor":29},{"not_picked":["Runesmith:ChaoticBlast","Runesmith:StaticCage+1","Runesmith:Repurpose"],"picked":"SKIP","floor":30},{"not_picked":["Runesmith:HeatExchange","Runesmith:ChiselStab","Runesmith:GoWithTheFlow"],"picked":"SKIP","floor":31},{"not_picked":["Runesmith:CraftIndustria","Runesmith:FissionHammer"],"picked":"Runesmith:GenerateForcefield","floor":33},{"not_picked":["Runesmith:MakeshiftArmor","Runesmith:Repurpose","Runesmith:HeatExchange"],"picked":"SKIP","floor":35},{"not_picked":["Runesmith:CraftMagma","Runesmith:RuneHurl+1"],"picked":"Runesmith:NanitesCloud+1","floor":36},{"not_picked":["Runesmith:FieryHammer","Runesmith:EnergizedChisel+1","Runesmith:ElementalConversion"],"picked":"SKIP","floor":37},{"not_picked":["Runesmith:CraftIncendium","Runesmith:GenerateForcefield","Runesmith:Refine"],"picked":"SKIP","floor":38},{"not_picked":["Runesmith:MakeshiftArmor","Runesmith:Repurpose+1"],"picked":"Runesmith:Grindstone+1","floor":41},{"not_picked":["Runesmith:CraftMagma+1","Runesmith:ChiselStab+1","Runesmith:HammerAndChisel+1"],"picked":"SKIP","floor":42},{"not_picked":["Runesmith:Empowerment","Runesmith:CraftMagma+1","Runesmith:GenerateForcefield"],"picked":"SKIP","floor":44},{"not_picked":["Runesmith:Overpower","Runesmith:EnergizedChisel","Runesmith:MakeshiftArmor"],"picked":"SKIP","floor":45},{"not_picked":["Runesmith:MetallurgicalResearch","Runesmith:Repurpose"],"picked":"Runesmith:CraftMagma+1","floor":47},{"not_picked":["Runesmith:CraftReservo+1","Runesmith:StaticCage+1","Runesmith:DoubleUp+1"],"picked":"SKIP","floor":48}],"player_experience":411098,"relics_obtained":[{"floor":7,"key":"conspire:InfiniteJournal"},{"floor":9,"key":"Replay:Accelerometer"},{"floor":11,"key":"ReplayTheSpireMod:Lightbulb"},{"floor":14,"key":"Bag of Preparation"},{"floor":24,"key":"Frozen Egg 2"},{"floor":26,"key":"Toy Ornithopter"},{"floor":29,"key":"Durian"},{"floor":31,"key":"Runesmith:EmergencyProvisions"},{"floor":32,"key":"Tiny Chest"},{"floor":41,"key":"Potion Belt"},{"floor":42,"key":"infinitespire:Lucky Rock"},{"floor":43,"key":"Runesmith:Nanobots"},{"floor":45,"key":"Pen Nib"},{"floor":47,"key":"Runesmith:MiniCore"}],"event_choices":[{"damage_healed":0,"gold_gain":75,"player_choice":"Gather Gold","damage_taken":11,"max_hp_gain":0,"max_hp_loss":0,"event_name":"World of Goop","floor":4,"gold_loss":0},{"damage_healed":17,"gold_gain":0,"player_choice":"Healed","damage_taken":0,"max_hp_gain":0,"max_hp_loss":0,"event_name":"The Cleric","floor":5,"gold_loss":35},{"damage_healed":0,"gold_gain":0,"player_choice":"Bought 1 Potion","damage_taken":0,"max_hp_gain":0,"max_hp_loss":0,"event_name":"The Woman in Blue","floor":19,"gold_loss":0},{"damage_healed":0,"gold_gain":0,"player_choice":"1 cards matched","damage_taken":0,"max_hp_gain":0,"max_hp_loss":0,"event_name":"Match and Keep!","floor":22,"gold_loss":0,"cards_obtained":["Runesmith:Supernova"]},{"damage_healed":0,"gold_gain":0,"player_choice":"Inject Mutagens","damage_taken":0,"relics_obtained":["MutagenicStrength"],"max_hp_gain":0,"max_hp_loss":0,"event_name":"Drug Dealer","floor":27,"gold_loss":0}],"is_beta":false,"boss_relics":[{"not_picked":["Runic Dome","aspiration:SecretTechniqueScroll"],"picked":"conspire:SpecialSausage"},{"not_picked":["aspiration:SilentSkillbook","hubris:RunicObelisk"],"picked":"Painkiller Herb"}],"items_purged_floors":[],"is_endless":false,"potions_floor_spawned":[2,8,13,25,28,31,33,35,36,38,44,47],"ascension_level":1}}