{"host":"w5ovz9boloi14a0g","time":1609444218,"event":{"mods":["BaseMod","Googly Eyes","Minty Spire (QoL Compilation)","StSLib","SuperFastMode"],"gold_per_floor":[17,17,35,35,35,69,81,127,162,214,244,256,283,295,307,447,459,414,22,22,22,22,22,22,22,22,22,22,22,22,22,22,22,22,22,22,22,22,22,22,22,22,22],"floor_reached":42,"playtime":1233,"items_purged":[],"score":603,"play_id":"15be0d81-5343-49dc-809e-db3dee5ec218","local_time":"20201231135018","is_ascension_mode":true,"campfire_choices":[{"data":"Bash","floor":7,"key":"SMITH"},{"floor":12,"key":"REST"},{"data":"Iron Wave","floor":15,"key":"SMITH"},{"data":"Headbutt","floor":27,"key":"SMITH"},{"data":"Cleave","floor":29,"key":"SMITH"},{"data":"Defend_R","floor":32,"key":"SMITH"},{"data":"1","floor":40,"key":"LIFT"}],"circlet_count":0,"master_deck":["Strike_R","Strike_R","Strike_R","Strike_R","Strike_R","Defend_R","Defend_R","Defend_R","Defend_R+1","Bash+1","Iron Wave+1","Injury","Uppercut+1","Headbutt+1","Twin Strike+1","Feed+1","Shame","Iron Wave+1","Cleave+1","Ghostly Armor+1","Shrug It Off+1"],"relics":["Burning Blood","Bloody Idol","MawBank","Centennial Puzzle","Orichalcum","Anchor","Vajra","Ectoplasm","HandDrill","Frozen Egg 2","PreservedInsect","Pen Nib","Strawberry","Whetstone","Art of War","SlaversCollar","Girya","Happy Flower"],"acts_visited":["Exordium","TheCity","TheBeyond"],"potions_floor_usage":[10,23,37,41],"damage_taken":[{"damage":0,"enemies":"2 Louse","floor":1,"turns":3},{"damage":5,"enemies":"Small Slimes","floor":3,"turns":5},{"damage":24,"enemies":"Gremlin Nob","floor":6,"turns":5},{"damage":48,"enemies":"3 Sentries","floor":8,"turns":10},{"damage":21,"enemies":"Lagavulin","floor":10,"turns":6},{"damage":0,"enemies":"Cultist","floor":11,"turns":2},{"damage":0,"enemies":"2 Fungi Beasts","floor":13,"turns":3},{"damage":48,"enemies":"Hexaghost","floor":16,"turns":12},{"damage":8,"enemies":"2 Thieves","floor":18,"turns":4},{"damage":3,"enemies":"Slavers","floor":23,"turns":3},{"damage":4,"enemies":"Spheric Guardian","floor":24,"turns":3},{"damage":12,"enemies":"Book of Stabbing","floor":25,"turns":3},{"damage":0,"enemies":"Gremlin Leader","floor":28,"turns":7},{"damage":0,"enemies":"Snake Plant","floor":31,"turns":3},{"damage":100,"enemies":"Champ","floor":33,"turns":11},{"damage":10,"enemies":"3 Shapes","floor":35,"turns":5},{"damage":15,"enemies":"Orb Walker","floor":36,"turns":3},{"damage":67,"enemies":"2 Orb Walkers","floor":37,"turns":7},{"damage":12,"enemies":"Jaw Worm Horde","floor":38,"turns":5},{"damage":14,"enemies":"3 Darklings","floor":39,"turns":6},{"damage":14,"enemies":"Reptomancer","floor":41,"turns":6},{"damage":36,"enemies":"Writhing Mass","floor":42,"turns":7}],"seed_played":"1262110395121945533","potions_obtained":[{"floor":3,"key":"Fire Potion"},{"floor":6,"key":"SkillPotion"},{"floor":10,"key":"ColorlessPotion"},{"floor":11,"key":"Explosive Potion"},{"floor":25,"key":"Block Potion"},{"floor":36,"key":"Strength Potion"},{"floor":37,"key":"Block Potion"},{"floor":41,"key":"Swift Potion"}],"is_trial":false,"path_per_floor":["M","?","M","$","?","E","R","E","T","E","M","R","M","?","R","B",null,"M","$","?","?","?","E","M","E","T","R","E","R","?","M","R","B",null,"M","M","?","M","M","R","E","M"],"character_chosen":"IRONCLAD","items_purchased":["HandDrill","Frozen Egg 2"],"campfire_rested":1,"item_purchase_floors":[19,19],"current_hp_per_floor":[96,96,96,96,96,78,78,36,36,21,27,55,61,58,58,16,96,94,94,94,94,94,99,102,106,106,106,116,116,116,116,116,22,116,116,111,54,52,44,44,36,0,0],"gold":22,"neow_bonus":"TWENTY_PERCENT_HP_BONUS","is_daily":false,"chose_seed":false,"campfire_upgraded":5,"win_rate":0.0,"timestamp":1609444218,"path_taken":["M","?","M","$","?","E","R","E","T","E","M","R","M","?","R","BOSS","M","$","?","?","?","E","?","E","T","R","E","R","?","M","R","BOSS","M","M","?","M","M","R","E","M"],"items_purchased_type":["Relic","Relic"],"build_version":"2020-12-22","purchased_purges":0,"victory":false,"max_hp_per_floor":[96,96,96,96,96,96,96,96,96,96,96,96,96,96,96,96,96,96,96,96,96,96,99,102,112,112,112,116,116,116,116,116,116,116,120,124,128,132,132,132,132,132,132],"card_choices":[{"not_picked":["Reckless Charge","Anger"],"picked":"Iron Wave","floor":1},{"not_picked":["Hemokinesis","Sentinel"],"picked":"Uppercut","floor":3},{"not_picked":["Clash","Sever Soul"],"picked":"Headbutt","floor":6},{"not_picked":["Warcry","Combust","Dual Wield"],"picked":"SKIP","floor":8},{"not_picked":["Power Through","Sword Boomerang","Pummel"],"picked":"SKIP","floor":10},{"not_picked":["Dark Embrace","Havoc"],"picked":"Twin Strike","floor":11},{"not_picked":["Bloodletting","Iron Wave","Headbutt"],"picked":"SKIP","floor":13},{"not_picked":["Berserk","Immolate"],"picked":"Feed","floor":16},{"not_picked":["Combust","Hemokinesis","Body Slam"],"picked":"SKIP","floor":18},{"not_picked":["Headbutt+1","Disarm","Searing Blow"],"picked":"SKIP","floor":23},{"not_picked":["Infernal Blade","Shrug It Off"],"picked":"Cleave","floor":24},{"not_picked":["Combust+1","Blood for Blood+1"],"picked":"Ghostly Armor+1","floor":25},{"not_picked":["Sword Boomerang","Warcry+1","Flame Barrier+1"],"picked":"SKIP","floor":28},{"not_picked":["Pommel Strike","Burning Pact+1","Headbutt+1"],"picked":"SKIP","floor":31},{"not_picked":["Entrench+1","Sword Boomerang","Thunderclap+1"],"picked":"SKIP","floor":35},{"not_picked":["Flex+1","Flame Barrier+1","Shockwave"],"picked":"SKIP","floor":36},{"not_picked":["True Grit","Flex+1"],"picked":"Shrug It Off+1","floor":37},{"not_picked":["Clothesline+1","Twin Strike+1","Armaments"],"picked":"SKIP","floor":38},{"not_picked":["Heavy Blade+1","Headbutt","Pommel Strike+1"],"picked":"SKIP","floor":39},{"not_picked":["Wild Strike+1","Flex+1","Havoc+1"],"picked":"SKIP","floor":41}],"player_experience":57785,"relics_obtained":[{"floor":6,"key":"MawBank"},{"floor":8,"key":"Centennial Puzzle"},{"floor":9,"key":"Orichalcum"},{"floor":10,"key":"Anchor"},{"floor":23,"key":"Pen Nib"},{"floor":25,"key":"Strawberry"},{"floor":26,"key":"Whetstone"},{"floor":28,"key":"Art of War"},{"floor":37,"key":"Girya"},{"floor":41,"key":"Happy Flower"}],"event_choices":[{"damage_healed":0,"gold_gain":0,"player_choice":"Take Wound","damage_taken":0,"relics_obtained":["Golden Idol"],"max_hp_gain":0,"max_hp_loss":0,"event_name":"Golden Idol","floor":2,"gold_loss":0,"cards_obtained":["Injury"]},{"damage_healed":0,"gold_gain":0,"player_choice":"Grow","damage_taken":0,"max_hp_gain":0,"max_hp_loss":0,"event_name":"Living Wall","floor":5,"gold_loss":0,"cards_upgraded":["Uppercut"]},{"damage_healed":0,"gold_gain":0,"player_choice":"Success","damage_taken":3,"relics_obtained":["Vajra"],"max_hp_gain":0,"max_hp_loss":0,"event_name":"Scrap Ooze","floor":14,"gold_loss":0},{"damage_healed":0,"gold_gain":0,"player_choice":"Ignored","damage_taken":0,"max_hp_gain":0,"max_hp_loss":0,"event_name":"Cursed Tome","floor":20,"gold_loss":0},{"damage_healed":0,"gold_gain":0,"player_choice":"Stole Relic","damage_taken":0,"relics_obtained":["PreservedInsect"],"max_hp_gain":0,"max_hp_loss":0,"event_name":"Addict","floor":21,"gold_loss":0,"cards_obtained":["Shame"]},{"damage_healed":0,"gold_gain":0,"player_choice":"Copied","damage_taken":0,"max_hp_gain":0,"max_hp_loss":0,"event_name":"Duplicator","floor":22,"gold_loss":0,"cards_obtained":["Iron Wave"]},{"damage_healed":0,"gold_gain":0,"player_choice":"Gave Idol","damage_taken":0,"relics_obtained":["Bloody Idol"],"max_hp_gain":0,"max_hp_loss":0,"event_name":"Forgotten Altar","floor":30,"relics_lost":["Golden Idol"],"gold_loss":0},{"damage_healed":0,"gold_gain":0,"player_choice":"Fight","damage_taken":0,"max_hp_gain":0,"max_hp_loss":0,"event_name":"Mysterious Sphere","floor":37,"gold_loss":0}],"is_beta":false,"boss_relics":[{"not_picked":["Empty Cage","Coffee Dripper"],"picked":"Ectoplasm"},{"not_picked":["Mark of Pain","Pandora\u0027s Box"],"picked":"SlaversCollar"}],"items_purged_floors":[],"is_endless":false,"potions_floor_spawned":[3,6,10,11,25,28,31,36,37,41],"killed_by":"Writhing Mass","ascension_level":1}}