{"host":"m6e09adb7fik7oct","time":1609426640,"event":{"mods":["AchievementEnabler","BaseMod","Better Altar","Better Note","Better Sensory Stone","Better Skull","Better Third Choice","Block Reminder","Colored Map","Displayed Cursed Tome","Ironclad Rager","Key Reminder","Mad Scientist","Minty Spire (QoL Compilation)","Permanent Neow","Quick Restart","RNG Fix","Relic Stats","Reorder Act Four","StSLib","Transform Curses","Unceasing Turn Reminder","everything is the same but u backflip on backflip"],"gold_per_floor":[12,0,175,175,189,206,240,11,35,35,70,82,102,132,132,227,227,242,255,255,255,274,274,302,312,312,312,644,644,71,89,89,188,188,205,205,205,223,223,256,256,286,286,286,67,79,2,50,50,50],"floor_reached":51,"playtime":5790,"items_purged":["Doubt","Injury"],"score":873,"play_id":"6ce84912-dc49-4558-bb12-3e19e2784e86","local_time":"20201231095720","is_ascension_mode":true,"campfire_choices":[{"floor":15.0,"key":"REST"},{"data":"Self Repair","floor":23.0,"key":"SMITH"},{"floor":27.0,"key":"REST"},{"data":"Seek","floor":32.0,"key":"SMITH"},{"data":"Turbo","floor":41,"key":"SMITH"},{"data":"Creative AI","floor":49,"key":"SMITH"}],"circlet_count":0,"master_deck":["Zap","Dualcast","Ball Lightning","Cold Snap","Ball Lightning","Cold Snap","Leap","Leap","Leap","Leap","Sweeping Beam","Capacitor","Machine Learning","Self Repair+1","Seek+1","Turbo+1","Creative AI+1","Darkness+1","All For One","Double Energy+1","Beam Cell+1","Self Repair+1","Sweeping Beam+1","Seek+1","Secret Weapon+1","Chill+1","ICR:ChainLightning","Beam Cell+1","Reboot+1","Coolheaded+1","Loop+1","Sunder+1"],"relics":["Cracked Core","Letter Opener","Membership Card","Akabeko","Lantern","Toxic Egg 2","Black Star","MutagenicStrength","Bag of Marbles","Bottled Flame","Cables","Kunai","Old Coin","Symbiotic Virus","Strange Spoon","Darkstone Periapt","Nunchaku","Sozu","Juzu Bracelet","Eternal Feather","Molten Egg 2","Emotion Chip","Frozen Egg 2","Shuriken","Toy Ornithopter","Oddly Smooth Stone","Unceasing Top"],"acts_visited":["Exordium","TheCity","TheBeyond"],"potions_floor_usage":[50],"damage_taken":[{"damage":0.0,"enemies":"Small Slimes","floor":1.0,"turns":3.0},{"damage":0.0,"enemies":"Jaw Worm","floor":5.0,"turns":2.0},{"damage":0.0,"enemies":"Cultist","floor":6.0,"turns":4.0},{"damage":22.0,"enemies":"Lagavulin","floor":7.0,"turns":7.0},{"damage":14.0,"enemies":"Gremlin Nob","floor":11.0,"turns":4.0},{"damage":0.0,"enemies":"Gremlin Gang","floor":12.0,"turns":2.0},{"damage":0.0,"enemies":"Exordium Wildlife","floor":13.0,"turns":2.0},{"damage":0.0,"enemies":"3 Sentries","floor":14.0,"turns":5.0},{"damage":33.0,"enemies":"Slime Boss","floor":16.0,"turns":7.0},{"damage":18.0,"enemies":"Chosen","floor":18.0,"turns":6.0},{"damage":27.0,"enemies":"Shell Parasite","floor":19.0,"turns":7.0},{"damage":4.0,"enemies":"3 Cultists","floor":22.0,"turns":5.0},{"damage":23.0,"enemies":"Slavers","floor":24.0,"turns":6.0},{"damage":10.0,"enemies":"Snecko","floor":25.0,"turns":4.0},{"damage":32.0,"enemies":"Gremlin Leader","floor":28.0,"turns":6.0},{"damage":0.0,"enemies":"Chosen and Byrds","floor":31.0,"turns":3.0},{"damage":37.0,"enemies":"Collector","floor":33.0,"turns":7.0},{"damage":7,"enemies":"3 Darklings","floor":35,"turns":3},{"damage":2,"enemies":"Orb Walker","floor":38,"turns":3},{"damage":33,"enemies":"Reptomancer","floor":40,"turns":6},{"damage":11,"enemies":"Nemesis","floor":42,"turns":5},{"damage":14,"enemies":"Spire Growth","floor":46,"turns":3},{"damage":28,"enemies":"2 Orb Walkers","floor":48,"turns":4},{"damage":54,"enemies":"Donu and Deca","floor":50,"turns":6}],"seed_played":"607514451255324740","potions_obtained":[{"floor":1.0,"key":"SmokeBomb"},{"floor":5.0,"key":"PotionOfCapacity"},{"floor":6.0,"key":"EntropicBrew"},{"floor":11.0,"key":"FocusPotion"},{"floor":16.0,"key":"Fruit Juice"},{"floor":18.0,"key":"BlessingOfTheForge"},{"floor":22.0,"key":"SmokeBomb"},{"floor":33.0,"key":"EssenceOfDarkness"}],"is_trial":false,"path_per_floor":["M","?","?","?","M","M","E","$","T","$","E","M","M","E","R","B",null,"M","M","?","?","M","R","E","M","T","R","E","?","$","M","R","B",null,"M","?","?","M","?","E","R","E","T","?","$","M","$","?","R","B",null],"character_chosen":"DEFECT","items_purchased":["Membership Card","Self Repair","Strange Spoon","Secret Weapon+1","Chill+1","Dark Shackles+1","Darkstone Periapt","Nunchaku","ICR:ChainLightning","PotionOfCapacity","Shuriken","Loop+1","Toy Ornithopter","Oddly Smooth Stone"],"campfire_rested":2,"item_purchase_floors":[8,8,30,30,30,30,30,30,30,30,45,45,45,47],"current_hp_per_floor":[50,50,50,50,50,50,28,28,28,28,21,28,35,42,62,41,73,62,42,42,42,45,45,32,32,32,53,41,41,41,61,61,24,73,73,69,69,69,69,56,69,69,69,79,79,75,75,57,75,45],"gold":50,"neow_bonus":"DEFECT_STORMLORD","is_daily":false,"chose_seed":false,"campfire_upgraded":4,"win_rate":0.0,"timestamp":1609426640,"path_taken":["M","?","?","?","M","?","E","$","T","?","E","M","M","E","R","BOSS","M","M","?","?","M","R","E","M","T","R","E","?","?","M","R","BOSS","M","?","?","M","?","E","R","E","T","?","$","M","?","?","R","BOSS"],"items_purchased_type":["Relic","Card","Relic","Card","Card","Card","Relic","Relic","Card","Potion","Relic","Card","Relic","Relic"],"build_version":"2020-12-22","purchased_purges":2,"victory":true,"max_hp_per_floor":[68,68,68,68,68,68,68,68,68,68,68,68,68,68,68,73,73,73,73,73,73,73,73,73,73,73,73,73,73,73,73,73,73,73,73,69,69,69,69,69,69,69,69,79,79,79,79,79,79,79],"relic_stats":{"Darkstone Periapt":0,"counters":[24,110],"Eternal Feather":31,"Juzu Bracelet":1,"Letter Opener":[254],"Cables":[46,22,13,11,0],"Sozu":3,"Strange Spoon":[17],"Nunchaku":[8],"Emotion Chip":[27,12,9,6,0],"Shuriken":[5],"Black Star":4,"Kunai":[13],"obtain_stats":[{"Darkstone Periapt":30,"Lantern":11,"Juzu Bracelet":40,"Old Coin":28,"Sozu":34,"Nunchaku":30,"Emotion Chip":42,"Kunai":28,"Toxic Egg 2":14,"Cracked Core":0,"Oddly Smooth Stone":47,"Eternal Feather":40,"Letter Opener":7,"Frozen Egg 2":43,"Akabeko":9,"Cables":26,"Strange Spoon":30,"Bottled Flame":24,"Shuriken":45,"MutagenicStrength":21,"Molten Egg 2":42,"Black Star":17,"Bag of Marbles":24,"Membership Card":8,"Symbiotic Virus":29,"Toy Ornithopter":45,"Unceasing Top":48},{"Darkstone Periapt":15,"Lantern":5,"Juzu Bracelet":20,"Old Coin":15,"Sozu":17,"Nunchaku":15,"Emotion Chip":21,"Kunai":15,"Toxic Egg 2":8,"Cracked Core":0,"Oddly Smooth Stone":22,"Eternal Feather":20,"Letter Opener":4,"Frozen Egg 2":21,"Akabeko":4,"Cables":14,"Strange Spoon":15,"Bottled Flame":13,"Shuriken":21,"MutagenicStrength":11,"Molten Egg 2":21,"Black Star":9,"Bag of Marbles":13,"Membership Card":4,"Symbiotic Virus":15,"Toy Ornithopter":21,"Unceasing Top":23},{"Darkstone Periapt":70,"Lantern":20,"Juzu Bracelet":92,"Old Coin":70,"Sozu":80,"Nunchaku":70,"Emotion Chip":97,"Kunai":70,"Toxic Egg 2":29,"Cracked Core":0,"Oddly Smooth Stone":100,"Eternal Feather":92,"Letter Opener":16,"Frozen Egg 2":97,"Akabeko":16,"Cables":64,"Strange Spoon":70,"Bottled Flame":60,"Shuriken":97,"MutagenicStrength":49,"Molten Egg 2":97,"Black Star":36,"Bag of Marbles":60,"Membership Card":16,"Symbiotic Virus":70,"Toy Ornithopter":97,"Unceasing Top":104}],"Toy Ornithopter":4,"Unceasing Top":[3]},"card_choices":[{"not_picked":["Hologram","Streamline"],"picked":"Sweeping Beam","floor":1.0},{"not_picked":["Finesse","Good Instincts"],"picked":"Magnetism","floor":4.0},{"not_picked":["Blizzard","Leap"],"picked":"Capacitor","floor":5.0},{"not_picked":["Steam","Redo","Compile Driver"],"picked":"SKIP","floor":6.0},{"not_picked":["Ball Lightning","Steam"],"picked":"Machine Learning","floor":7.0},{"not_picked":["Hologram","Gash"],"picked":"Seek","floor":11.0},{"not_picked":["Gash","Barrage"],"picked":"Turbo","floor":12.0},{"not_picked":["ICR:FrostFall","Turbo"],"picked":"Creative AI","floor":13.0},{"not_picked":["Barrage","Heatsinks"],"picked":"Darkness+1","floor":14.0},{"not_picked":["ICR:Cyclone","Core Surge"],"picked":"All For One","floor":16.0},{"not_picked":["Steam Power+1","Rebound","Leap+1"],"picked":"SKIP","floor":18.0},{"not_picked":["Compile Driver","Gash"],"picked":"Double Energy+1","floor":19.0},{"not_picked":["Steam+1","Cold Snap"],"picked":"Beam Cell+1","floor":22.0},{"not_picked":["Buffer","Amplify+1"],"picked":"Self Repair+1","floor":24.0},{"not_picked":["Beam Cell+1","Redo+1"],"picked":"Sweeping Beam+1","floor":25.0},{"not_picked":["Self Repair","Beam Cell"],"picked":"Seek+1","floor":28.0},{"not_picked":["Streamline","Rebound"],"picked":"Beam Cell+1","floor":31.0},{"not_picked":["Machine Learning","Buffer"],"picked":"Reboot+1","floor":33.0},{"not_picked":["Blizzard+1","Rebound","Barrage"],"picked":"SKIP","floor":35},{"not_picked":["Redo+1","Cold Snap+1"],"picked":"Coolheaded+1","floor":38},{"not_picked":["Fusion+1","All For One","Steam+1"],"picked":"SKIP","floor":40},{"not_picked":["Double Energy+1","Streamline+1","Genetic Algorithm+1"],"picked":"SKIP","floor":42},{"not_picked":["Compile Driver+1","Reinforced Body+1"],"picked":"Sunder+1","floor":46}],"player_experience":190855,"relics_obtained":[{"floor":7.0,"key":"Letter Opener"},{"floor":9.0,"key":"Akabeko"},{"floor":11.0,"key":"Lantern"},{"floor":14.0,"key":"Toxic Egg 2"},{"floor":24.0,"key":"Bag of Marbles"},{"floor":24.0,"key":"Bottled Flame"},{"floor":26.0,"key":"Cables"},{"floor":28.0,"key":"Kunai"},{"floor":28.0,"key":"Old Coin"},{"floor":40,"key":"Juzu Bracelet"},{"floor":40,"key":"Eternal Feather"},{"floor":42,"key":"Molten Egg 2"},{"floor":42,"key":"Emotion Chip"},{"floor":43,"key":"Frozen Egg 2"},{"floor":48,"key":"Unceasing Top"}],"event_choices":[{"damage_healed":0.0,"max_hp_gain":0.0,"max_hp_loss":0.0,"gold_gain":0.0,"event_name":"betterThird:BetterGoop","player_choice":"Left","floor":2.0,"gold_loss":12.0,"damage_taken":0.0},{"damage_healed":0.0,"max_hp_gain":0.0,"max_hp_loss":0.0,"gold_gain":175.0,"event_name":"betterThird:BetterSerpent","player_choice":"AGREE","floor":3.0,"gold_loss":0.0,"damage_taken":0.0},{"damage_healed":0.0,"max_hp_gain":0.0,"max_hp_loss":0.0,"gold_gain":1.0,"event_name":"betterStone:BetterStone","player_choice":"1","floor":4.0,"gold_loss":0.0,"damage_taken":0.0},{"damage_healed":0.0,"max_hp_gain":0.0,"max_hp_loss":0.0,"gold_gain":0.0,"event_name":"Beggar","player_choice":"Ignored","floor":20.0,"gold_loss":0.0,"damage_taken":0.0},{"damage_healed":0.0,"max_hp_gain":0.0,"max_hp_loss":0.0,"gold_gain":0.0,"event_name":"Drug Dealer","player_choice":"Inject Mutagens","floor":21.0,"gold_loss":0.0,"damage_taken":0.0,"relics_obtained":["MutagenicStrength"]},{"damage_healed":0.0,"max_hp_gain":0.0,"max_hp_loss":0.0,"gold_gain":0.0,"event_name":"WeMeetAgain","player_choice":"Gave Potion","floor":29.0,"gold_loss":0.0,"damage_taken":0.0,"relics_obtained":["Symbiotic Virus"]},{"damage_healed":0,"gold_gain":0,"player_choice":"Max HP","damage_taken":0,"max_hp_gain":0,"max_hp_loss":4,"event_name":"Winding Halls","floor":36,"gold_loss":0},{"cards_removed":["Dark Shackles"],"damage_healed":0,"gold_gain":0,"player_choice":"Removed Skill","damage_taken":0,"max_hp_gain":0,"max_hp_loss":0,"event_name":"Falling","floor":37,"gold_loss":0},{"damage_healed":0,"gold_gain":0,"player_choice":"Bought 0 Potions","damage_taken":0,"max_hp_gain":0,"max_hp_loss":0,"event_name":"The Woman in Blue","floor":39,"gold_loss":0},{"cards_removed":["Magnetism"],"damage_healed":0,"gold_gain":0,"player_choice":"Offered Rare","damage_taken":0,"max_hp_gain":10,"max_hp_loss":0,"event_name":"Bonfire Elementals","floor":44,"gold_loss":0},{"damage_healed":0,"gold_gain":0,"player_choice":"Fight","damage_taken":0,"max_hp_gain":0,"max_hp_loss":0,"event_name":"Mysterious Sphere","floor":48,"gold_loss":0}],"is_beta":false,"boss_relics":[{"not_picked":["Runic Dome","Cursed Key"],"picked":"Black Star"},{"not_picked":["Nuclear Battery","SlaversCollar"],"picked":"Sozu"}],"items_purged_floors":[8,30],"is_endless":false,"potions_floor_spawned":[1,5,6,11,16,18,22,25,33,35,38,42],"ascension_level":1}}