{"host":"1fg1a150gjswaegv","time":1609450766,"event":{"mods":["AchievementEnabler","BaseMod","Downfall","Hermit","Minty Spire (QoL Compilation)","StSLib","The Bug Knight"],"gold_per_floor":[117,137,148,148,162,162,193,212,212,15,15,15],"floor_reached":11,"playtime":722,"items_purged":[],"score":75,"play_id":"f885fd97-2cbb-4f77-868d-93758120894f","local_time":"20201231153926","is_ascension_mode":false,"campfire_choices":[{"data":"HollowMod:NewJinnsSoul","floor":6,"key":"SMITH"}],"circlet_count":0,"master_deck":["HollowMod:NailStrikeStart","HollowMod:NailStrikeStart","HollowMod:NailStrikeStart","HollowMod:QuickDashStart","HollowMod:QuickDashStart","HollowMod:QuickDashStart","HollowMod:QuickDashStart","HollowMod:FocusHealStart","HollowMod:PogoStrike","HollowMod:NewJinnsSoul+1","HollowMod:GoodIntentions","HollowMod:DescendingDark","HollowMod:ElderbugsWisdom","HollowMod:ShadowDash","HollowMod:Grubsong","HollowMod:NewGlowingWomb","HollowMod:DoubleDash"],"relics":["HollowMod:VesselMask","NeowsBlessing","Bag of Preparation","Mercury Hourglass","Sling"],"acts_visited":["Exordium"],"potions_floor_usage":[5,7,11],"damage_taken":[{"damage":0,"enemies":"Small Slimes","floor":1,"turns":1},{"damage":0,"enemies":"Cultist","floor":2,"turns":1},{"damage":0,"enemies":"2 Louse","floor":3,"turns":1},{"damage":14,"enemies":"Blue Slaver","floor":5,"turns":5},{"damage":44,"enemies":"HollowMod:MossKnight","floor":7,"turns":12},{"damage":4,"enemies":"Looter","floor":8,"turns":3},{"damage":53,"enemies":"Gremlin Nob","floor":11,"turns":4}],"seed_played":"9058677368660152686","potions_obtained":[{"floor":2,"key":"LiquidBronze"},{"floor":5,"key":"PowerPotion"},{"floor":8,"key":"Energy Potion"}],"is_trial":false,"path_per_floor":["M","M","M","?","M","R","E","M","T","$","E"],"character_chosen":"THE_BUGKNIGHT","items_purchased":["Sling","HollowMod:DoubleDash"],"campfire_rested":0,"item_purchase_floors":[10,10],"current_hp_per_floor":[75,75,75,75,66,66,28,24,24,24,0,0],"gold":15,"neow_bonus":"THREE_ENEMY_KILL","is_daily":false,"chose_seed":false,"campfire_upgraded":1,"win_rate":0.0,"timestamp":1609450766,"path_taken":["M","M","M","?","M","R","E","?","T","$","E"],"items_purchased_type":["Relic","Card"],"build_version":"2020-12-22","purchased_purges":0,"victory":false,"max_hp_per_floor":[75,75,75,75,75,75,75,75,75,75,75,75],"card_choices":[{"not_picked":["HollowMod:WraithStrike","HollowMod:InfectedCysts"],"picked":"HollowMod:NewJinnsSoul","floor":1},{"not_picked":["HollowMod:MothsMistake","HollowMod:InfectionAssault"],"picked":"HollowMod:GoodIntentions","floor":2},{"not_picked":["HollowMod:SiblingsShadow","HollowMod:HeavyBlow"],"picked":"HollowMod:DescendingDark","floor":3},{"not_picked":["HollowMod:FallenFury","HollowMod:SoulVessel"],"picked":"HollowMod:ShadowDash","floor":5},{"not_picked":["HollowMod:MawleksShell","HollowMod:SlysStrikes"],"picked":"HollowMod:Grubsong","floor":7},{"not_picked":["HollowMod:InfectedCysts","HollowMod:CornifersMapStart"],"picked":"HollowMod:NewGlowingWomb","floor":8}],"player_experience":28293,"relics_obtained":[{"floor":7,"key":"Bag of Preparation"},{"floor":9,"key":"Mercury Hourglass"}],"event_choices":[{"damage_healed":0,"gold_gain":0,"cards_transformed":["HollowMod:NailStrikeStart"],"player_choice":"Transformed","damage_taken":0,"max_hp_gain":0,"max_hp_loss":0,"event_name":"Transmorgrifier","floor":4,"gold_loss":0,"cards_obtained":["HollowMod:ElderbugsWisdom"]}],"is_beta":false,"boss_relics":[],"items_purged_floors":[],"is_endless":false,"potions_floor_spawned":[2,5,8],"killed_by":"Gremlin Nob","ascension_level":0}}