{"host":"tvs5yxzo65ue2qcy","time":1609414822,"event":{"mods":["BaseMod","DeckTracker","Highlight Path","Minty Spire (QoL Compilation)","Permanent Neow","Quick Restart","StSLib","SuperFastMode","everything is the same but u backflip on backflip"],"gold_per_floor":[118,131,146,71,71,71,104,114,192,205,205,205,205,219,219,219,219],"floor_reached":16,"playtime":323,"items_purged":[],"score":204,"play_id":"7ff00af8-f8d9-41ac-8d7f-528e280ce127","local_time":"20201231204022","is_ascension_mode":true,"campfire_choices":[{"data":"Neutralize","floor":6.0,"key":"SMITH"},{"floor":11.0,"key":"REST"},{"floor":15,"key":"REST"}],"circlet_count":0,"master_deck":["AscendersBane","Strike_G","Strike_G","Strike_G","Defend_G","Defend_G","Defend_G","Defend_G","Survivor","Neutralize+1","Poisoned Stab","Glass Knife","Infinite Blades","Eviscerate","Dagger Throw"],"relics":["Ring of the Snake","CaptainsWheel","Sundial","Bag of Preparation"],"acts_visited":["Exordium"],"potions_floor_usage":[16],"damage_taken":[{"damage":0.0,"enemies":"Jaw Worm","floor":1.0,"turns":4.0},{"damage":0.0,"enemies":"2 Louse","floor":2.0,"turns":2.0},{"damage":1.0,"enemies":"Cultist","floor":3.0,"turns":3.0},{"damage":38.0,"enemies":"Lagavulin","floor":7.0,"turns":7.0},{"damage":0.0,"enemies":"Large Slime","floor":8.0,"turns":4.0},{"damage":12.0,"enemies":"3 Louse","floor":10.0,"turns":3.0},{"damage":7,"enemies":"Gremlin Gang","floor":14,"turns":4},{"damage":37,"enemies":"Hexaghost","floor":16,"turns":9}],"seed_played":"-8119339440370722465","potions_obtained":[{"floor":1.0,"key":"Regen Potion"},{"floor":8.0,"key":"SpeedPotion"}],"is_trial":false,"path_per_floor":["M","M","M","?","$","R","E","M","T","M","R","?","?","M","R","B"],"character_chosen":"THE_SILENT","items_purchased":[],"campfire_rested":2,"item_purchase_floors":[],"current_hp_per_floor":[44,44,43,43,43,43,20,20,20,8,27,27,22,15,34,0,0],"gold":219,"neow_bonus":"TRANSFORM_TWO_CARDS","is_daily":false,"chose_seed":false,"campfire_upgraded":1,"win_rate":0.0,"timestamp":1609414822,"path_taken":["M","M","M","?","$","R","E","M","T","M","R","?","?","M","R","BOSS"],"items_purchased_type":[],"build_version":"2020-12-22","purchased_purges":0,"victory":false,"max_hp_per_floor":[66,66,66,66,66,66,66,66,66,66,66,66,66,66,66,66,66],"card_choices":[{"not_picked":["Bane","Dagger Throw"],"picked":"Infinite Blades","floor":1.0},{"not_picked":["Flying Knee","Escape Plan"],"picked":"Eviscerate","floor":2.0},{"not_picked":["Dagger Spray","Deflect","Acrobatics"],"picked":"SKIP","floor":3.0},{"not_picked":["Bane","Backflip","Flechettes"],"picked":"SKIP","floor":7.0},{"not_picked":["Underhanded Strike","Predator","Dagger Throw"],"picked":"SKIP","floor":8.0},{"not_picked":["Underhanded Strike","Predator"],"picked":"Dagger Throw","floor":8.0},{"not_picked":["Riddle With Holes","Deflect","Glass Knife"],"picked":"SKIP","floor":10.0},{"not_picked":["Deflect","Expertise","Cloak And Dagger"],"picked":"SKIP","floor":14}],"player_experience":430998,"relics_obtained":[{"floor":7.0,"key":"CaptainsWheel"},{"floor":9.0,"key":"Sundial"}],"event_choices":[{"cards_removed":["Strike_G"],"damage_healed":0.0,"max_hp_gain":0.0,"max_hp_loss":0.0,"gold_gain":0.0,"event_name":"The Cleric","player_choice":"Card Removal","floor":4.0,"gold_loss":75.0,"damage_taken":0.0},{"damage_healed":0,"gold_gain":0,"player_choice":"Searched \u00270\u0027 times","damage_taken":0,"max_hp_gain":0,"max_hp_loss":0,"event_name":"Dead Adventurer","floor":12,"gold_loss":0},{"damage_healed":0,"gold_gain":0,"player_choice":"Success","damage_taken":5,"relics_obtained":["Bag of Preparation"],"max_hp_gain":0,"max_hp_loss":0,"event_name":"Scrap Ooze","floor":13,"gold_loss":0}],"is_beta":false,"boss_relics":[],"items_purged_floors":[],"is_endless":false,"potions_floor_spawned":[1,8],"killed_by":"Hexaghost","ascension_level":20}}