{"host":"0i8dz4ityulxi1rd","time":1609428963,"event":{"mods":["BaseMod","Colored Map","Colored Powertips","Custom Start","Highlight Path","Hubris","Infinite Spire","Keyboard Shortcuts","Minty Spire (QoL Compilation)","StSLib","SuperFastMode"],"gold_per_floor":[18,34,34,34,34,34,65,133,156,156,6,16,32,100,100,172,172,184,184,184],"floor_reached":19,"playtime":671,"items_purged":["Strike_B"],"score":338,"play_id":"df3b8d96-aeb0-4c46-b72b-782eae1b4b71","local_time":"20210101003603","is_ascension_mode":true,"campfire_choices":[{"data":"Zap","floor":6,"key":"SMITH"},{"floor":10,"key":"REST"},{"floor":15,"key":"REST"}],"circlet_count":0,"master_deck":["AscendersBane","Strike_B","Strike_B","Strike_B","Defend_B","Defend_B","Defend_B","Defend_B","Zap+1","Dualcast","Meteor Strike","Hologram","Cold Snap","Beam Cell","Ball Lightning","Fusion","Chill","All For One","Stack"],"relics":["infinitespire:DarkRift","infinitespire:Cubic Diamond","SsserpentHead","infinitespire:PuzzleCube","Omamori","Runic Dome"],"acts_visited":["Exordium","TheCity"],"potions_floor_usage":[12,14,14,16],"damage_taken":[{"damage":13,"enemies":"Small Slimes","floor":1,"turns":3},{"damage":1,"enemies":"Cultist","floor":2,"turns":4},{"damage":33,"enemies":"Lagavulin","floor":7,"turns":10},{"damage":9,"enemies":"infinitespire:Voidling","floor":8,"turns":4},{"damage":5,"enemies":"Gremlin Gang","floor":12,"turns":3},{"damage":11,"enemies":"Blue Slaver","floor":13,"turns":4},{"damage":9,"enemies":"Exordium Thugs","floor":14,"turns":5},{"damage":28,"enemies":"The Guardian","floor":16,"turns":14},{"damage":34,"enemies":"2 Thieves","floor":18,"turns":3},{"damage":25,"enemies":"Spheric Guardian","floor":19,"turns":5}],"seed_played":"6087477992333563180","potions_obtained":[{"floor":2,"key":"Swift Potion"},{"floor":8,"key":"AttackPotion"},{"floor":12,"key":"DuplicationPotion"},{"floor":14,"key":"Swift Potion"}],"is_trial":false,"path_per_floor":["M","M","?","$","?","R","E","M","T","R","$","M","M","M","R","B",null,"M","M"],"character_chosen":"DEFECT","items_purchased":["Fusion"],"campfire_rested":2,"item_purchase_floors":[11],"current_hp_per_floor":[51,50,50,50,50,50,17,13,13,34,34,29,18,9,30,2,54,20,0,0],"gold":184,"neow_bonus":"THREE_RARE_CARDS","is_daily":false,"chose_seed":false,"campfire_upgraded":1,"win_rate":0.0,"timestamp":1609428963,"path_taken":["M","M","?","$","?","R","E","?","T","R","$","M","M","?","R","BOSS","M","M"],"items_purchased_type":["Card"],"build_version":"2020-12-22","purchased_purges":1,"victory":false,"max_hp_per_floor":[71,71,71,71,71,71,71,71,71,71,71,71,71,71,71,71,71,71,71,71],"card_choices":[{"not_picked":["Rainbow","Electrodynamics"],"picked":"Meteor Strike","floor":0},{"not_picked":["Conserve Battery","Barrage"],"picked":"Hologram","floor":1},{"not_picked":["Streamline","Rip and Tear"],"picked":"Cold Snap","floor":2},{"not_picked":["Rebound","Skim"],"picked":"Beam Cell","floor":7},{"not_picked":["Barrage","FTL"],"picked":"Ball Lightning","floor":8},{"not_picked":["Ball Lightning","Hologram","Cold Snap"],"picked":"SKIP","floor":12},{"not_picked":["Beam Cell","Storm","Undo"],"picked":"SKIP","floor":13},{"not_picked":["Streamline","Amplify"],"picked":"Chill","floor":14},{"not_picked":["Seek","hubris:Prefetch"],"picked":"All For One","floor":16},{"not_picked":["Recycle","Coolheaded"],"picked":"Stack","floor":18}],"player_experience":1279735,"relics_obtained":[{"floor":7,"key":"infinitespire:PuzzleCube"},{"floor":9,"key":"Omamori"}],"event_choices":[{"damage_healed":0,"gold_gain":0,"player_choice":"Trade","damage_taken":0,"relics_obtained":["SsserpentHead"],"max_hp_gain":0,"max_hp_loss":0,"event_name":"FaceTrader","floor":5,"gold_loss":0}],"is_beta":false,"boss_relics":[{"not_picked":["Velvet Choker","Nuclear Battery"],"picked":"Runic Dome"}],"items_purged_floors":[11],"is_endless":false,"potions_floor_spawned":[2,8,12,14],"killed_by":"Spheric Guardian","ascension_level":20}}