{"host":"cfluht5kr2kfk9p9","time":1609421388,"event":{"mods":["ATMod(阿瑾Mod)","Arknights The Spire","BaseMod","GungeonMod","Highlight Path","Library of Ruina","Library of Ruina Extra","Minty Spire (QoL Compilation)","Quick Restart","Rare Cards Sparkle","Relic Stats","RumiaBox-露米娅的神秘盒子","Spicy Shops","StSLib","TestMod","The Alterego","【功能Mod】混沌之环修复补丁"],"gold_per_floor":[115,115,133,133,145,179,179,193,193,224,624,638,655,684,684,787,787,798,347,367,367,379,407,407,439,439,450,485,519,519,545,545,545,545],"floor_reached":33,"playtime":1096,"items_purged":["ats:Strike S"],"score":374,"play_id":"10f97cb5-b96a-41db-aa42-dc3c4877c123","local_time":"20201231212948","is_ascension_mode":true,"campfire_choices":[{"data":"1","floor":7.0,"key":"LIFT"},{"data":"2","floor":15.0,"key":"LIFT"},{"data":"3","floor":24.0,"key":"LIFT"},{"floor":32,"key":"REST"}],"circlet_count":0,"master_deck":["ats:Strike V+1","ats:Armor Crushing Shot","ats:Defend+1","ats:Defend","ats:Defend","ats:Emotion Absorption","ats:Very Hot Blade+1","ats:Blood Oath+1","ats:Closed Bolt Burst Fire+1","AT_BreakingExtremeWeapon","ats:Hammer On+1","ats:Soul Absorption+1","ats:Thorns","ats:Song Of Battle","ats:Collapsing Strike","ats:Demon Strength","ats:Curse Doll","ats:Flexible Camouflage","ats:Poison Spread+1","ats:Wolf Pack+1","ats:Explosion Area Strengthen+1","ats:Shell Defense","ats:Spore Proliferation","ats:Support Order+1","ats:Demon Strength","ats:Echo Reverb","ats:Leaping Hammer+1","testmod-Bloodthirsty","ats:Shadow Raid","ats:Fractured Body","ats:Revitalization","ats:Healing Drone","ats:Consecutive Shot Auto+1","ats:Sword Rain+1"],"relics":["testmod-TestBox","Astrolabe","Girya","ats:Originium","DemoMod:DecoyRelic","Molten Egg 2","ZombieArmy","MealTicket","ats:Tactical Delivery","DemoMod:ChaffGrenade","Whetstone","MagicDraw1","AT_ChloranthyRing","Red Mask","GodSword6"],"acts_visited":["Exordium","TheCity"],"potions_floor_usage":[33,33],"damage_taken":[{"damage":7.0,"enemies":"Jaw Worm","floor":1.0,"turns":2.0},{"damage":2.0,"enemies":"Small Slimes","floor":3.0,"turns":3.0},{"damage":0.0,"enemies":"2 Louse","floor":5.0,"turns":2.0},{"damage":20.0,"enemies":"Lagavulin","floor":6.0,"turns":4.0},{"damage":0.0,"enemies":"Lots of Slimes","floor":8.0,"turns":3.0},{"damage":5.0,"enemies":"3 Sentries","floor":10.0,"turns":6.0},{"damage":3.0,"enemies":"Looter","floor":12.0,"turns":2.0},{"damage":0.0,"enemies":"2 Fungi Beasts","floor":13.0,"turns":2.0},{"damage":10.0,"enemies":"Gremlin Nob","floor":14.0,"turns":3.0},{"damage":20.0,"enemies":"The Guardian","floor":16.0,"turns":7.0},{"damage":10.0,"enemies":"3 Byrds","floor":18.0,"turns":4.0},{"damage":2.0,"enemies":"2 Thieves","floor":20.0,"turns":3.0},{"damage":0.0,"enemies":"Centurion and Healer","floor":22.0,"turns":4.0},{"damage":37.0,"enemies":"Gremlin Leader","floor":23.0,"turns":5.0},{"damage":36.0,"enemies":"Book of Stabbing","floor":25.0,"turns":4.0},{"damage":24.0,"enemies":"Snake Plant","floor":27.0,"turns":2.0},{"damage":0.0,"enemies":"Masked Bandits","floor":28.0,"turns":2.0},{"damage":2.0,"enemies":"Slavers","floor":29.0,"turns":5.0},{"damage":37,"enemies":"RedHoodMercenary","floor":33,"turns":4}],"seed_played":"3388938274347323847","potions_obtained":[{"floor":12.0,"key":"ats:Emergency Sanity Potion"},{"floor":13.0,"key":"Dexterity Potion"},{"floor":18.0,"key":"GamblersBrew"},{"floor":20.0,"key":"Swift Potion"},{"floor":28.0,"key":"Weak Potion"},{"floor":29.0,"key":"AttackPotion"}],"is_trial":false,"path_per_floor":["M","?","M","?","M","E","R","M","T","E","?","M","M","E","R","B",null,"M","$","M","?","M","E","R","E","T","M","?","E","?","T","R","B"],"character_chosen":"DOCTOR_CLASS","items_purchased":["ats:Shell Defense","DemoMod:ChaffGrenade","ats:Spore Proliferation"],"campfire_rested":1,"item_purchase_floors":[19,19,19],"current_hp_per_floor":[71,71,69,54,54,39,39,44,44,44,44,41,46,41,41,31,73,63,73,73,73,73,45,45,22,22,1,1,1,1,1,22,0,0],"gold":545,"neow_bonus":"BOSS_RELIC","is_daily":false,"chose_seed":false,"campfire_upgraded":0,"win_rate":0.0,"timestamp":1609421388,"path_taken":["M","?","M","?","M","E","R","M","T","E","?","M","M","E","R","BOSS","M","$","M","?","?","E","R","E","T","M","?","E","?","?","R","BOSS"],"items_purchased_type":["Card","Relic","Card"],"build_version":"2020-12-22","purchased_purges":1,"victory":false,"max_hp_per_floor":[73,73,73,73,73,73,73,73,73,73,73,73,73,73,73,73,73,73,73,73,73,73,73,73,73,73,73,73,73,73,73,73,73,73],"relic_stats":{"counters":[19,67],"Astrolabe":["ats:Very Hot Blade","ats:Blood Oath","ats:Closed Bolt Burst Fire"],"MealTicket":10,"Whetstone":["ats:Hammer On","ats:Strike V"],"obtain_stats":[{"AT_ChloranthyRing":26,"Girya":2,"testmod-TestBox":0,"AT_ATBox":0,"Astrolabe":0,"DemoMod:ChaffGrenade":19,"DemoMod:GlassGuonStoneRelic":1,"Whetstone":23,"testmod-Charity":0,"MagicDraw1":25,"ats:Originium":6,"DemoMod:DecoyRelic":6,"Molten Egg 2":9,"MealTicket":14,"ats:Tactical Delivery":17,"Red Mask":28,"GodSword6":29,"ats:Sanity":0,"ZombieArmy":10},{"AT_ChloranthyRing":15,"Girya":1,"testmod-TestBox":0,"AT_ATBox":0,"Astrolabe":0,"DemoMod:ChaffGrenade":11,"DemoMod:GlassGuonStoneRelic":1,"Whetstone":14,"testmod-Charity":0,"MagicDraw1":15,"ats:Originium":4,"DemoMod:DecoyRelic":4,"Molten Egg 2":5,"MealTicket":9,"ats:Tactical Delivery":10,"Red Mask":17,"GodSword6":18,"ats:Sanity":0,"ZombieArmy":6},{"AT_ChloranthyRing":54,"Girya":2,"testmod-TestBox":0,"AT_ATBox":0,"Astrolabe":0,"DemoMod:ChaffGrenade":38,"DemoMod:GlassGuonStoneRelic":2,"Whetstone":50,"testmod-Charity":0,"MagicDraw1":54,"ats:Originium":11,"DemoMod:DecoyRelic":11,"Molten Egg 2":14,"MealTicket":27,"ats:Tactical Delivery":34,"Red Mask":58,"GodSword6":63,"ats:Sanity":0,"ZombieArmy":20}]},"card_choices":[{"not_picked":["ats:Ignite","ats:Childhood Dance"],"picked":"ats:Hammer On","floor":1.0},{"not_picked":["ats:Very Hot Blade","ats:Curse Doll"],"picked":"ats:Soul Absorption","floor":3.0},{"not_picked":["ats:Ignite","ats:Sunburst"],"picked":"ats:Thorns","floor":5.0},{"not_picked":["ats:Shadow Assault","ats:Hook Shot"],"picked":"ats:Song Of Battle","floor":6.0},{"not_picked":["ats:Soul Absorption","ats:Guardian Obelisk"],"picked":"ats:Collapsing Strike","floor":8.0},{"not_picked":["ats:Rat Pack","ats:Revitalization"],"picked":"ats:Demon Strength","floor":10.0},{"not_picked":["ats:Soul Absorption","ats:Flexible Camouflage"],"picked":"ats:Curse Doll","floor":12.0},{"not_picked":["ats:Childhood Dance","ats:Guardian Obelisk"],"picked":"ats:Flexible Camouflage","floor":13.0},{"not_picked":["ats:Explosion Area Strengthen+1","ats:Revitalization"],"picked":"ats:Poison Spread+1","floor":14.0},{"not_picked":["ats:Dogmatic Field","ats:Volcano+1"],"picked":"ats:Wolf Pack+1","floor":16.0},{"not_picked":["ats:Soul Absorption","ats:Revitalization"],"picked":"ats:Explosion Area Strengthen+1","floor":18.0},{"not_picked":["ats:Hammer On+1","ats:Explosion Area Strengthen+1"],"picked":"ats:Support Order+1","floor":20.0},{"not_picked":["ats:Flexible Camouflage","ats:Revitalization+1"],"picked":"ats:Shadow Raid","floor":22.0},{"not_picked":["ats:Encircling Forest","ats:Ignite+1"],"picked":"ats:Fractured Body","floor":23.0},{"not_picked":["ats:Ignite+1","ats:Leaping Hammer+1"],"picked":"ats:Revitalization","floor":25.0},{"not_picked":["ats:Defend Order+1","ats:Powerful Strike+1"],"picked":"ats:Healing Drone","floor":27.0},{"not_picked":["ats:Leaping Hammer+1","ats:Ignite+1"],"picked":"ats:Consecutive Shot Auto+1","floor":28.0},{"not_picked":["ats:Cat Scratch+1","ats:Powerful Strike+1"],"picked":"ats:Sword Rain+1","floor":29.0}],"player_experience":57608,"relics_obtained":[{"floor":6.0,"key":"ats:Originium"},{"floor":6.0,"key":"DemoMod:DecoyRelic"},{"floor":9.0,"key":"Molten Egg 2"},{"floor":10.0,"key":"ats:Originium"},{"floor":10.0,"key":"ZombieArmy"},{"floor":14.0,"key":"ats:Originium"},{"floor":14.0,"key":"MealTicket"},{"floor":23.0,"key":"Whetstone"},{"floor":25.0,"key":"MagicDraw1"},{"floor":26.0,"key":"AT_ChloranthyRing"},{"floor":28.0,"key":"Red Mask"},{"floor":29.0,"key":"GodSword6"}],"event_choices":[{"damage_healed":0.0,"max_hp_gain":0.0,"max_hp_loss":0.0,"gold_gain":0.0,"event_name":"给自己的盒子","player_choice":"Swap Relic","floor":2.0,"relics_lost":["testmod-Charity"],"gold_loss":0.0,"damage_taken":0.0,"relics_obtained":["Girya"]},{"damage_healed":0.0,"max_hp_gain":0.0,"max_hp_loss":0.0,"gold_gain":0.0,"event_name":"Shining Light","player_choice":"Entered Light","floor":4.0,"gold_loss":0.0,"damage_taken":15.0,"cards_upgraded":["ats:Soul Absorption","ats:Defend"]},{"damage_healed":0.0,"max_hp_gain":0.0,"max_hp_loss":0.0,"gold_gain":400.0,"event_name":"恩洛斯的盘子","player_choice":"Sell","floor":11.0,"relics_lost":["AT_ATBox"],"gold_loss":0.0,"damage_taken":0.0},{"damage_healed":0.0,"max_hp_gain":0.0,"max_hp_loss":0.0,"gold_gain":0.0,"event_name":"Match and Keep!","player_choice":"4 cards matched","floor":21.0,"gold_loss":0.0,"damage_taken":0.0,"cards_obtained":["ats:Demon Strength","ats:Echo Reverb","ats:Leaping Hammer","testmod-Bloodthirsty"]},{"damage_healed":0.0,"max_hp_gain":0.0,"max_hp_loss":0.0,"gold_gain":0.0,"event_name":"Masked Bandits","player_choice":"Fought Bandits","floor":28.0,"gold_loss":0.0,"damage_taken":0.0},{"damage_healed":0,"gold_gain":0,"player_choice":"Ignored","damage_taken":0,"max_hp_gain":0,"max_hp_loss":0,"event_name":"Cursed Tome","floor":30,"gold_loss":0}],"is_beta":false,"boss_relics":[{"not_picked":["AddBug","testmod-Temperance"],"picked":"ats:Tactical Delivery"}],"items_purged_floors":[19],"is_endless":false,"potions_floor_spawned":[12,13,16,18,20,28,29],"killed_by":"RedHoodMercenary","ascension_level":3}}