{"host":"59ckh7bj2z84pzgo","time":1609417467,"event":{"mods":["BaseMod","Better Vampires","Marked Mod","Minty Spire (QoL Compilation)","Replay The Spire","Spicy Shops","StSLib","TestMod","TheWitcher","°æ“≈ŒÔø®≈∆°øREMEMod","≤–¡Ù÷ÆŒÔ"],"gold_per_floor":[114,134,134,59,69,101,117,117,117],"floor_reached":8,"playtime":306,"items_purged":["Pain"],"score":116,"play_id":"06d9aee5-6eda-4900-a002-1ece6a03f4fa","local_time":"20201231202427","is_ascension_mode":true,"campfire_choices":[],"circlet_count":0,"master_deck":["AscendersBane","Strike_B","Strike_B","Strike_B","Strike_B","Defend_B","Defend_B","Defend_B","Defend_B","Zap","Dualcast","Fission","Turbo","Conserve Battery","Undo","REME_SelfUpgrade","Double Energy"],"relics":["Cracked Core","REME_ComplimentaryCards","testmod-TestBox","testmod-Nyarlathotep","NeowsBlessing","WarpedTongs","testmod-HeartOfStrike"],"acts_visited":["Exordium"],"potions_floor_usage":[],"damage_taken":[{"damage":0,"enemies":"Jaw Worm","floor":1,"turns":1},{"damage":0,"enemies":"Cultist","floor":2,"turns":1},{"damage":0,"enemies":"Small Slimes","floor":5,"turns":1},{"damage":30,"enemies":"Lagavulin","floor":6,"turns":9},{"damage":13,"enemies":"3 Louse","floor":7,"turns":3},{"damage":0,"enemies":"3 Sentries","floor":8,"turns":2}],"seed_played":"7677227964415306478","potions_obtained":[{"floor":5,"key":"Reflective Coating"}],"is_trial":false,"path_per_floor":["M","M","?","$","M","E","M","E"],"character_chosen":"DEFECT","items_purchased":[],"campfire_rested":0,"item_purchase_floors":[],"current_hp_per_floor":[64,64,64,64,64,34,21,21,21],"gold":117,"neow_bonus":"THREE_ENEMY_KILL","is_daily":false,"chose_seed":false,"campfire_upgraded":0,"win_rate":0.0,"timestamp":1609417467,"path_taken":["M","M","?","$","M","E","M","E"],"items_purchased_type":[],"build_version":"2020-12-22","purchased_purges":1,"victory":false,"max_hp_per_floor":[71,71,71,71,71,71,71,71,71],"card_choices":[{"not_picked":["Sweeping Beam","Streamline"],"picked":"Turbo","floor":1},{"not_picked":["Compile Driver","Leap"],"picked":"Conserve Battery","floor":2},{"not_picked":["ReplayTheSpireMod:Repulse","Gash"],"picked":"Undo","floor":5},{"not_picked":["ReplaySort","ReplayGash"],"picked":"REME_SelfUpgrade","floor":6},{"not_picked":["BasicCrystalCard","Rebound","Steam"],"picked":"Double Energy","floor":7}],"player_experience":220044,"relics_obtained":[{"floor":6,"key":"testmod-HeartOfStrike"}],"event_choices":[{"damage_healed":0,"gold_gain":0,"player_choice":"Rummage","damage_taken":0,"relics_obtained":["WarpedTongs"],"max_hp_gain":0,"max_hp_loss":0,"event_name":"Accursed Blacksmith","floor":3,"gold_loss":0,"cards_obtained":["Pain"]}],"is_beta":false,"boss_relics":[],"items_purged_floors":[4],"is_endless":false,"potions_floor_spawned":[5],"killed_by":"3 Sentries","ascension_level":20}}