{"host":"ru8pwgfzwiehflg6","time":1609445566,"event":{"mods":["BaseMod","Friendly Minions","Koishi","Marisa????????","Minty Spire (QoL Compilation)","Prisma Mod","Reimu??????","StSLib","The Administrix","The Servant 0.9.4","Yohane!","Yuri Mod"],"gold_per_floor":[110,122,15,15,15,46,46,56,56,56,69,85,85,100,100,203,203,221,241,166,183,194,194,194,194],"floor_reached":24,"playtime":940,"items_purged":[],"score":349,"play_id":"d357bec6-48ea-4b30-8bc2-ab798e6657c0","local_time":"20201231141246","is_ascension_mode":true,"campfire_choices":[{"data":"OrbThrow:ReiMu","floor":7,"key":"SMITH"},{"data":"TakeOff:ReiMu","floor":10,"key":"SMITH"},{"data":"Revelation:ReiMu","floor":15,"key":"SMITH"},{"data":"YinYang:ReiMu","floor":23,"key":"SMITH"}],"circlet_count":0,"master_deck":["AscendersBane","Strike_Lin:ReiMu","Strike_Lin:ReiMu","Strike_Lin:ReiMu","Defend_Lin:ReiMu","Defend_Lin:ReiMu","Defend_Lin:ReiMu","Defend_Lin:ReiMu","NB:ReiMu","Stagnation:ReiMu","ShadowOfCrow2:ReiMu","AirStrike:ReiMu+1","ShadowOfCrow2:ReiMu","OrbThrow:ReiMu+1","OrbThrow:ReiMu+1","TakeOff:ReiMu+1","AirStrike:ReiMu","Conquer:ReiMu","Revelation:ReiMu+1","YinYang:ReiMu+1","RainPray2:ReiMu"],"relics":["FlyPower:ReiMu","NeowsBlessing","CrazyTorch:ReiMu","Letter Opener","RuthlessExorcism:ReiMu","DonationBox:ReiMu"],"acts_visited":["Exordium","TheCity"],"potions_floor_usage":[16],"damage_taken":[{"damage":0,"enemies":"Cultist","floor":1,"turns":1},{"damage":0,"enemies":"2 Louse","floor":2,"turns":2},{"damage":0,"enemies":"Lagavulin","floor":6,"turns":1},{"damage":0,"enemies":"Small Slimes","floor":8,"turns":3},{"damage":5,"enemies":"Blue Slaver","floor":11,"turns":3},{"damage":4,"enemies":"Lots of Slimes","floor":12,"turns":2},{"damage":5,"enemies":"Looter","floor":14,"turns":2},{"damage":25,"enemies":"Hexaghost","floor":16,"turns":7},{"damage":12,"enemies":"Shell Parasite","floor":18,"turns":4},{"damage":0,"enemies":"3 Byrds","floor":19,"turns":3},{"damage":16,"enemies":"Centurion and Healer","floor":21,"turns":5},{"damage":6,"enemies":"3 Cultists","floor":22,"turns":4}],"seed_played":"3302482447044539450","potions_obtained":[{"floor":2,"key":"Strength Potion"},{"floor":8,"key":"Fire Potion"},{"floor":19,"key":"ZuzhouPotion:ReiMu"}],"is_trial":false,"path_per_floor":["M","M","$","?","?","E","R","M","T","R","M","M","T","M","R","B",null,"M","M","?","M","M","R","$"],"character_chosen":"REIMU","items_purchased":["ShadowOfCrow2:ReiMu","OrbThrow:ReiMu"],"campfire_rested":0,"item_purchase_floors":[3,3],"current_hp_per_floor":[59,59,59,46,46,46,46,46,46,46,41,37,37,32,32,7,51,39,39,39,23,17,17,17,17],"gold":194,"neow_bonus":"THREE_ENEMY_KILL","is_daily":false,"chose_seed":false,"campfire_upgraded":4,"win_rate":0.0,"timestamp":1609445566,"path_taken":["M","?","$","?","?","E","R","M","T","R","M","M","?","M","R","BOSS","M","?","?","M","M","R","$"],"items_purchased_type":["Card","Card"],"build_version":"2020-12-22","purchased_purges":0,"victory":false,"max_hp_per_floor":[65,65,65,65,65,65,65,65,65,65,65,65,65,65,65,65,65,65,65,65,65,65,65,65,65],"card_choices":[{"not_picked":["Intuition:ReiMu","SubcavityInstant:ReiMu"],"picked":"ShadowOfCrow2:ReiMu","floor":1},{"not_picked":["RainPray2:ReiMu","OrbThrow:ReiMu"],"picked":"AirStrike:ReiMu","floor":2},{"not_picked":["CeremonyResonance:ReiMu","EmergencyTakeOff:ReiMu"],"picked":"OrbThrow:ReiMu","floor":6},{"not_picked":["Enchanting:ReiMu","FantasyMoon:ReiMu"],"picked":"TakeOff:ReiMu","floor":8},{"not_picked":["Mountainwind:ReiMu","DoubleButterfly:ReiMu"],"picked":"AirStrike:ReiMu","floor":11},{"not_picked":["FantasyBorder:ReiMu","OrbThrow:ReiMu"],"picked":"Conquer:ReiMu","floor":12},{"not_picked":["OrbThrow:ReiMu","WonderfulDomain:ReiMu"],"picked":"Revelation:ReiMu","floor":14},{"not_picked":["Free:ReiMu","PrayRite:ReiMu"],"picked":"YinYang:ReiMu","floor":16},{"not_picked":["Amulet:ReiMu","Intuition:ReiMu+1"],"picked":"RainPray2:ReiMu","floor":18},{"not_picked":["AirStrike:ReiMu","Amulet:ReiMu","CollectionFlower2:ReiMu+1"],"picked":"SKIP","floor":19},{"not_picked":["FoulBorder2:ReiMu","UpKicking:ReiMu","Gathering:ReiMu"],"picked":"SKIP","floor":21},{"not_picked":["Intuition:ReiMu","Amulet:ReiMu","MikOfLucky:ReiMu+1"],"picked":"SKIP","floor":22}],"player_experience":573753,"relics_obtained":[{"floor":6,"key":"CrazyTorch:ReiMu"},{"floor":9,"key":"Letter Opener"},{"floor":13,"key":"RuthlessExorcism:ReiMu"}],"event_choices":[{"damage_healed":0,"gold_gain":0,"player_choice":"Entered Light","damage_taken":13,"max_hp_gain":0,"max_hp_loss":0,"event_name":"Shining Light","floor":4,"gold_loss":0,"cards_upgraded":["AirStrike:ReiMu","OrbThrow:ReiMu"]},{"cards_removed":["Strike_Lin:ReiMu"],"damage_healed":0,"gold_gain":0,"player_choice":"Gave Gold","damage_taken":0,"max_hp_gain":0,"max_hp_loss":0,"event_name":"Beggar","floor":20,"gold_loss":75}],"is_beta":false,"boss_relics":[{"not_picked":["SlaversCollar","Cursed Key"],"picked":"DonationBox:ReiMu"}],"items_purged_floors":[],"is_endless":false,"potions_floor_spawned":[2,8,11,12,19,21,22],"ascension_level":11}}