{"host":"ea1gz0s8chhg5p89","time":1609431857,"event":{"mods":["Act Like it!","BaseMod","Gensokyo","Marisa£®ÏF”Í°°ƒß¿Ì…≥£©","Minty Spire (QoL Compilation)","Pale of the Ancients","Remilia£®¿Ÿ√◊¿Ú—«£©","Replay The Spire","StSLib","Youmu£®ªÍ∆«—˝√Œ£©"],"gold_per_floor":[360,340,340,359,359,637,649,686,725,737,769,781,818,267,267,369,369,383,383,383,383,433,433,469,469,543,543,137,34,34,59,59,184,184,445,445,445,445,615,650,16,16,86,86,131,131,177,188,188,208,228,286,286,90,90,126,126,126,126,146],"floor_reached":61,"playtime":2914,"items_purged":["Strike_RM","Voices","Defend_RM"],"score":2343,"play_id":"d8939bd0-f4e7-4cf5-a665-052793993905","local_time":"20210101002416","is_ascension_mode":true,"campfire_choices":[{"data":"LeisurelyOfLord","floor":7,"key":"SMITH"},{"data":"ScarletNetherworld","floor":10,"key":"SMITH"},{"data":"BloodySeventeenLaser","floor":12,"key":"SMITH"},{"data":"CurseOfVladTepes","floor":15,"key":"SMITH"},{"data":"QueenOfMidnight","floor":23,"key":"SMITH"},{"data":"BloodyMagicSquare","floor":25,"key":"SMITH"},{"data":"CurseOfVladTepes","floor":27,"key":"SMITH"},{"data":"FavorOfDestiny","floor":32,"key":"SMITH"},{"data":"Gensokyo:PrivateSquare","floor":46,"key":"SMITH"},{"data":"BloodySeventeenLaser","floor":49,"key":"SMITH"},{"data":"Gensokyo:LittleGreenMen","floor":55,"key":"SMITH"},{"data":"ScarletMeister","floor":57,"key":"SMITH"}],"circlet_count":0,"master_deck":["AscendersBane","Defend_RM","Defend_RM","RedMoon","ScarletShoot","MillenniumVampire+1","VampireFantasy","LeisurelyOfLord+1","ScarletNetherworld+1","BloodySeventeenLaser+1","CurseOfVladTepes+1","BloodyMagicSquare+1","VampireKiss","CurseOfVladTepes+1","FavorOfDestiny","RedRainbow","BloodyMagicSquare+1","Gensokyo:LittleGreenMen+1","MillenniumVampire","FavorOfDestiny+1","BloodySeventeenLaser+1","ScarletCoffin","CeilingFear+1","Maim+1","Gensokyo:PrivateSquare+1","BloodyMagicSquare+1","GlobalNightmare+1","VampirishNight","ScarletMeister+1","BloodAndWine+1","UnstableMagic","Stigmanizer+1","TricksterDevil","ScarletSymphony","CharismaGuard+1"],"relics":["ScarletHat","MawBank","Bronze Scales","Juzu Bracelet","Regal Pillow","TungstenRod","ReplayTheSpireMod:CursedCoin","Centennial Puzzle","Coffee Dripper","Gensokyo:SongOfSouls","Iron Hammer","Replay:Bottled Flurry","Gensokyo:ConquerorOfFear","Anchor","ScarletEmblem","Peace Pipe","Simple Rune","Mummified Hand","Pen Nib","Chemical X","Gremlin Horn","ScarletDevilRocket","Lizard Tail","War Paint","paleoftheancients:Timepiece","CultistMask","paleoftheancients:SoulOfTheWokeBloke","StoneCalendar","Replay:Bottled Snecko"],"acts_visited":["Gensokyo:Gensokyo","Gensokyo:Gensokyoer","Gensokyo:Gensokyoest","paleoftheancients:PaleOfTheAncients"],"potions_floor_usage":[8,16,16,31,33,35,39,40,40,47,50,50,50,50,56,60,60],"damage_taken":[{"damage":0,"enemies":"Gensokyo:2_Kodama","floor":1,"turns":5},{"damage":0,"enemies":"Gensokyo:Python","floor":4,"turns":7},{"damage":0,"enemies":"Gensokyo:Mamizou","floor":6,"turns":13},{"damage":17,"enemies":"Gensokyo:Aya","floor":8,"turns":10},{"damage":0,"enemies":"Gensokyo:Gryphon","floor":11,"turns":5},{"damage":0,"enemies":"Gensokyo:Cirno","floor":13,"turns":6},{"damage":10,"enemies":"Gensokyo:Yukari","floor":16,"turns":11},{"damage":32,"enemies":"Gensokyo:CosmicMonolith","floor":18,"turns":4},{"damage":25,"enemies":"Gensokyo:2_Gloops","floor":24,"turns":3},{"damage":42,"enemies":"Gensokyo:Tenshi","floor":31,"turns":2},{"damage":76,"enemies":"Gensokyo:Eiki","floor":33,"turns":10},{"damage":55,"enemies":"Gensokyo:3_Bats","floor":35,"turns":3},{"damage":73,"enemies":"Gensokyo:3_Bats","floor":37,"turns":8},{"damage":55,"enemies":"Gensokyo:3_Boulders","floor":39,"turns":6},{"damage":64,"enemies":"Gensokyo:Doremy","floor":40,"turns":4},{"damage":46,"enemies":"Gensokyo:Marisa","floor":45,"turns":2},{"damage":60,"enemies":"Gensokyo:Doremy","floor":47,"turns":7},{"damage":53,"enemies":"Gensokyo:Sharpion","floor":48,"turns":3},{"damage":31,"enemies":"Gensokyo:Yuyuko","floor":50,"turns":5},{"damage":45,"enemies":"Gensokyo:Yuyuko","floor":51,"turns":3},{"damage":48,"enemies":"Gensokyo:Yuyuko","floor":52,"turns":10},{"damage":57,"enemies":"Gensokyo:Yuyuko","floor":56,"turns":5},{"damage":60,"enemies":"paleoftheancients:N","floor":60,"turns":8}],"seed_played":"7348072689831352343","potions_obtained":[{"floor":1,"key":"Swift Potion"},{"floor":4,"key":"Block Potion"},{"floor":13,"key":"PowerPotion"},{"floor":24,"key":"Energy Potion"},{"floor":33,"key":"FearPotion"},{"floor":33,"key":"DistilledChaos"},{"floor":39,"key":"PowerPotion"},{"floor":45,"key":"Strength Potion"},{"floor":47,"key":"Weak Potion"},{"floor":48,"key":"PowerPotion"},{"floor":48,"key":"AttackPotion"},{"floor":52,"key":"Weak Potion"},{"floor":52,"key":"SkillPotion"},{"floor":56,"key":"ColorlessPotion"}],"is_trial":false,"path_per_floor":["M","COS","?","M","?","E","R","E","T","R","M","R","E","$","R","B",null,"M","?","?","?","?","R","M","R","T","R","COS","$","?","E","R","B",null,"M","?","?","?","M","E","$","COS","T","?","E","R","E","M","R","B","M","M","?","$","R","M","R","T","?","B",null],"character_chosen":"REMILIA","items_purchased":["CurseOfVladTepes","BloodyMagicSquare+1","TungstenRod","ReplayTheSpireMod:CursedCoin","Centennial Puzzle","MillenniumVampire","FavorOfDestiny","Mummified Hand","Pen Nib","Chemical X","ScarletSymphony"],"campfire_rested":0,"item_purchase_floors":[14,14,14,14,14,29,29,41,41,41,54],"current_hp_per_floor":[68,68,68,68,38,44,44,31,31,31,31,31,31,31,31,38,66,68,68,68,68,51,51,57,57,57,57,57,57,57,68,68,75,75,75,75,75,75,75,75,75,75,75,65,70,70,75,37,37,66,56,63,63,63,63,62,62,62,62,57],"gold":146,"neow_bonus":"TWO_FIFTY_GOLD","is_daily":false,"chose_seed":false,"campfire_upgraded":12,"win_rate":0.0,"timestamp":1609431856,"path_taken":["M","COS","?","?","?","E","R","E","T","R","M","R","E","$","R","BOSS","M","?","?","?","?","R","M","R","T","R","COS","?","?","E","R","BOSS","M","?","?","?","M","E","?","COS","T","?","E","R","E","M","R","BOSS","M","M","?","$","R","M","R","T","?","BOSS"],"items_purchased_type":["Card","Card","Relic","Relic","Relic","Card","Card","Relic","Relic","Relic","Card"],"build_version":"2020-12-22","purchased_purges":3,"victory":true,"max_hp_per_floor":[75,75,75,75,75,75,75,75,75,75,75,75,75,75,75,75,75,75,75,75,75,75,75,75,75,75,75,75,75,75,75,75,75,75,75,75,75,75,75,75,75,75,75,75,75,75,75,75,75,75,75,75,75,75,75,75,75,75,75,75],"card_choices":[{"not_picked":["ScarletDream","RedRainbow"],"picked":"MillenniumVampire","floor":1},{"not_picked":["BlasphemousPunishment","EndlessAdversity"],"picked":"VampireFantasy","floor":4},{"not_picked":["RedRainbow","BlasphemousPunishment"],"picked":"LeisurelyOfLord","floor":6},{"not_picked":["NightDance","NightLord"],"picked":"ScarletNetherworld","floor":8},{"not_picked":["RedRainbow","Maim"],"picked":"BloodySeventeenLaser","floor":11},{"not_picked":["UnderTheZenith","NightDance"],"picked":"RedRainbow","floor":13},{"not_picked":["HellCatastrophe","TricksterDevil"],"picked":"QueenOfMidnight","floor":16},{"not_picked":["RedNightlessCastle","EndlessAdversity+1"],"picked":"VampireKiss","floor":18},{"not_picked":["FitfulNightmare+1","BloodHunter"],"picked":"FavorOfDestiny","floor":22},{"not_picked":["UnderTheZenith+1","MastersStateliness+1"],"picked":"RedRainbow","floor":22},{"not_picked":["ScarletDevil","DiffusionOfMisfortune"],"picked":"BloodyMagicSquare","floor":24},{"not_picked":["BloodHunter","BlasphemousPunishment"],"picked":"BloodySeventeenLaser","floor":31},{"not_picked":["ForecastOfChange","CeilingFear"],"picked":"ScarletCoffin","floor":33},{"not_picked":["DemonKingCradle+1","QueenOfMidnight+1"],"picked":"CeilingFear+1","floor":33},{"not_picked":["BloodHunter+1","ScarletDream+1"],"picked":"Maim+1","floor":35},{"not_picked":["ScarletImprint+1","NightDance"],"picked":"BloodyMagicSquare+1","floor":39},{"not_picked":["FitfulNightmare","ChaoticDestiny"],"picked":"GlobalNightmare+1","floor":40},{"not_picked":["RedRainbow+1","ScarletDevil+1"],"picked":"VampirishNight","floor":45},{"not_picked":["BombardNight","MastersStateliness"],"picked":"ScarletMeister","floor":47},{"not_picked":["DiffusionOfMisfortune+1","ScarletImprint+1"],"picked":"BloodAndWine+1","floor":48},{"not_picked":["BlasphemousPunishment","Septette"],"picked":"UnstableMagic","floor":51},{"not_picked":["VampireKiss+1","UnstableMagic"],"picked":"Stigmanizer+1","floor":52},{"not_picked":["DiffusionOfMisfortune+1","UnderTheZenith+1"],"picked":"CharismaGuard+1","floor":56}],"player_experience":515800,"relics_obtained":[{"floor":6,"key":"MawBank"},{"floor":8,"key":"Bronze Scales"},{"floor":9,"key":"Juzu Bracelet"},{"floor":13,"key":"Regal Pillow"},{"floor":22,"key":"Iron Hammer"},{"floor":26,"key":"Replay:Bottled Flurry"},{"floor":31,"key":"Gensokyo:ConquerorOfFear"},{"floor":31,"key":"Anchor"},{"floor":40,"key":"Simple Rune"},{"floor":43,"key":"Gremlin Horn"},{"floor":45,"key":"ScarletDevilRocket"},{"floor":47,"key":"War Paint"},{"floor":52,"key":"paleoftheancients:SoulOfTheWokeBloke"},{"floor":52,"key":"StoneCalendar"},{"floor":58,"key":"Replay:Bottled Snecko"}],"event_choices":[{"damage_healed":0,"gold_gain":0,"cards_transformed":["Defend_RM"],"player_choice":"Transformed","damage_taken":0,"max_hp_gain":0,"max_hp_loss":0,"event_name":"Transmorgrifier","floor":53,"gold_loss":0,"cards_obtained":["TricksterDevil"]}],"is_beta":false,"boss_relics":[{"not_picked":["Painkiller Herb","Cursed Key"],"picked":"Coffee Dripper"},{"not_picked":["Abe\u0027s Treasure","APieceOfRedMist"],"picked":"ScarletEmblem"}],"items_purged_floors":[14,41,54],"is_endless":false,"potions_floor_spawned":[1,4,13,24,33,45,47,48,56],"ascension_level":11}}