{"host":"hfxahm4y1ssattqc","time":1609374764,"event":{"mods":["2.2 Compatiblity","Act Like it!","BaseMod","Beaked The Cultist","BetterRewards","Colored Map","Colored Powertips","Custom Start","Googly Eyes","Halation","Hallownest","Highlight Path","Hubris","Mimic Mod","Minty Spire (QoL Compilation)","Shop Mod","Spikes Relics","StSLib","The Bug Knight","The IronCluck","The Jungle","Unknown Chances","slay the spire mod where everything is the same but ironclad has a cowboy hat"],"gold_per_floor":[112,124,64,81,81,116,129,160,187,206,219,219,219,245,245,350,350,364,364,364,364,381,381,381,381],"floor_reached":24,"playtime":789,"items_purged":[],"score":306,"play_id":"857872ef-0f6c-4320-8220-b822d27f4bb7","local_time":"20201230163244","is_ascension_mode":false,"campfire_choices":[{"floor":13.0,"key":"REST"},{"floor":15.0,"key":"REST"},{"data":"Defragment","floor":23.0,"key":"SMITH"}],"circlet_count":0,"master_deck":["Strike_B+1","Strike_B+1","Strike_B+1","Strike_B+1","Defend_B+1","Defend_B+1","Defend_B+1","Defend_B+1","Zap","Dualcast","Consume","Cold Snap","Ball Lightning","Static Discharge","Conserve Battery","Capacitor","Force Field","hubris:Ukulele","Echo Form+1","Echo Form","Defragment+1"],"relics":["Cracked Core","halation:PeacePiece","Art of War","halation:PrussianBluePaint","Bottled Tornado","beaked:ShinyBauble","Smiling Mask","halation:LoveArrow","MiniBlackHole"],"acts_visited":["Exordium","TheCity"],"potions_floor_usage":[24],"damage_taken":[{"damage":0.0,"enemies":"Cultist","floor":1.0,"turns":3.0},{"damage":9.0,"enemies":"Jaw Worm","floor":2.0,"turns":3.0},{"damage":2.0,"enemies":"2 Louse","floor":4.0,"turns":2.0},{"damage":22.0,"enemies":"HollowMod:MossKnight","floor":6.0,"turns":9.0},{"damage":12.0,"enemies":"2 Fungi Beasts","floor":7.0,"turns":3.0},{"damage":15.0,"enemies":"3 Sentries","floor":8.0,"turns":8.0},{"damage":5.0,"enemies":"Blue Slaver","floor":10.0,"turns":3.0},{"damage":5.0,"enemies":"Looter","floor":11.0,"turns":2.0},{"damage":32.0,"enemies":"The Guardian","floor":16.0,"turns":10.0},{"damage":16.0,"enemies":"2 Thieves","floor":18.0,"turns":4.0},{"damage":7.0,"enemies":"Shell Parasite","floor":22.0,"turns":5.0},{"damage":55,"enemies":"Slavers","floor":24,"turns":4}],"seed_played":"-4583763066527423377","potions_obtained":[{"floor":1.0,"key":"LiquidBronze"},{"floor":2.0,"key":"AttackPotion"},{"floor":7.0,"key":"PotionOfCapacity"}],"is_trial":false,"path_per_floor":["M","M","?","M","$","E","M","E","T","M","M","?","R","T","R","B",null,"M","?","T","?","M","R","E"],"character_chosen":"DEFECT","items_purchased":["halation:PeacePiece","Consume","Cold Snap","Ball Lightning","Art of War"],"campfire_rested":2,"item_purchase_floors":[0,0,0,0,0],"current_hp_per_floor":[75,66,66,64,64,42,30,15,15,10,5,5,27,27,49,17,75,59,59,59,59,52,52,0,0],"gold":381,"neow_bonus":"","is_daily":false,"chose_seed":false,"campfire_upgraded":1,"win_rate":0.0,"timestamp":1609374764,"path_taken":["M","?","?","M","?","E","M","E","T","M","M","?","R","?","R","BOSS","M","?","?","?","M","R","E"],"items_purchased_type":["Relic","Card","Card","Card","Relic"],"build_version":"2020-12-22","purchased_purges":0,"victory":false,"max_hp_per_floor":[75,75,75,75,75,75,75,75,75,75,75,75,75,75,75,75,75,75,75,75,75,75,75,75,75],"card_choices":[{"not_picked":["Redo","Rebound"],"picked":"Static Discharge","floor":1.0},{"not_picked":["Ball Lightning","Go for the Eyes","Sweeping Beam"],"picked":"SKIP","floor":2.0},{"not_picked":["Redo","Beam Cell","Stack"],"picked":"SKIP","floor":4.0},{"not_picked":["Scrape","Skim"],"picked":"Conserve Battery","floor":6.0},{"not_picked":["Reprogram","hubris:PowerSurge"],"picked":"Capacitor","floor":7.0},{"not_picked":["Hologram","Scrape"],"picked":"Force Field","floor":8.0},{"not_picked":["Compile Driver","Consume"],"picked":"hubris:Ukulele","floor":10.0},{"not_picked":["Redo","Skim"],"picked":"Echo Form","floor":11.0},{"not_picked":["hubris:SpecializedCircuitry","Hyperbeam"],"picked":"Echo Form","floor":16.0},{"not_picked":["Streamline","Beam Cell+1","Barrage"],"picked":"SKIP","floor":18.0},{"not_picked":["Compile Driver","Coolheaded"],"picked":"Defragment","floor":22.0}],"player_experience":844503,"relics_obtained":[{"floor":6.0,"key":"Bottled Tornado"},{"floor":8.0,"key":"beaked:ShinyBauble"},{"floor":14.0,"key":"Smiling Mask"},{"floor":20.0,"key":"MiniBlackHole"}],"event_choices":[{"damage_healed":0.0,"max_hp_gain":0.0,"max_hp_loss":0.0,"gold_gain":0.0,"event_name":"WeMeetAgain","player_choice":"Paid Gold","floor":3.0,"gold_loss":60.0,"damage_taken":0.0,"relics_obtained":["halation:PrussianBluePaint"]},{"damage_healed":0.0,"max_hp_gain":0.0,"max_hp_loss":0.0,"gold_gain":0.0,"event_name":"Back to Basics","player_choice":"Simplicity","floor":19.0,"gold_loss":0.0,"damage_taken":0.0,"cards_upgraded":["Strike_B","Strike_B","Strike_B","Strike_B","Defend_B","Defend_B","Defend_B","Defend_B"]},{"damage_healed":0.0,"max_hp_gain":0.0,"max_hp_loss":0.0,"gold_gain":0.0,"event_name":"Beggar","player_choice":"Ignored","floor":21.0,"gold_loss":0.0,"damage_taken":0.0}],"is_beta":false,"boss_relics":[{"not_picked":["FrozenCore","halation:ForbiddenBikini"],"picked":"halation:LoveArrow"}],"items_purged_floors":[],"is_endless":false,"potions_floor_spawned":[1,2,7,11,16,22],"killed_by":"Slavers","ascension_level":0}}