{"host":"kev6uqotw4tlyx8l","time":1609437637,"event":{"mods":["Act Like it!","Aspiration","BaseMod","Colored Powertips","Dota2Spire","Downfall","Hallownest","Infinite Spire","Marisa????????","Minty Spire (QoL Compilation)","Quick Restart","Remilia??????","Replay The Spire","StSLib","The Cursed","The Marked","The Mystic","The Servant 0.9.4"],"gold_per_floor":[99,115,132,132,152,152,177,196,196,211,211,226,226,245,262,363,363,363,363,363,363,363,363,363,363,363,363,363,363,133,133,133,133,133,133,133,133,133,133,133,133,133,133,133,133,133,133,133,133,133],"floor_reached":51,"playtime":2117,"items_purged":[],"score":770,"play_id":"5d4dac71-fcdc-44c1-9f36-e4aacff59bbb","local_time":"20210101010037","is_ascension_mode":false,"campfire_choices":[{"floor":1,"key":"DIG"},{"data":"Embodiment","floor":6,"key":"SMITH"},{"floor":11,"key":"REST"},{"floor":13,"key":"RECALL"},{"data":"MurderousAura","floor":18,"key":"SMITH"},{"floor":28,"key":"REST"},{"floor":35,"key":"DIG"},{"floor":45,"key":"REST"},{"floor":47,"key":"REST"}],"circlet_count":0,"master_deck":["Strike_S","Strike_S+1","Strike_S+1","Defend_S","Defend_S","Defend_S","KidneyShot","Exchange","Embodiment+1","Moondial+1","ShatteredReality","Rewind","Defy","MurderousAura+1","Rewind","Revamp","BestPractice","J.A.X.","ShatteredReality","Solidify","Spin","Contraction+1","Moonlight","BottledTime","LightFlow","Rearm+1","ReplayTheSpireMod:Splinters","ShatteredReality+1","Alleviate+1","ShatteredReality+1","Potential+1","Sunlight","BottledTime","Doubt","Moondial+1"],"relics":["Uniform","Whetstone","downfall:Hecktoplasm","downfall:HeartBlessingRed","downfall:HeartBlessingBlue","MutagenicStrength","ReplayFunnel","ClockworkSouvenir","Lee\u0027s Waffle","Dota2Spire:LotusOrb","Sozu","Dota2Spire:ShadowBlade","ReplayTheSpireMod:Ninjato","CatCart","Dota2Spire:HandOfMidas","Dota2Spire:Bloodstone"],"acts_visited":["Exordium","TheCity","TheBeyond"],"potions_floor_usage":[8,16,16,16,20,20,26,30],"damage_taken":[{"damage":7,"enemies":"2 Louse","floor":2,"turns":3},{"damage":0,"enemies":"Cultist","floor":3,"turns":3},{"damage":2,"enemies":"Small Slimes","floor":5,"turns":4},{"damage":9,"enemies":"Gremlin Gang","floor":8,"turns":4},{"damage":15,"enemies":"2 Fungi Beasts","floor":10,"turns":4},{"damage":0,"enemies":"Blue Slaver","floor":12,"turns":4},{"damage":0,"enemies":"Large Slime","floor":14,"turns":5},{"damage":0,"enemies":"Exordium Wildlife","floor":15,"turns":3},{"damage":3,"enemies":"downfall:Silent","floor":16,"turns":11},{"damage":10,"enemies":"Spheric Guardian","floor":19,"turns":4},{"damage":15,"enemies":"downfall:Augmenter","floor":20,"turns":6},{"damage":13,"enemies":"Cultist and Chosen","floor":22,"turns":4},{"damage":27,"enemies":"Shelled Parasite and Fungi","floor":23,"turns":5},{"damage":8,"enemies":"Snake Plant","floor":26,"turns":3},{"damage":3,"enemies":"downfall:FleeingMerchant","floor":30,"turns":4},{"damage":10,"enemies":"3 Cultists","floor":32,"turns":3},{"damage":16,"enemies":"downfall:Ironclad","floor":33,"turns":7},{"damage":13,"enemies":"3 Shapes","floor":36,"turns":3},{"damage":18,"enemies":"3 Darklings","floor":38,"turns":3},{"damage":3,"enemies":"Transient","floor":39,"turns":5},{"damage":13,"enemies":"4 Shapes","floor":40,"turns":3},{"damage":10,"enemies":"Orin","floor":42,"turns":9},{"damage":43,"enemies":"Writhing Mass","floor":43,"turns":3},{"damage":3,"enemies":"Transient","floor":46,"turns":5},{"damage":12,"enemies":"Spire Growth","floor":49,"turns":3},{"damage":13,"enemies":"downfall:Defect","floor":50,"turns":4}],"seed_played":"3550243986543553524","potions_obtained":[{"floor":2,"key":"Doom Potion"},{"floor":3,"key":"Block Potion"},{"floor":8,"key":"SkillPotion"},{"floor":12,"key":"Swift Potion"},{"floor":16,"key":"Milkshake"},{"floor":19,"key":"Energy Potion"},{"floor":23,"key":"Death Potion"},{"floor":26,"key":"LiquidBronze"}],"is_trial":false,"path_per_floor":["R","M","M","?","M","R","T","M","?","M","R","M","R","M","M","B",null,"R","M","?","?","M","M","T","?","M","AVR","R","?","$","T","M","B",null,"R","M","?","M","M","M","T","?","M","AVR","R","M","R","?","M","B",null],"character_chosen":"THE_SERVANT","items_purchased":["Lee\u0027s Waffle","Moonlight"],"campfire_rested":4,"item_purchase_floors":[30,30],"current_hp_per_floor":[65,58,58,65,63,63,63,54,54,39,58,58,58,58,58,55,65,75,65,50,50,37,10,10,10,2,2,24,24,82,82,72,56,82,82,69,69,51,48,35,35,25,4,4,28,25,49,82,70,57],"gold":133,"neow_bonus":"ONE_RANDOM_RARE_CARD","is_daily":false,"chose_seed":false,"campfire_upgraded":2,"win_rate":0.0,"timestamp":1609437637,"path_taken":["R","M","M","?","M","R","T","M","?","?","R","M","R","?","M","BOSS","R","M","?","?","M","?","T","?","?","AVR","R","?","?","?","M","BOSS","R","M","?","?","M","M","T","?","M","AVR","R","M","R","?","M","BOSS"],"items_purchased_type":["Relic","Card"],"build_version":"2020-12-22","purchased_purges":0,"victory":true,"max_hp_per_floor":[65,65,65,65,65,65,65,65,65,65,65,65,65,65,65,65,65,75,75,75,75,75,75,75,75,75,75,75,75,82,82,82,82,82,82,82,82,82,82,82,82,82,82,82,82,82,82,82,82,82],"card_choices":[{"not_picked":["Ricochet","FastForward"],"picked":"Moondial","floor":2},{"not_picked":["DoubleEdge","Collapse"],"picked":"ShatteredReality","floor":3},{"not_picked":["Advance","InstantArmor","Rewind"],"picked":"SKIP","floor":5},{"not_picked":["Gouge","Snipe"],"picked":"Rewind","floor":8},{"not_picked":["ShatteredReality","Manipulate","DoubleEdge"],"picked":"SKIP","floor":10},{"not_picked":["InstantArmor","Ricochet","Alleviate"],"picked":"SKIP","floor":12},{"not_picked":["Unruled","WasteNot","DualDimension"],"picked":"SKIP","floor":14},{"not_picked":["Sabotage","Hightail"],"picked":"Defy","floor":15},{"not_picked":["FloweringNight","SoulSculpture"],"picked":"MurderousAura","floor":16},{"not_picked":["Barrier+1","Spin"],"picked":"Rewind","floor":19},{"not_picked":[],"picked":"J.A.X.","floor":20},{"not_picked":["Hightail+1","Ricochet"],"picked":"ShatteredReality","floor":20},{"not_picked":["Revamp","FastForward","Alleviate"],"picked":"SKIP","floor":22},{"not_picked":["TimeWarp","Defy"],"picked":"Solidify","floor":23},{"not_picked":["Gouge+1","TimeWarp"],"picked":"Spin","floor":26},{"not_picked":["BottledTime+1","ShatteredReality+1"],"picked":"Contraction+1","floor":30},{"not_picked":["Replace","TimeWarp"],"picked":"BottledTime","floor":32},{"not_picked":["Dilation","Duplication"],"picked":"LightFlow","floor":33},{"not_picked":["Rewind+1","BestPractice"],"picked":"Rearm+1","floor":36},{"not_picked":["Starlight","Misdirection"],"picked":"ShatteredReality+1","floor":37},{"not_picked":["Snipe+1","Unruled+1"],"picked":"Alleviate+1","floor":38},{"not_picked":["TimeWarp+1","BestPractice"],"picked":"ShatteredReality+1","floor":39},{"not_picked":["Moonlight","TimeWarp+1"],"picked":"Potential+1","floor":40},{"not_picked":["Reset","Spin+1"],"picked":"Sunlight","floor":42},{"not_picked":["Foresight+1","Revamp+1"],"picked":"BottledTime","floor":43},{"not_picked":["SilverBlades+1","Alleviate","Replace+1"],"picked":"SKIP","floor":46},{"not_picked":["FanOfKnives+1","Starlight+1"],"picked":"Moondial+1","floor":49}],"player_experience":55375,"relics_obtained":[{"floor":1,"key":"Whetstone"},{"floor":20,"key":"MutagenicStrength"},{"floor":24,"key":"ReplayFunnel"},{"floor":31,"key":"Dota2Spire:LotusOrb"},{"floor":35,"key":"Dota2Spire:ShadowBlade"},{"floor":41,"key":"ReplayTheSpireMod:Ninjato"},{"floor":42,"key":"CatCart"}],"event_choices":[{"damage_healed":0,"gold_gain":0,"player_choice":"Upgraded","damage_taken":0,"max_hp_gain":0,"max_hp_loss":0,"event_name":"Upgrade Shrine","floor":9,"gold_loss":0,"cards_upgraded":["Moondial"]},{"damage_healed":0,"gold_gain":0,"player_choice":"Ignored","damage_taken":0,"max_hp_gain":0,"max_hp_loss":0,"event_name":"NoteForYourself","floor":25,"gold_loss":0},{"damage_healed":0,"gold_gain":0,"player_choice":"Fight","damage_taken":0,"max_hp_gain":0,"max_hp_loss":0,"event_name":"OrinTheCat","floor":42,"gold_loss":0}],"is_beta":false,"boss_relics":[{"not_picked":["Ring of Chaos","Abe\u0027s Treasure"],"picked":"downfall:Hecktoplasm"},{"not_picked":["Cursed Key","Philosopher\u0027s Stone"],"picked":"Sozu"}],"items_purged_floors":[],"is_endless":false,"potions_floor_spawned":[2,3,8,12,16,19,23,26,38,39,42,43],"ascension_level":0}}