{"host":"eemx8njkng76fu5x","time":1609402392,"event":{"mods":["2.2 Compatiblity","BaseMod","Downfall","Minty Spire (QoL Compilation)","Permanent Neow","StSLib","Unceasing Turn Reminder"],"gold_per_floor":[349,368,381,395,407,407,407,427,427,50,0,28,28,28,38,139,139,14,24,24,24,36,53,53,70,95,112,126,1,32,42,52,151,151,26,36,51,61,46,79,79,96,46,58,151,181,199,74,90,90,90,123,123,73,73],"floor_reached":56,"playtime":3245,"items_purged":["Regret","Slimebound:Tackle","Slimebound:Strike_Slimebound"],"score":2027,"play_id":"7ea898d6-4d6a-4943-9154-b60611449304","local_time":"20201231161312","is_ascension_mode":true,"campfire_choices":[{"data":"Slimebound:Split","floor":1.0,"key":"SMITH"},{"data":"Slimebound:Teamwork","floor":11.0,"key":"SMITH"},{"floor":13.0,"key":"RECALL"},{"data":"Slimebound:Recycling","floor":18.0,"key":"SMITH"},{"floor":29.0,"key":"REST"},{"data":"Slimebound:Teamwork","floor":35.0,"key":"SMITH"},{"data":"Slimebound:SlimeSpikes","floor":43.0,"key":"SMITH"},{"data":"Slimebound:SlimeSpikes","floor":54,"key":"SMITH"}],"circlet_count":0,"master_deck":["AscendersBane","Slimebound:Strike_Slimebound","Slimebound:Strike_Slimebound","Slimebound:Defend_Slimebound+1","Slimebound:Defend_Slimebound","Slimebound:Defend_Slimebound","Slimebound:Defend_Slimebound","Slimebound:Split+1","Slimebound:CorrosiveSpit+1","Slimebound:SlimeSpikes+1","Slimebound:SlimeSpikes","Slimebound:SlimeSpikes+1","Slimebound:SlimeTap+1","Slimebound:Teamwork+1","Slimebound:Recycling+1","Slimebound:SlimeSpikes+1","Slimebound:Teamwork+1","Slimebound:LevelUp+1","Slimebound:SlimeTap+1","Slimebound:OneTwoCombo","Slimebound:OneTwoCombo"],"relics":["Slimebound:AbsorbEndCombat","Slimebound:GreedOozeRelic","TheAbacus","Eternal Feather","Philosopher\u0027s Stone","downfall:HeartBlessingBlue","Gremlin Horn","Bag of Marbles","downfall:HeartBlessingGreen","Centennial Puzzle","Coffee Dripper","downfall:HeartBlessingRed","Blood Vial","Bottled Flame","Mercury Hourglass","Shuriken"],"acts_visited":["Exordium","TheCity","TheBeyond","TheEnding"],"potions_floor_usage":[55],"damage_taken":[{"damage":9.0,"enemies":"2 Louse","floor":2.0,"turns":4.0},{"damage":8.0,"enemies":"Jaw Worm","floor":3.0,"turns":4.0},{"damage":10.0,"enemies":"Small Slimes","floor":4.0,"turns":4.0},{"damage":17.0,"enemies":"Red Slaver","floor":5.0,"turns":4.0},{"damage":8.0,"enemies":"Exordium Wildlife","floor":8.0,"turns":3.0},{"damage":10.0,"enemies":"downfall:FleeingMerchant","floor":10.0,"turns":4.0},{"damage":8.0,"enemies":"Lagavulin","floor":12.0,"turns":5.0},{"damage":12.0,"enemies":"Exordium Thugs","floor":15.0,"turns":4.0},{"damage":66.0,"enemies":"downfall:Defect","floor":16.0,"turns":11.0},{"damage":19.0,"enemies":"Shell Parasite","floor":19.0,"turns":4.0},{"damage":16.0,"enemies":"3 Byrds","floor":22.0,"turns":2.0},{"damage":9.0,"enemies":"3 Cultists","floor":23.0,"turns":4.0},{"damage":44.0,"enemies":"Snake Plant","floor":25.0,"turns":3.0},{"damage":23.0,"enemies":"Slavers","floor":26.0,"turns":7.0},{"damage":30.0,"enemies":"Chosen and Byrds","floor":27.0,"turns":4.0},{"damage":16.0,"enemies":"3 Cultists","floor":28.0,"turns":3.0},{"damage":26.0,"enemies":"Gremlin Leader","floor":30.0,"turns":3.0},{"damage":14.0,"enemies":"Shelled Parasite and Fungi","floor":31.0,"turns":5.0},{"damage":8.0,"enemies":"Sentry and Sphere","floor":32.0,"turns":5.0},{"damage":43.0,"enemies":"downfall:Silent","floor":33.0,"turns":7.0},{"damage":8.0,"enemies":"3 Darklings","floor":36.0,"turns":3.0},{"damage":8.0,"enemies":"Orb Walker","floor":37.0,"turns":3.0},{"damage":8.0,"enemies":"3 Darklings","floor":38.0,"turns":3.0},{"damage":16.0,"enemies":"downfall:FleeingMerchant","floor":39.0,"turns":4.0},{"damage":16.0,"enemies":"Giant Head","floor":40.0,"turns":7.0},{"damage":16.0,"enemies":"Sphere and 2 Shapes","floor":42.0,"turns":3.0},{"damage":27.0,"enemies":"Maw","floor":44.0,"turns":5.0},{"damage":16.0,"enemies":"downfall:FleeingMerchant","floor":45.0,"turns":3.0},{"damage":8.0,"enemies":"Reptomancer","floor":46.0,"turns":2.0},{"damage":24.0,"enemies":"Transient","floor":47.0,"turns":5.0},{"damage":16,"enemies":"Spire Growth","floor":49,"turns":3},{"damage":8,"enemies":"downfall:Watcher","floor":50,"turns":4},{"damage":8,"enemies":"downfall:CharBossMerchant","floor":52,"turns":5},{"damage":43,"enemies":"downfall:NeowBoss","floor":55,"turns":19}],"seed_played":"2112302136416485923","potions_obtained":[{"floor":3.0,"key":"SmokeBomb"},{"floor":5.0,"key":"ColorlessPotion"},{"floor":12.0,"key":"Guardian:BlockOnCardUsePotion"},{"floor":22.0,"key":"Dexterity Potion"},{"floor":25.0,"key":"ColorlessPotion"},{"floor":26.0,"key":"Fire Potion"},{"floor":32.0,"key":"SkillPotion"},{"floor":37.0,"key":"SteroidPotion"},{"floor":40.0,"key":"FearPotion"},{"floor":46.0,"key":"Strength Potion"}],"is_trial":false,"path_per_floor":["R","M","M","M","M","?","T","M","?","$","R","E","R","?","M","B",null,"R","M","?","?","M","M","T","M","E","M","M","R","E","M","M","B",null,"R","M","M","M","$","E","T","M","R","M","$","E","M","?","M","B",null,"E","$","R","B",null],"character_chosen":"SLIMEBOUND","items_purchased":["Slimebound:Teamwork","TheAbacus","Slimebound:OneTwoCombo"],"campfire_rested":1,"item_purchase_floors":[10,10,45],"current_hp_per_floor":[39,42,46,50,45,45,45,49,49,51,51,55,60,65,63,17,53,72,63,49,49,49,52,52,26,25,15,21,54,48,50,54,47,72,80,80,80,80,80,80,80,76,80,71,77,80,80,80,78,80,80,80,80,80,80],"gold":73,"neow_bonus":"TWO_FIFTY_GOLD","is_daily":false,"chose_seed":false,"campfire_upgraded":6,"win_rate":0.0,"timestamp":1609402392,"path_taken":["R","M","M","M","M","?","T","M","?","$","R","E","R","?","M","BOSS","R","M","?","?","M","M","T","M","E","M","M","R","E","M","M","BOSS","R","M","M","M","$","E","T","M","R","M","$","E","M","?","M","BOSS","E","$","R","BOSS"],"items_purchased_type":["Card","Relic","Card"],"build_version":"2020-12-22","purchased_purges":3,"victory":true,"max_hp_per_floor":[60,60,60,60,60,60,60,60,60,60,60,60,60,65,65,65,65,75,75,80,80,80,80,80,80,80,80,80,80,80,80,80,80,80,80,80,80,80,80,80,80,80,80,80,80,80,80,80,80,80,80,80,80,80,80],"card_choices":[{"not_picked":["Slimebound:LeechEnergy","Slimebound:LeechingTouch"],"picked":"Slimebound:SlimeSpikes","floor":2.0},{"not_picked":["Slimebound:GrowthPunch","Slimebound:LeechingTouch"],"picked":"Slimebound:SlimeSpikes","floor":3.0},{"not_picked":["Slimebound:AcidTongue","Slimebound:ServeAndProtect","Slimebound:ItLooksTasty"],"picked":"SKIP","floor":4.0},{"not_picked":["Slimebound:GoopTackle","Slimebound:SplitLeeching"],"picked":"Slimebound:SlimeSpikes","floor":5.0},{"not_picked":["Slimebound:Prepare","Slimebound:SlimeSpikes"],"picked":"Slimebound:SlimeTap","floor":8.0},{"not_picked":["Slimebound:FinishingTackle","Slimebound:ComboTackle","Slimebound:DivideAndConquer"],"picked":"SKIP","floor":10.0},{"not_picked":["Slimebound:Chomp","Slimebound:ViciousTackle","Slimebound:Recycling"],"picked":"SKIP","floor":12.0},{"not_picked":["Slimebound:GrowthPunch","Slimebound:Dissolve","Slimebound:RollThrough"],"picked":"SKIP","floor":15.0},{"not_picked":["Slimebound:SlimeSlap","Slimebound:Overexert"],"picked":"Slimebound:Recycling","floor":16.0},{"not_picked":["Slimebound:DivideAndConquer","Slimebound:SplitLeeching+1","Slimebound:FirmFortitude+1"],"picked":"SKIP","floor":19.0},{"not_picked":["Slimebound:SlimeBrawl","Slimebound:FinishingTackle","Slimebound:ForwardTackle"],"picked":"SKIP","floor":22.0},{"not_picked":["Slimebound:Schlurp","Slimebound:SlimeSpikes","Slimebound:ViciousTackle+1"],"picked":"SKIP","floor":23.0},{"not_picked":["Slimebound:SplitAcid","Slimebound:RollThrough"],"picked":"Slimebound:SlimeSpikes+1","floor":25.0},{"not_picked":["Slimebound:Replication","Slimebound:GrowthPunch","Slimebound:SplitSpecialist"],"picked":"SKIP","floor":26.0},{"not_picked":["Slimebound:ForwardTackle","Slimebound:DivideAndConquer+1","Slimebound:ComboTackle"],"picked":"SKIP","floor":27.0},{"not_picked":["Slimebound:PressTheAttack","Slimebound:Prepare"],"picked":"Slimebound:Teamwork","floor":28.0},{"not_picked":["Slimebound:LeechEnergy","Slimebound:SlimeSpikes","Slimebound:RainOfGoop"],"picked":"SKIP","floor":30.0},{"not_picked":["Slimebound:SamplingLick","Slimebound:SplitAcid","Slimebound:HauntingLick+1"],"picked":"SKIP","floor":31.0},{"not_picked":["Slimebound:SlimeBarrage","Slimebound:SplitAcid+1","Slimebound:DivideAndConquer"],"picked":"SKIP","floor":32.0},{"not_picked":["Slimebound:ServeAndProtect","Slimebound:SplitBruiser","Slimebound:SplitLeeching"],"picked":"SKIP","floor":36.0},{"not_picked":["Slimebound:ServeAndProtect","Slimebound:GrowthPunch","Slimebound:SlimeBarrage"],"picked":"SKIP","floor":37.0},{"not_picked":["Slimebound:FinishingTackle","Slimebound:SplitLeeching+1"],"picked":"Slimebound:LevelUp+1","floor":38.0},{"not_picked":["Slimebound:FormOfPuddle","Slimebound:RollThrough"],"picked":"Slimebound:SlimeTap+1","floor":39.0},{"not_picked":["Slimebound:GrowthPunch+1","Slimebound:Prepare+1"],"picked":"Slimebound:OneTwoCombo","floor":40.0},{"not_picked":["Slimebound:LeechingTouch","Slimebound:TongueLash+1","Slimebound:Gluttony"],"picked":"SKIP","floor":42.0},{"not_picked":["Slimebound:RollThrough+1","Slimebound:LeechingTouch+1","Slimebound:ServeAndProtect"],"picked":"SKIP","floor":44.0},{"not_picked":["Slimebound:GoopSpray+1","Slimebound:GrowthPunch+1","Slimebound:SpikyOuterGoop+1"],"picked":"SKIP","floor":45.0},{"not_picked":["Slimebound:Schlurp","Slimebound:OozeBath","Slimebound:SamplingLick"],"picked":"SKIP","floor":46.0},{"not_picked":["Slimebound:SplitMire+1","Slimebound:SplitAcid","Slimebound:Grow+1"],"picked":"SKIP","floor":47.0},{"not_picked":["Slimebound:HungryTackle+1","Slimebound:Repurpose","Slimebound:LeechEnergy+1"],"picked":"SKIP","floor":49},{"not_picked":["Slimebound:FlameTackle","Slimebound:RainOfGoop+1","Slimebound:ViciousTackle"],"picked":"SKIP","floor":52}],"player_experience":423195,"relics_obtained":[{"floor":12.0,"key":"Eternal Feather"},{"floor":24.0,"key":"Gremlin Horn"},{"floor":26.0,"key":"Bag of Marbles"},{"floor":30.0,"key":"Centennial Puzzle"},{"floor":40.0,"key":"Blood Vial"},{"floor":41.0,"key":"Bottled Flame"},{"floor":46.0,"key":"Mercury Hourglass"},{"floor":52,"key":"Shuriken"}],"event_choices":[{"damage_healed":0.0,"max_hp_gain":5.0,"max_hp_loss":0.0,"gold_gain":0.0,"event_name":"Big Fish","player_choice":"Donut","floor":14.0,"gold_loss":0.0,"damage_taken":0.0}],"is_beta":false,"boss_relics":[{"not_picked":["Pandora\u0027s Box","Velvet Choker"],"picked":"Philosopher\u0027s Stone"},{"not_picked":["Calling Bell","Snecko Eye"],"picked":"Coffee Dripper"}],"items_purged_floors":[10,45,48],"is_endless":false,"potions_floor_spawned":[3,5,12,22,25,26,32,37,40,46,47,49],"ascension_level":11}}