{"host":"b0hh64pqctf46s8m","time":1609443552,"event":{"mods":["Act Like it!","Aspiration","BaseMod","Bestiary","Better Third Choice","CCEM","CapriCore","ChefMod","Conspire","Curses Come First","Displayed Cursed Tome","Dota2Spire","Downfall","Ekko","Elementarium","Evolution","Fireblade Mod","Halation","Hallownest","Hermit","Hubris","Infinite Spire","Jess\u0027s Bottle","JesterMod","Jorbs\u0027s Wanderer Trilogy","Koishi","Kratos Character Expansion","Lobotomy","Luminous","Mari Mod (Legacy)","Mari\u0027s V1 Patch","Menagerie","Mimic Mod","Minty Spire (QoL Compilation)","Pale of the Ancients","Permanent Neow","Pikachu Mod","QueenMod","Random Character Button","Relic Sorter","Relic Stats","Replay The Spire","Robot Space Explorer","Shade Mod","StSLib","The Blue Laboratory","The Caster","The Dragon Tamer","The Hayseed","The Immortal","The Marked","TheLocksmith","TheSwordswoman","TheVacant","TheWitcher","Treasure Hunter","UnlockEverythingMod","Wandering Minibosses","vexMod","??????REMEMod"],"gold_per_floor":[119,119,119,136,150,150,176,176,176,211,236,236,236,248,248,349,349,360,9,9,21,21,21,28,43,68,118,130,155,168,268,258,362,362,373,465,465,440,460,460,471,504,528,544,544,573,573,602,602,602,602,602,602],"floor_reached":51,"playtime":3440,"items_purged":["DTMod:Strike","DTMod:Strike","DTMod:Strike"],"score":946,"play_id":"fdaa2954-f773-4cce-9e68-853ea5bb0472","local_time":"20201231113912","is_ascension_mode":false,"metric_token":3859,"campfire_choices":[{"data":"DTMod:DarkBreath","floor":6.0,"key":"SMITH"},{"data":"DTMod:SwitchingTactic","floor":8.0,"key":"SMITH"},{"data":"DTMod:MasterPlan","floor":13.0,"key":"SMITH"},{"floor":15.0,"key":"DIG"},{"data":"Apotheosis","floor":23.0,"key":"SMITH"},{"floor":40,"key":"REST"},{"floor":45,"key":"REST"},{"floor":45,"key":"RECALL"},{"floor":49,"key":"REST"}],"dtmod_dragon_data":[0,50,2,3,4,6],"circlet_count":0,"master_deck":["DTMod:DoubleHit","DTMod:TargetDefense","DTMod:TargetDefense","DTMod:TargetDefense","DTMod:TargetDefense","DTMod:SwitchingTactic+1","DTMod:Training","DTMod:BizarreTactic","DTMod:ComboAttack","DTMod:DarkBreath+1","DTMod:MasterPlan+1","Menagerie:Skullclamp","TH:TreasureMap","DTMod:ShadowImage","DTMod:CrossStep+1","Apotheosis+1","DTMod:MagicField+1","infinitespire:Oblivion","DTMod:Hide","DTMod:DragonDance","Elementarium:GildedEssence","DTMod:StarRain"],"relics":["DTMod:PactStone","Dota2Spire:BladeMail","halation:EternalFortune","hubris:Icosahedron","REME_ComplimentaryCards","EVO:Axolotl","Blue Doll","hubris:GlazedTorus","Menagerie:GrandMagusSpellbook","Dota2Spire:PhaseBoots","Snecko Eye","ReplayTheSpireMod:Lightbulb","CCEMRelics:JestersCrown","infinitespire:Golems Mask","Tiny House","CCEMRelics:Barrel","Dota2Spire:OctarineCore","Elementarium:ElementariumTrophy","Fusion Hammer","hubris:SlimyHat","infinitespire:Magic Flask","aspiration:TomeofQuesting","CCEMRelics:OldTooth","halation:PinkSoulGem","ReplayTheSpireMod:Shallot","paleoftheancients:Timepiece","paleoftheancients:KeyRelic","Mercury Hourglass","CultistMask"],"acts_visited":["Menagerie:Menagerie","Elementarium:Elementarium","Hallownest:KingdomsEdge","paleoftheancients:PaleOfTheAncients"],"potions_floor_usage":[42],"damage_taken":[{"damage":0.0,"enemies":"Menagerie:WhisperingWraith","floor":1.0,"turns":4.0},{"damage":0.0,"enemies":"Menagerie:MonstrousExperiment","floor":4.0,"turns":5.0},{"damage":0.0,"enemies":"Menagerie:2_RABBITS","floor":5.0,"turns":4.0},{"damage":0.0,"enemies":"Menagerie:VoidReaper","floor":7.0,"turns":5.0},{"damage":0.0,"enemies":"Menagerie:GrandMagus","floor":10.0,"turns":8.0},{"damage":0.0,"enemies":"Menagerie:MOSSY_WILDLIFE","floor":11.0,"turns":7.0},{"damage":0.0,"enemies":"Menagerie:RedMage","floor":14.0,"turns":5.0},{"damage":6.0,"enemies":"Menagerie:Chimera","floor":16.0,"turns":12.0},{"damage":0.0,"enemies":"Elementarium:2_ELEMENTALS","floor":18.0,"turns":4.0},{"damage":11.0,"enemies":"Elementarium:Cyclone","floor":21.0,"turns":6.0},{"damage":0.0,"enemies":"Elementarium:ElementalPortal","floor":24.0,"turns":9.0},{"damage":2.0,"enemies":"Elementarium:VoidBeast","floor":25.0,"turns":3.0},{"damage":0.0,"enemies":"Elementarium:Hydrostalker","floor":28.0,"turns":6.0},{"damage":0.0,"enemies":"Nightmare","floor":29.0,"turns":7.0},{"damage":0.0,"enemies":"Elementarium:RubyGolem","floor":30.0,"turns":3.0},{"damage":0.0,"enemies":"Elementarium:FIRE_SANCTUM_HERALD","floor":31.0,"turns":5.0},{"damage":17.0,"enemies":"Elementarium:FIRE_SANCTUM_FIRELORD","floor":31.0,"turns":8.0},{"damage":21.0,"enemies":"Elementarium:GoldenDragon","floor":33.0,"turns":7.0},{"damage":10.0,"enemies":"Hallownest:3_Siblings","floor":35.0,"turns":6.0},{"damage":3,"enemies":"Hallownest:Shield_Heavy","floor":39,"turns":5},{"damage":0,"enemies":"Hallownest:2_Wing_and_1_Kings","floor":41,"turns":7},{"damage":0,"enemies":"Hallownest:eliteCollector","floor":42,"turns":6},{"damage":0,"enemies":"Hallownest:Shield_Sturdy","floor":44,"turns":5},{"damage":0,"enemies":"Hallownest:eliteHiveKnight","floor":46,"turns":5},{"damage":0,"enemies":"Hallownest:eliteCollector","floor":48,"turns":6},{"damage":23,"enemies":"Hallownest:BossGreyPrinceZote","floor":50,"turns":8},{"damage":0,"enemies":"Hallownest:BossGreyPrinceZote","floor":51,"turns":3}],"seed_played":"-2715468899595372060","potions_obtained":[{"floor":1.0,"key":"blueLaboratory:FruitPunch"},{"floor":11.0,"key":"blueLaboratory:HorrorPotion"},{"floor":14.0,"key":"blueLaboratory:NullPotion"},{"floor":16.0,"key":"Weak Potion"},{"floor":25.0,"key":"Venom Potion"},{"floor":33.0,"key":"blueLaboratory:StoneskinPotion"},{"floor":42,"key":"SkillPotion"}],"is_trial":false,"path_per_floor":["M","?","?","M","M","R","E","R","T","?","?","?","R","M","R","B",null,"M","$","?","M","$","R","E","M","T","AVR","M","NM","M","?","R","B",null,"M","?","AVR","?","M","R","M","E","T","M","R","E","?","E","R","B","M"],"character_chosen":"THE_DT","items_purchased":["DTMod:CrossStep","Apotheosis","ReplayTheSpireMod:Lightbulb"],"campfire_rested":3,"item_purchase_floors":[19,19,22],"current_hp_per_floor":[45,45,48,51,51,51,54,54,54,54,59,59,59,59,59,53,59,59,59,59,48,35,35,35,33,33,38,38,41,41,24,24,3,67,57,41,41,41,38,58,58,58,58,58,67,67,67,67,67,67,67,67,67],"gold":602,"neow_bonus":"THREE_CARDS","is_daily":false,"chose_seed":false,"campfire_upgraded":4,"win_rate":0.0,"timestamp":1609443552,"path_taken":["M","?","?","M","M","R","E","R","T","?","?","?","R","M","R","BOSS","BOSS","M","$","?","M","?","R","E","?","T","AVR","M","NM","M","?","R","BOSS","M","?","AVR","?","M","R","M","E","T","M","R","E","?","E","R","BOSS","M"],"items_purchased_type":["Card","Card","Relic"],"build_version":"2020-12-22","purchased_purges":3,"victory":false,"max_hp_per_floor":[45,45,48,51,51,51,54,54,54,54,59,59,59,59,59,59,59,59,59,59,59,59,59,59,59,59,64,64,67,67,67,67,67,67,67,67,67,67,67,67,67,67,67,67,67,67,67,67,67,67,67,67,67],"relic_stats":{"counters":[27,159],"Snecko Eye":[223,212,224,216],"obtain_stats":[{"Tiny House":27,"Blue Doll":7,"aspiration:TomeofQuesting":43,"hubris:SlimyHat":37,"EVO:Axolotl":0,"hubris:Icosahedron":20,"CCEMRelics:OldTooth":46,"Dota2Spire:BladeMail":24,"infinitespire:Golems Mask":27,"Fusion Hammer":34,"CCEMRelics:JestersCrown":26,"hubris:GlazedTorus":9,"CCEMRelics:Barrel":29,"paleoftheancients:KeyRelic":50,"Menagerie:GrandMagusSpellbook":10,"infinitespire:Magic Flask":42,"Mercury Hourglass":50,"paleoftheancients:Timepiece":50,"DTMod:PactStone":0,"Elementarium:ElementariumTrophy":33,"ReplayTheSpireMod:Shallot":48,"halation:EternalFortune":3,"Snecko Eye":17,"CultistMask":50,"Dota2Spire:OctarineCore":31,"ReplayTheSpireMod:Lightbulb":22,"halation:PinkSoulGem":47,"REME_ComplimentaryCards":0,"Dota2Spire:PhaseBoots":15},{"Tiny House":12,"Blue Doll":4,"aspiration:TomeofQuesting":22,"hubris:SlimyHat":19,"EVO:Axolotl":0,"hubris:Icosahedron":9,"CCEMRelics:OldTooth":24,"Dota2Spire:BladeMail":11,"infinitespire:Golems Mask":12,"Fusion Hammer":18,"CCEMRelics:JestersCrown":12,"hubris:GlazedTorus":4,"CCEMRelics:Barrel":14,"paleoftheancients:KeyRelic":26,"Menagerie:GrandMagusSpellbook":4,"infinitespire:Magic Flask":22,"Mercury Hourglass":26,"paleoftheancients:Timepiece":26,"DTMod:PactStone":0,"Elementarium:ElementariumTrophy":18,"ReplayTheSpireMod:Shallot":25,"halation:EternalFortune":1,"Snecko Eye":8,"CultistMask":26,"Dota2Spire:OctarineCore":17,"ReplayTheSpireMod:Lightbulb":10,"halation:PinkSoulGem":24,"REME_ComplimentaryCards":0,"Dota2Spire:PhaseBoots":7},{"Tiny House":72,"Blue Doll":18,"aspiration:TomeofQuesting":132,"hubris:SlimyHat":114,"EVO:Axolotl":0,"hubris:Icosahedron":54,"CCEMRelics:OldTooth":142,"Dota2Spire:BladeMail":69,"infinitespire:Golems Mask":72,"Fusion Hammer":108,"CCEMRelics:JestersCrown":72,"hubris:GlazedTorus":18,"CCEMRelics:Barrel":85,"paleoftheancients:KeyRelic":156,"Menagerie:GrandMagusSpellbook":18,"infinitespire:Magic Flask":132,"Mercury Hourglass":156,"paleoftheancients:Timepiece":156,"DTMod:PactStone":0,"Elementarium:ElementariumTrophy":108,"ReplayTheSpireMod:Shallot":148,"halation:EternalFortune":4,"Snecko Eye":50,"CultistMask":156,"Dota2Spire:OctarineCore":101,"ReplayTheSpireMod:Lightbulb":60,"halation:PinkSoulGem":142,"REME_ComplimentaryCards":0,"Dota2Spire:PhaseBoots":38}],"Mercury Hourglass":[6]},"card_choices":[{"not_picked":["DTMod:PurifyingFlame","DTMod:StarRain"],"picked":"DTMod:Training","floor":0.0},{"not_picked":["DTMod:Astonish","DTMod:Hide"],"picked":"DTMod:BizarreTactic","floor":1.0},{"not_picked":["DTMod:MaximumCharge","DTMod:Weaken"],"picked":"DTMod:ComboAttack","floor":4.0},{"not_picked":["DTMod:Weaken","DTMod:BreakAttack"],"picked":"DTMod:DarkBreath","floor":5.0},{"not_picked":["DTMod:BuildUp","DTMod:Cover"],"picked":"DTMod:MasterPlan","floor":7.0},{"not_picked":["TH:TreasureMap","TH:ArmorSpikes"],"picked":"SKIP","floor":7.0},{"not_picked":["TH:TreasureMap","TH:ArmorSpikes"],"picked":"SKIP","floor":7.0},{"not_picked":["TH:ElvenBoots","TH:CursedSword"],"picked":"SKIP","floor":9.0},{"not_picked":["DTMod:WarmUp","DTMod:ComboAttack","DTMod:BlazingStrike"],"picked":"SKIP","floor":14.0},{"not_picked":["TH:Mimic"],"picked":"TH:TreasureMap","floor":16.0},{"not_picked":["DTMod:StunTrap","DTMod:EchoTactic"],"picked":"DTMod:ShadowImage","floor":16.0},{"not_picked":["DTMod:RecklessFlurry","DTMod:WarmUp","DTMod:BizarreTactic"],"picked":"SKIP","floor":18.0},{"not_picked":["DTMod:ForkedFire","DTMod:BuildUp","DTMod:FlameSlash+1"],"picked":"SKIP","floor":21.0},{"not_picked":["TH:EnergyPotion","TH:PixieDust"],"picked":"SKIP","floor":24.0},{"not_picked":["DTMod:MaximumCharge+1","DTMod:FlameSlash","DTMod:DarkBreath"],"picked":"SKIP","floor":24.0},{"not_picked":["DTMod:MagicField","DTMod:ShieldDrain+1","DTMod:CrossStep+1"],"picked":"SKIP","floor":25.0},{"not_picked":["TH:ElvenBoots","TH:BikiniMail"],"picked":"SKIP","floor":26.0},{"not_picked":["DTMod:BreakAttack","DTMod:MasterPlan"],"picked":"DTMod:MagicField+1","floor":27.0},{"not_picked":["DTMod:BizarreTactic","DTMod:DarkBreath","DTMod:MasterPlan+1"],"picked":"SKIP","floor":28.0},{"not_picked":["DTMod:BlazingStrike+1","DTMod:PurifyingFlame"],"picked":"DTMod:Hide","floor":29.0},{"not_picked":["TH:CopperCoins","TH:DeckOfManyThings"],"picked":"SKIP","floor":29.0},{"not_picked":["DTMod:BizarreTactic","DTMod:ShieldDrain+1","DTMod:RecklessFlurry"],"picked":"SKIP","floor":30.0},{"not_picked":["DTMod:TauntingStrike","DTMod:Feint"],"picked":"DTMod:DragonDance","floor":31.0},{"not_picked":["DTMod:Haste","DTMod:MagiciansMark+1","DTMod:MasterPlan+1"],"picked":"SKIP","floor":35},{"not_picked":["DTMod:InvisibleFlame+1","DTMod:Feint","DTMod:Weaken+1"],"picked":"SKIP","floor":39},{"not_picked":["DTMod:BlazingStrike","DTMod:BizarreTactic+1","DTMod:Astonish"],"picked":"SKIP","floor":41},{"not_picked":["DTMod:Haste+1","DTMod:BizarreTactic+1"],"picked":"DTMod:StarRain","floor":42},{"not_picked":["TH:ElvenBoots","TH:EnergyPotion"],"picked":"SKIP","floor":42},{"not_picked":["TH:ElvenBoots","TH:ArmorSpikes"],"picked":"SKIP","floor":43},{"not_picked":["TH:ElvenBoots","TH:ArmorSpikes"],"picked":"SKIP","floor":43},{"not_picked":["DTMod:WarmUp+1","DTMod:QuickFly+1","DTMod:ForkedFire+1"],"picked":"SKIP","floor":44},{"not_picked":["TH:CopperCoins","TH:PixieDust"],"picked":"SKIP","floor":46},{"not_picked":["DTMod:CalculatedDefense","DTMod:Training+1","DTMod:Conduct"],"picked":"SKIP","floor":46},{"not_picked":["TH:Mimic","TH:DeckOfManyThings"],"picked":"SKIP","floor":48},{"not_picked":["DTMod:BlueScale+1","DTMod:StunTrap","DTMod:BurningEnergy+1"],"picked":"SKIP","floor":48}],"player_experience":1474181,"relics_obtained":[{"floor":4.0,"key":"halation:EternalFortune"},{"floor":7.0,"key":"halation:EternalFortune"},{"floor":7.0,"key":"Blue Doll"},{"floor":9.0,"key":"hubris:GlazedTorus"},{"floor":11.0,"key":"halation:EternalFortune"},{"floor":15.0,"key":"Dota2Spire:PhaseBoots"},{"floor":24.0,"key":"Dota2Spire:BladeMail"},{"floor":26.0,"key":"CCEMRelics:JestersCrown"},{"floor":29.0,"key":"halation:EternalFortune"},{"floor":29.0,"key":"CCEMRelics:Barrel"},{"floor":31.0,"key":"Dota2Spire:OctarineCore"},{"floor":42,"key":"infinitespire:Magic Flask"},{"floor":43,"key":"aspiration:TomeofQuesting"},{"floor":46,"key":"CCEMRelics:OldTooth"},{"floor":48,"key":"ReplayTheSpireMod:Shallot"}],"event_choices":[{"damage_healed":0.0,"max_hp_gain":0.0,"max_hp_loss":0.0,"gold_gain":0.0,"event_name":"Menagerie:GrandMagusTower","player_choice":"Steal","floor":10.0,"gold_loss":0.0,"damage_taken":0.0,"relics_obtained":["Menagerie:GrandMagusSpellbook"]},{"damage_healed":0.0,"max_hp_gain":0.0,"max_hp_loss":0.0,"gold_gain":0.0,"event_name":"Menagerie:MossyPath","player_choice":"Detour","floor":11.0,"gold_loss":0.0,"damage_taken":0.0},{"damage_healed":0.0,"max_hp_gain":0.0,"max_hp_loss":0.0,"gold_gain":0.0,"cards_transformed":["DTMod:Strike"],"event_name":"Menagerie:MagesHand","player_choice":"Grasp","floor":12.0,"gold_loss":0.0,"damage_taken":0.0,"cards_obtained":["Menagerie:Skullclamp"]},{"damage_healed":0.0,"max_hp_gain":0.0,"max_hp_loss":0.0,"gold_gain":0.0,"event_name":"Elementarium:FireSanctum","player_choice":"Fight","floor":31.0,"gold_loss":0.0,"damage_taken":0.0},{"damage_healed":0.0,"max_hp_gain":0.0,"max_hp_loss":0.0,"gold_gain":0.0,"event_name":"Elementarium:FireSanctum","player_choice":"Confrontation","floor":31.0,"gold_loss":0.0,"damage_taken":0.0},{"damage_healed":0.0,"max_hp_gain":0.0,"max_hp_loss":0.0,"gold_gain":0.0,"event_name":"Elementarium:OnrushingOffering","player_choice":"Toss","floor":32.0,"gold_loss":10.0,"damage_taken":0.0,"cards_obtained":["Elementarium:GildedEssence"]}],"is_beta":false,"boss_relics":[{"not_picked":["aspiration:SecretTechniqueScroll","infinitespire:Cupcake"],"picked":"Snecko Eye"},{"not_picked":["REME_DuelDisc","halation:LoveArrow"],"picked":"Fusion Hammer"}],"items_purged_floors":[19,27,37],"is_endless":false,"potions_floor_spawned":[1,11,14,16,18,25,28,33,35,39,42,48],"killed_by":"Hallownest:BossGreyPrinceZote","ascension_level":0}}