{"host":"93n4kdg5le7r8dks","time":1609450599,"event":{"mods":["AlwaysNeverKeys","BaseMod","Better Note","Better Sensory Stone","Better Skull","Better Third Choice","Block Reminder","Colored Map","Colored Powertips","DeckTracker","Downfall","Infinite Spire","Minty Spire (QoL Compilation)","Quick Restart","StSLib"],"gold_per_floor":[24,24,24,24,24,50,50,61,81,106,106,31,31,31,43,144,144,19,34,34,34,34,54,54,64,64,64,64],"floor_reached":26,"playtime":948,"items_purged":["Slimebound:Strike_Slimebound"],"score":237,"play_id":"30d87d89-4511-4a88-bdb2-094b789f0987","local_time":"20201231153639","is_ascension_mode":false,"campfire_choices":[{"data":"Slimebound:Split","floor":1,"key":"SMITH"},{"data":"Slimebound:CorrosiveSpit","floor":12,"key":"SMITH"},{"data":"Slimebound:Overexert","floor":18,"key":"SMITH"}],"circlet_count":0,"master_deck":["Slimebound:Strike_Slimebound","Slimebound:Tackle","Slimebound:Defend_Slimebound","Slimebound:Defend_Slimebound","Slimebound:Defend_Slimebound","Slimebound:Defend_Slimebound+1","Slimebound:Split+1","Slimebound:CorrosiveSpit+1","Slimebound:PressTheAttack","Slimebound:RollThrough","Slimebound:ViciousTackle","Slimebound:Schlurp","Slimebound:LeadByExample","Slimebound:LevelUp","Slimebound:MinionMaster","Slimebound:Chomp","Slimebound:Overexert+1","Slimebound:SamplingLick+1"],"relics":["Slimebound:AbsorbEndCombat","downfall:HeartsMalice","downfall:HeartBlessingRed","Pen Nib","infinitespire:BottledMercury","Potion Belt","downfall:HeartBlessingGreen","downfall:BrokenWingStatue","Slimebound:GreedOozeRelic","Coffee Dripper","downfall:HeartBlessingBlue","Gremlin Horn","Pantograph"],"acts_visited":["Exordium","TheCity"],"potions_floor_usage":[9,16],"damage_taken":[{"damage":0,"enemies":"2 Louse","floor":2,"turns":1},{"damage":0,"enemies":"Jaw Worm","floor":5,"turns":1},{"damage":0,"enemies":"3 Sentries","floor":6,"turns":1},{"damage":16,"enemies":"Small Slimes","floor":8,"turns":3},{"damage":20,"enemies":"Blue Slaver","floor":9,"turns":2},{"damage":14,"enemies":"Gremlin Nob","floor":10,"turns":3},{"damage":3,"enemies":"downfall:FleeingMerchant","floor":11,"turns":2},{"damage":8,"enemies":"2 Fungi Beasts","floor":15,"turns":3},{"damage":33,"enemies":"downfall:Ironclad","floor":16,"turns":6},{"damage":19,"enemies":"Shell Parasite","floor":19,"turns":4},{"damage":22,"enemies":"3 Byrds","floor":23,"turns":3},{"damage":15,"enemies":"Snake Plant","floor":25,"turns":2},{"damage":27,"enemies":"Slavers","floor":26,"turns":1}],"seed_played":"-415357947333042704","potions_obtained":[{"floor":6,"key":"Energy Potion"},{"floor":15,"key":"Block Potion"},{"floor":19,"key":"EntropicBrew"}],"is_trial":false,"path_per_floor":["R","M","?","?","M","E","T","M","M","E","$","R","?","?","M","B",null,"R","M","?","?","AVR","M","T","M","E"],"character_chosen":"SLIMEBOUND","items_purchased":[],"campfire_rested":0,"item_purchase_floors":[],"current_hp_per_floor":[60,60,46,46,46,46,46,40,32,30,27,27,27,27,29,12,60,70,55,59,51,51,39,39,26,0,0,0],"gold":64,"neow_bonus":"THREE_ENEMY_KILL","is_daily":false,"chose_seed":false,"campfire_upgraded":3,"win_rate":0.0,"timestamp":1609450599,"path_taken":["R","M","?","?","M","E","T","M","?","E","$","R","?","?","M","BOSS","R","M","?","?","AVR","M","T","M","E"],"items_purchased_type":[],"build_version":"2020-12-13","purchased_purges":1,"victory":false,"max_hp_per_floor":[60,60,60,60,60,60,60,60,60,60,60,60,60,60,60,60,60,70,70,70,70,70,70,70,70,70,70,70],"card_choices":[{"not_picked":["Slimebound:GoopTackle","Slimebound:ForwardTackle"],"picked":"Slimebound:PressTheAttack","floor":2},{"not_picked":["infinitespire:DeathsTouch","infinitespire:Starlight"],"picked":"infinitespire:SealOfDarkness+","floor":3},{"not_picked":["Slimebound:ComboTackle","Slimebound:GoopSpray"],"picked":"Slimebound:RollThrough","floor":5},{"not_picked":["Slimebound:SamplingLick","Slimebound:SplitMire"],"picked":"Slimebound:ViciousTackle","floor":6},{"not_picked":["Slimebound:SplitAcid","Slimebound:MassRepurpose"],"picked":"Slimebound:Schlurp","floor":8},{"not_picked":["Slimebound:SpikyOuterGoop","Slimebound:RollThrough"],"picked":"Slimebound:LeadByExample","floor":9},{"not_picked":["Slimebound:ViciousTackle","Slimebound:AcidTongue"],"picked":"Slimebound:LevelUp","floor":10},{"not_picked":["Slimebound:Chomp","Slimebound:LeechEnergy"],"picked":"Slimebound:MinionMaster","floor":11},{"not_picked":["Slimebound:LeechEnergy","Slimebound:ComboTackle"],"picked":"Slimebound:Chomp","floor":15},{"not_picked":["Slimebound:SelfFormingGoo","Slimebound:RallyTheTroops"],"picked":"Slimebound:Overexert","floor":16},{"not_picked":["Slimebound:FinishingTackle","Slimebound:GoopSpray"],"picked":"Slimebound:SamplingLick+1","floor":19},{"not_picked":["Slimebound:GrowthPunch","Slimebound:SlimeSpikes","Slimebound:RollThrough"],"picked":"SKIP","floor":23},{"not_picked":["Slimebound:SlimeSpikes","Slimebound:MinionMaster","Slimebound:GrowthPunch"],"picked":"SKIP","floor":25}],"player_experience":89295,"relics_obtained":[{"floor":6,"key":"Pen Nib"},{"floor":7,"key":"infinitespire:BottledMercury"},{"floor":10,"key":"Potion Belt"},{"floor":24,"key":"Pantograph"}],"event_choices":[{"damage_healed":4,"gold_gain":0,"player_choice":"LEAVE ","damage_taken":0,"relics_obtained":[],"max_hp_gain":0,"max_hp_loss":0,"event_name":"betterSkull:BetterSkull","floor":20,"gold_loss":0,"cards_upgraded":[]}],"is_beta":false,"boss_relics":[{"not_picked":["Runic Pyramid","Black Star"],"picked":"Coffee Dripper"}],"items_purged_floors":[22],"is_endless":false,"potions_floor_spawned":[6,15,19],"killed_by":"Slavers","ascension_level":0}}