{"host":"Rich","time":1609449856,"event":{"mods":["AchievementEnabler","BaseMod","Highlight Path","Minty Spire (QoL Compilation)","Relic Stats"],"gold_per_floor":[115,115,133,133,144,175,175,175,175],"floor_reached":8,"playtime":217,"items_purged":[],"score":112,"play_id":"15c0b2b7-8e1f-4948-a292-f6dc7aace20d","local_time":"20201231162416","is_ascension_mode":true,"campfire_choices":[{"floor":7,"key":"REST"}],"circlet_count":0,"master_deck":["AscendersBane","Strike_P","Strike_P","Strike_P","Defend_P","Defend_P","Eruption","Vigilance","EmptyBody","WreathOfFlame","Conclude","Prostrate","SashWhip","Pray"],"relics":["PureWater","Mummified Hand","InkBottle"],"acts_visited":["Exordium"],"potions_floor_usage":[6],"damage_taken":[{"damage":2,"enemies":"2 Louse","floor":1,"turns":4},{"damage":0,"enemies":"Jaw Worm","floor":3,"turns":2},{"damage":9,"enemies":"Small Slimes","floor":5,"turns":4},{"damage":33,"enemies":"Lagavulin","floor":6,"turns":5},{"damage":0,"enemies":"3 Sentries","floor":8,"turns":2}],"seed_played":"8184719192548687325","potions_obtained":[{"floor":1,"key":"DuplicationPotion"},{"floor":5,"key":"Regen Potion"}],"is_trial":false,"path_per_floor":["M","?","M","T","M","E","R","E"],"character_chosen":"WATCHER","items_purchased":[],"campfire_rested":1,"item_purchase_floors":[],"current_hp_per_floor":[59,52,52,52,43,24,42,42,42],"gold":175,"neow_bonus":"TRANSFORM_TWO_CARDS","is_daily":false,"chose_seed":false,"campfire_upgraded":0,"win_rate":0.0,"timestamp":1609449856,"path_taken":["M","?","M","?","M","E","R","E"],"items_purchased_type":[],"build_version":"2020-12-18","purchased_purges":0,"victory":false,"max_hp_per_floor":[62,62,62,62,62,62,62,62,62],"relic_stats":{"counters":[5,17],"Mummified Hand":[0],"obtain_stats":[{"Mummified Hand":4,"PureWater":0,"InkBottle":6},{"Mummified Hand":2,"PureWater":0,"InkBottle":4},{"Mummified Hand":6,"PureWater":0,"InkBottle":15}],"InkBottle":[1]},"card_choices":[{"not_picked":["Weave","Perseverance"],"picked":"Conclude","floor":1},{"not_picked":["FollowUp","Evaluate"],"picked":"Prostrate","floor":3},{"not_picked":["FollowUp","JustLucky"],"picked":"SashWhip","floor":5},{"not_picked":["BattleHymn","Crescendo"],"picked":"Pray","floor":6}],"player_experience":1948942,"relics_obtained":[{"floor":4,"key":"Mummified Hand"},{"floor":6,"key":"InkBottle"}],"event_choices":[{"cards_removed":["Strike_P"],"damage_healed":0,"gold_gain":0,"player_choice":"Card Removal","damage_taken":7,"max_hp_gain":0,"max_hp_loss":0,"event_name":"Golden Wing","floor":2,"gold_loss":0}],"is_beta":true,"boss_relics":[],"items_purged_floors":[],"is_endless":false,"potions_floor_spawned":[1,5],"killed_by":"3 Sentries","ascension_level":20}}