{"host":"ephzq12rl18r5ewu","time":1609402477,"event":{"mods":["BaseMod","Minty Spire (QoL Compilation)"],"gold_per_floor":[114,129,144,159,174,204,204,204,229,244,244,244,244,259,259,359,359,374,25,40,1,1,31,31,46,46,61,61,61,76,26,26,26,26],"floor_reached":33,"playtime":2244,"items_purged":[],"score":269,"play_id":"bcb97de2-33d2-4a74-998a-dcef22d8bb8d","local_time":"20201231001437","daily_mods":["Heirloom","Time Dilation","Lethality"],"is_ascension_mode":false,"campfire_choices":[{"data":"Aggregate","floor":8,"key":"SMITH"},{"data":"Zap","floor":13,"key":"SMITH"},{"data":"Beam Cell","floor":15,"key":"SMITH"},{"floor":24,"key":"REST"},{"floor":28,"key":"REST"},{"floor":32,"key":"REST"}],"circlet_count":0,"master_deck":["Strike_B","Strike_B","Strike_B","Strike_B","Defend_B","Defend_B","Defend_B","Defend_B","Zap+1","Dualcast","Turbo","Aggregate+1","Cold Snap","Barrage","Beam Cell+1","Chaos+1","Rebound","Echo Form","Undo","Storm+1","Barrage","Coolheaded","Storm+1","Creative AI+1","Compile Driver+1","Go for the Eyes+1","Conserve Battery+1"],"relics":["Cracked Core","WingedGreaves","Oddly Smooth Stone","Akabeko","Cables","Black Star","Frozen Egg 2","Mummified Hand","Bag of Marbles","Mercury Hourglass","Singing Bowl"],"acts_visited":["Exordium","TheCity"],"potions_floor_usage":[4,16,16,18,23,23,30,33],"damage_taken":[{"damage":0,"enemies":"Cultist","floor":1,"turns":2},{"damage":8,"enemies":"2 Louse","floor":2,"turns":2},{"damage":9,"enemies":"Jaw Worm","floor":3,"turns":2},{"damage":17,"enemies":"Exordium Thugs","floor":4,"turns":3},{"damage":5,"enemies":"Blue Slaver","floor":5,"turns":2},{"damage":27,"enemies":"3 Sentries","floor":6,"turns":6},{"damage":1,"enemies":"Exordium Wildlife","floor":10,"turns":2},{"damage":0,"enemies":"Large Slime","floor":14,"turns":3},{"damage":64,"enemies":"Hexaghost","floor":16,"turns":6},{"damage":28,"enemies":"3 Byrds","floor":18,"turns":2},{"damage":0,"enemies":"Spheric Guardian","floor":20,"turns":3},{"damage":42,"enemies":"Slavers","floor":23,"turns":5},{"damage":3,"enemies":"Centurion and Healer","floor":25,"turns":3},{"damage":29,"enemies":"Cultist and Chosen","floor":27,"turns":4},{"damage":16,"enemies":"Chosen and Byrds","floor":30,"turns":3},{"damage":49,"enemies":"Automaton","floor":33,"turns":6}],"seed_played":"-5051420239723459148","potions_obtained":[{"floor":1,"key":"SkillPotion"},{"floor":5,"key":"Ancient Potion"},{"floor":6,"key":"Energy Potion"},{"floor":10,"key":"LiquidBronze"},{"floor":16,"key":"PowerPotion"},{"floor":20,"key":"FocusPotion"},{"floor":25,"key":"SkillPotion"}],"is_trial":false,"path_per_floor":["M","M","M","M","M","E","?","R","T","M","T","?","R","M","R","B",null,"M","$","M","$","$","E","R","M","T","M","R","?","M","$","R","B"],"character_chosen":"DEFECT","items_purchased":["Frozen Egg 2","Storm+1","Barrage","Storm+1","Explosive Potion"],"campfire_rested":3,"item_purchase_floors":[19,19,19,21,31],"current_hp_per_floor":[75,67,58,41,36,9,85,85,85,84,84,84,84,84,84,20,85,57,57,57,57,57,15,40,37,37,8,33,33,17,17,42,0,0],"gold":26,"neow_bonus":"","is_daily":true,"chose_seed":false,"campfire_upgraded":3,"win_rate":0.0,"timestamp":1609402477,"path_taken":["M","M","M","M","?","E","?","R","T","?","?","?","R","M","R","BOSS","M","$","M","?","$","E","R","M","T","M","R","?","M","$","R","BOSS"],"items_purchased_type":["Relic","Card","Card","Card","Potion"],"build_version":"2020-12-22","purchased_purges":0,"victory":false,"max_hp_per_floor":[75,75,75,75,75,75,85,85,85,85,85,85,85,85,85,85,85,85,85,85,85,85,85,85,85,85,85,85,85,85,85,85,85,85],"card_choices":[{"not_picked":["Sweeping Beam","Skim"],"picked":"Turbo","floor":1},{"not_picked":["Darkness","Go for the Eyes"],"picked":"Aggregate","floor":2},{"not_picked":["Undo","Auto Shields"],"picked":"Cold Snap","floor":3},{"not_picked":["Go for the Eyes","Recycle"],"picked":"Barrage","floor":4},{"not_picked":["Barrage","Sweeping Beam"],"picked":"Beam Cell","floor":5},{"not_picked":["Multi-Cast","Sweeping Beam"],"picked":"Buffer","floor":6},{"not_picked":["Streamline","Conserve Battery"],"picked":"Chaos","floor":10},{"not_picked":["Go for the Eyes","Stack"],"picked":"Rebound","floor":14},{"not_picked":["Core Surge","All For One"],"picked":"Echo Form","floor":16},{"not_picked":["Leap","Go for the Eyes"],"picked":"Undo","floor":18},{"not_picked":["Beam Cell","Cold Snap"],"picked":"Coolheaded","floor":20},{"not_picked":["Coolheaded","Reprogram"],"picked":"Creative AI+1","floor":23},{"not_picked":["Hologram","Rebound"],"picked":"Compile Driver+1","floor":25},{"not_picked":["Rebound","Coolheaded"],"picked":"Go for the Eyes+1","floor":27},{"not_picked":["Beam Cell","Steam+1"],"picked":"Conserve Battery+1","floor":30}],"player_experience":1191963,"relics_obtained":[{"floor":6,"key":"Oddly Smooth Stone"},{"floor":9,"key":"Akabeko"},{"floor":11,"key":"Cables"},{"floor":23,"key":"Mummified Hand"},{"floor":23,"key":"Bag of Marbles"},{"floor":26,"key":"Mercury Hourglass"}],"event_choices":[{"cards_removed":["Buffer"],"damage_healed":66,"gold_gain":0,"player_choice":"Offered Rare","damage_taken":0,"max_hp_gain":10,"max_hp_loss":0,"event_name":"Bonfire Elementals","floor":7,"gold_loss":0},{"damage_healed":0,"gold_gain":0,"player_choice":"Forge","damage_taken":0,"max_hp_gain":0,"max_hp_loss":0,"event_name":"Accursed Blacksmith","floor":12,"gold_loss":0,"cards_upgraded":["Chaos"]},{"damage_healed":0,"gold_gain":0,"player_choice":"Opened","damage_taken":0,"relics_obtained":["Singing Bowl"],"max_hp_gain":0,"max_hp_loss":0,"event_name":"The Mausoleum","floor":29,"gold_loss":0}],"is_beta":false,"boss_relics":[{"not_picked":["Inserter","Sozu"],"picked":"Black Star"}],"items_purged_floors":[],"is_endless":false,"potions_floor_spawned":[1,5,6,10,16,20,25],"killed_by":"Automaton","ascension_level":0}}