{"host":"37dk0reb6x0du8wx","time":1609412042,"event":{"mods":["BaseMod","Colored Map","DeckTracker","Minty Spire (QoL Compilation)","Quick Restart","StSLib","SuperFastMode","The Dragon Tamer"],"gold_per_floor":[115,41,58,58,58,98,119,119,119,119,119,144,69,82,82,210,210,228,251,7,31,52,52,52],"floor_reached":23,"playtime":539,"items_purged":["Strike_B","Strike_B"],"score":229,"play_id":"e3173e01-127c-4659-803b-725eff4209a0","local_time":"20201231195402","is_ascension_mode":true,"campfire_choices":[{"data":"Zap","floor":8,"key":"SMITH"},{"data":"Consume","floor":10,"key":"SMITH"},{"floor":15,"key":"REST"}],"circlet_count":0,"master_deck":["Strike_B","Strike_B","Defend_B","Defend_B","Defend_B","Defend_B","Zap+1","Dualcast+1","Leap","Consume+1","Ball Lightning","Capacitor+1","Auto Shields","CurseOfTheBell","Consume","Ball Lightning","Conserve Battery"],"relics":["Cracked Core","NeowsBlessing","Golden Idol","Unceasing Top","Matryoshka","Calling Bell","Strawberry","Darkstone Periapt","Pocketwatch","Happy Flower"],"acts_visited":["Exordium","TheCity"],"potions_floor_usage":[16,16,22,22,23],"damage_taken":[{"damage":0,"enemies":"Small Slimes","floor":1,"turns":1},{"damage":0,"enemies":"Jaw Worm","floor":3,"turns":1},{"damage":0,"enemies":"Lagavulin","floor":6,"turns":2},{"damage":0,"enemies":"Cultist","floor":7,"turns":3},{"damage":18,"enemies":"3 Louse","floor":12,"turns":3},{"damage":8,"enemies":"Red Slaver","floor":14,"turns":3},{"damage":20,"enemies":"The Guardian","floor":16,"turns":8},{"damage":28,"enemies":"3 Byrds","floor":18,"turns":5},{"damage":17,"enemies":"Spheric Guardian","floor":19,"turns":4},{"damage":16,"enemies":"Centurion and Healer","floor":21,"turns":5},{"damage":14,"enemies":"Cultist and Chosen","floor":22,"turns":6},{"damage":12,"enemies":"Gremlin Leader","floor":23,"turns":2}],"seed_played":"-318628582184893863","potions_obtained":[{"floor":12,"key":"AttackPotion"},{"floor":14,"key":"Weak Potion"},{"floor":16,"key":"Swift Potion"},{"floor":18,"key":"GamblersBrew"},{"floor":22,"key":"Block Potion"}],"is_trial":false,"path_per_floor":["M","$","M","?","$","E","M","R","T","R","?","M","$","M","R","B",null,"M","M","$","M","M","E"],"character_chosen":"DEFECT","items_purchased":["Consume","Happy Flower"],"campfire_rested":1,"item_purchase_floors":[2,20],"current_hp_per_floor":[75,75,75,57,57,57,57,57,57,57,42,24,24,16,38,18,82,54,37,37,21,7,0,0],"gold":52,"neow_bonus":"THREE_ENEMY_KILL","is_daily":false,"chose_seed":false,"campfire_upgraded":2,"win_rate":0.0,"timestamp":1609412042,"path_taken":["M","$","M","?","?","E","M","R","T","R","?","M","$","?","R","BOSS","M","?","$","M","M","E"],"items_purchased_type":["Card","Relic"],"build_version":"2020-12-22","purchased_purges":2,"victory":false,"max_hp_per_floor":[75,75,75,75,75,75,75,75,75,75,75,75,75,75,75,75,82,82,82,82,82,82,82,82],"card_choices":[{"not_picked":["Static Discharge","Go for the Eyes"],"picked":"Leap","floor":1},{"not_picked":["Blizzard","Turbo"],"picked":"Ball Lightning","floor":3},{"not_picked":["Fission","Self Repair"],"picked":"Capacitor","floor":6},{"not_picked":["Chill","Capacitor"],"picked":"Auto Shields","floor":7},{"not_picked":["Genetic Algorithm","Stack","Melter"],"picked":"SKIP","floor":12},{"not_picked":["Turbo","Reprogram","Stack"],"picked":"SKIP","floor":14},{"not_picked":["Stack","Beam Cell"],"picked":"Consume","floor":18},{"not_picked":["Gash","Static Discharge"],"picked":"Ball Lightning","floor":19},{"not_picked":["Barrage","Conserve Battery","Chaos"],"picked":"SKIP","floor":21},{"not_picked":["Compile Driver","Coolheaded"],"picked":"Conserve Battery","floor":22}],"player_experience":105420,"relics_obtained":[{"floor":6,"key":"Unceasing Top"},{"floor":9,"key":"Matryoshka"},{"floor":17,"key":"Strawberry"},{"floor":17,"key":"Darkstone Periapt"},{"floor":17,"key":"Pocketwatch"}],"event_choices":[{"damage_healed":0,"gold_gain":0,"player_choice":"Take Damage","damage_taken":18,"relics_obtained":["Golden Idol"],"max_hp_gain":0,"max_hp_loss":0,"event_name":"Golden Idol","floor":4,"gold_loss":0},{"damage_healed":0,"gold_gain":0,"player_choice":"Entered Light","damage_taken":15,"max_hp_gain":0,"max_hp_loss":0,"event_name":"Shining Light","floor":11,"gold_loss":0,"cards_upgraded":["Dualcast","Capacitor"]}],"is_beta":false,"boss_relics":[{"not_picked":["Black Star","Nuclear Battery"],"picked":"Calling Bell"}],"items_purged_floors":[13,20],"is_endless":false,"potions_floor_spawned":[12,14,16,18,22],"killed_by":"Gremlin Leader","ascension_level":1}}