{"host":"72mgytrs3lmoygvb","time":1609405996,"event":{"mods":["AchievementEnabler","BaseMod","Colored Powertips","Googly Eyes","Highlight Path","Minty Spire (QoL Compilation)","StSLib"],"gold_per_floor":[118,118,138,150,70,104,104,138,187,198,213,244,244,269,269,369,369,383,165,177,187,187,187],"floor_reached":22,"playtime":832,"items_purged":["Strike_R"],"score":313,"play_id":"32baae1a-d8dc-42b2-882c-f2f3e42ab2be","local_time":"20201231111316","is_ascension_mode":true,"campfire_choices":[{"floor":7,"key":"REST"},{"floor":13,"key":"DIG"},{"floor":15,"key":"REST"}],"circlet_count":0,"master_deck":["Strike_R+1","Strike_R","Strike_R","Strike_R+1","Defend_R","Defend_R","Defend_R","Defend_R","Bash","Shrug It Off","Rampage","True Grit","Inflame","Barricade","Armaments","Twin Strike","Juggernaut"],"relics":["Burning Blood","NeowsBlessing","Matryoshka","Centennial Puzzle","Shovel","Bag of Marbles","Red Skull","Orichalcum","Dead Branch","Pantograph","Fusion Hammer","Whetstone"],"acts_visited":["Exordium","TheCity"],"potions_floor_usage":[8,8,8,12,18,18],"damage_taken":[{"damage":0,"enemies":"Small Slimes","floor":1,"turns":1},{"damage":0,"enemies":"Jaw Worm","floor":3,"turns":1},{"damage":0,"enemies":"2 Louse","floor":4,"turns":1},{"damage":39,"enemies":"3 Sentries","floor":6,"turns":11},{"damage":23,"enemies":"Lagavulin","floor":8,"turns":6},{"damage":5,"enemies":"Looter","floor":10,"turns":4},{"damage":4,"enemies":"2 Fungi Beasts","floor":11,"turns":4},{"damage":32,"enemies":"Gremlin Nob","floor":12,"turns":4},{"damage":41,"enemies":"Lagavulin","floor":14,"turns":7},{"damage":32,"enemies":"Slime Boss","floor":16,"turns":8},{"damage":15,"enemies":"3 Byrds","floor":18,"turns":7},{"damage":16,"enemies":"Spheric Guardian","floor":20,"turns":4},{"damage":31,"enemies":"Snake Plant","floor":21,"turns":5},{"damage":30,"enemies":"Chosen and Byrds","floor":22,"turns":6}],"seed_played":"-5051943737523328140","potions_obtained":[{"floor":3,"key":"LiquidMemories"},{"floor":4,"key":"BlessingOfTheForge"},{"floor":6,"key":"Block Potion"},{"floor":10,"key":"BloodPotion"},{"floor":14,"key":"Block Potion"},{"floor":16,"key":"Explosive Potion"},{"floor":21,"key":"CultistPotion"}],"is_trial":false,"path_per_floor":["M","?","M","M","$","E","R","E","T","M","M","E","R","E","R","B",null,"M","$","M","M","M"],"character_chosen":"IRONCLAD","items_purchased":["Inflame","Whetstone"],"campfire_rested":2,"item_purchase_floors":[5,19],"current_hp_per_floor":[78,66,72,78,78,45,69,52,52,53,55,45,45,10,34,33,68,59,59,49,24,0,0],"gold":187,"neow_bonus":"THREE_ENEMY_KILL","is_daily":false,"chose_seed":false,"campfire_upgraded":0,"win_rate":0.0,"timestamp":1609405996,"path_taken":["M","?","M","M","$","E","R","E","T","M","M","E","R","E","R","BOSS","M","$","M","M","M"],"items_purchased_type":["Card","Relic"],"build_version":"2020-12-22","purchased_purges":1,"victory":false,"max_hp_per_floor":[80,80,80,80,80,80,80,80,80,80,80,80,80,80,80,80,80,80,80,80,80,80,80],"card_choices":[{"not_picked":["Twin Strike","Flex"],"picked":"Shrug It Off","floor":1},{"not_picked":["Thunderclap","Body Slam"],"picked":"Rampage","floor":3},{"not_picked":["Pummel","Reckless Charge"],"picked":"True Grit","floor":4},{"not_picked":["Dual Wield","True Grit"],"picked":"Barricade","floor":6},{"not_picked":["Searing Blow","Dual Wield","Flex"],"picked":"SKIP","floor":8},{"not_picked":["Dropkick","Headbutt","True Grit"],"picked":"SKIP","floor":10},{"not_picked":["Disarm","Intimidate"],"picked":"Armaments","floor":11},{"not_picked":["Pummel","Fire Breathing"],"picked":"Twin Strike","floor":12},{"not_picked":["Shrug It Off","True Grit","Ghostly Armor"],"picked":"SKIP","floor":14},{"not_picked":["Bludgeon","Impervious"],"picked":"Juggernaut","floor":16},{"not_picked":["Heavy Blade","Clash","Cleave"],"picked":"SKIP","floor":18},{"not_picked":["Uppercut+1","Flex+1","Dual Wield"],"picked":"SKIP","floor":20},{"not_picked":["Perfected Strike+1","Anger","Wild Strike"],"picked":"SKIP","floor":21}],"player_experience":638657,"relics_obtained":[{"floor":6,"key":"Centennial Puzzle"},{"floor":8,"key":"Shovel"},{"floor":9,"key":"Bag of Marbles"},{"floor":9,"key":"Red Skull"},{"floor":12,"key":"Orichalcum"},{"floor":13,"key":"Dead Branch"},{"floor":14,"key":"Pantograph"}],"event_choices":[{"damage_healed":0,"gold_gain":0,"player_choice":"Success","damage_taken":12,"relics_obtained":["Matryoshka"],"max_hp_gain":0,"max_hp_loss":0,"event_name":"Scrap Ooze","floor":2,"gold_loss":0}],"is_beta":false,"boss_relics":[{"not_picked":["Snecko Eye","Runic Pyramid"],"picked":"Fusion Hammer"}],"items_purged_floors":[19],"is_endless":false,"potions_floor_spawned":[3,4,6,10,14,16,21],"killed_by":"Chosen and Byrds","ascension_level":9}}