{"host":"9qh03gjyvt0jixwo","time":1609428885,"event":{"mods":["Act Like it!","BaseMod","CapriCore","Colored Map","Colored Powertips","Dota2Spire","Friendly Minions","Gensokyo","GifTheSpireLib","Highlight Path","Koishi","KomeijiMod","Marisa£®ÏF”Í°°ƒß¿Ì…≥£©","Minty Spire (QoL Compilation)","Reimu£®≤©¿ˆ¡È√Œ£©","Remilia£®¿Ÿ√◊¿Ú—«£©","Replay The Spire","StSLib","The Immortal","Yakumo Yukari mod","Youmu£®ªÍ∆«—˝√Œ£©"],"gold_per_floor":[179,194,194,194,46,46,90,113,167,180,25,46,46,66,66,187,187,205,205,224,238,14,14,54,54,100,100,144,169,187,187,187],"floor_reached":31,"playtime":2161,"items_purged":["TricksterDevil+1"],"score":302,"play_id":"0539809c-9df9-4cd6-9d58-757822e33381","local_time":"20201231233445","is_ascension_mode":false,"campfire_choices":[{"data":"DoubleEdge","floor":6,"key":"SMITH"},{"data":"DemonsDinnerFork_Remiria","floor":13,"key":"SMITH"},{"data":"Absorbed","floor":15,"key":"SMITH"},{"data":"BloodyMagicSquare","floor":23,"key":"SMITH"},{"data":"MiserableFate_Remiria","floor":25,"key":"SMITH"}],"circlet_count":0,"master_deck":["Strike_Remiria","Strike_Remiria","Strike_Remiria","Defend_Remirira","Defend_Remirira","Defend_Remirira","Defend_Remirira","Absorbed+1","Scratch","DemonsDinnerFork_Remiria+1","DoubleEdge+1","RedtheNightlessCastle","BloodyMagicSquare+1","Exsanguinate","BloodySuit","Offensive","Culling","MiserableFate_Remiria+1","StigmaNizer","Exsanguinate","ServantFlier","BloodCollect+1","Lonely","ScarletNetherworld","TrickFate","BathedInBlood"],"relics":["ThirstyCrossSpe","NeowsBlessing","Golden Idol","Dota2Spire:ShadowBlade","Dota2Spire:MagicBottle","Blue Doll","Painkiller Herb","Vajra","StoneCalendar","Bag of Preparation","SpecialStopwatch","RuthlessExorcism:ReiMu"],"acts_visited":["Exordium","TheCity"],"potions_floor_usage":[16,16,16,29],"damage_taken":[{"damage":0,"enemies":"Jaw Worm","floor":1,"turns":1},{"damage":0,"enemies":"Cultist","floor":2,"turns":1},{"damage":0,"enemies":"Gremlin Nob","floor":7,"turns":1},{"damage":3,"enemies":"Small Slimes","floor":8,"turns":2},{"damage":8,"enemies":"Exordium Thugs","floor":10,"turns":4},{"damage":0,"enemies":"2 Fungi Beasts","floor":12,"turns":3},{"damage":1,"enemies":"3 Louse","floor":14,"turns":2},{"damage":64,"enemies":"Fading Forest","floor":16,"turns":11},{"damage":29,"enemies":"2 Thieves","floor":18,"turns":4},{"damage":0,"enemies":"Chosen","floor":20,"turns":4},{"damage":0,"enemies":"Centurion and Healer","floor":21,"turns":3},{"damage":27,"enemies":"Book of Stabbing","floor":24,"turns":4},{"damage":36,"enemies":"Slavers","floor":28,"turns":3},{"damage":27,"enemies":"Snake Plant","floor":29,"turns":4},{"damage":0,"enemies":"3 Cultists","floor":30,"turns":2},{"damage":16,"enemies":"Centurion and Healer","floor":31,"turns":2}],"seed_played":"907254697865779277","potions_obtained":[{"floor":1,"key":"Weak Potion"},{"floor":7,"key":"Toxic Potion"},{"floor":8,"key":"Venom Potion"},{"floor":20,"key":"SteroidPotion"},{"floor":28,"key":"EssenceOfSteel"},{"floor":29,"key":"SpeedPotion"},{"floor":30,"key":"Doom Potion"}],"is_trial":false,"path_per_floor":["M","M","?","?","$","R","E","M","T","M","$","M","R","M","R","B",null,"?","?","?","?","T","T","E","T","T","?","E","?","?","?"],"character_chosen":"RemiriaScarlet","items_purchased":["RedtheNightlessCastle","Blue Doll","Vajra"],"campfire_rested":0,"item_purchase_floors":[5,11,22],"current_hp_per_floor":[100,100,75,68,68,68,68,65,65,66,66,72,72,71,71,54,100,97,97,97,97,97,97,70,70,70,70,34,8,11,0,0],"gold":187,"neow_bonus":"THREE_ENEMY_KILL","is_daily":false,"chose_seed":false,"campfire_upgraded":5,"win_rate":0.0,"timestamp":1609428885,"path_taken":["M","M","?","?","?","R","E","M","T","M","$","M","R","?","R","BOSS","?","?","?","?","?","T","E","T","T","?","E","?","?","?"],"items_purchased_type":["Card","Relic","Relic"],"build_version":"2020-12-22","purchased_purges":1,"victory":false,"max_hp_per_floor":[100,100,100,100,100,100,100,100,100,100,100,100,100,100,100,100,100,100,100,100,100,100,100,100,100,100,100,100,100,100,100,100],"card_choices":[{"not_picked":["FierceSweep","BloodCleaner"],"picked":"DemonsDinnerFork_Remiria","floor":1},{"not_picked":["Warpath","DemonLordWalk"],"picked":"DoubleEdge","floor":2},{"not_picked":["Warpath","ServantFlier"],"picked":"BloodyMagicSquare","floor":7},{"not_picked":["FastHealing","DamonLordCradle_Remiria"],"picked":"Exsanguinate","floor":8},{"not_picked":["DamonLordCradle_Remiria","Exsanguinate"],"picked":"BloodySuit","floor":10},{"not_picked":["DemonsDinnerFork_Remiria","LifeBreak"],"picked":"Offensive","floor":12},{"not_picked":["BloodySuit","DoubleEdge"],"picked":"Culling","floor":14},{"not_picked":["BloodCoagulation","BadLadyScramble"],"picked":"MiserableFate_Remiria","floor":16},{"not_picked":["Rewrite","RocketKickup"],"picked":"StigmaNizer","floor":18},{"not_picked":["TrickFate","Warpath"],"picked":"TricksterDevil+1","floor":20},{"not_picked":["Cripple","DoubleEdge"],"picked":"ServantFlier","floor":21},{"not_picked":["ServantFlier","Impregnable+1"],"picked":"BloodCollect+1","floor":24},{"not_picked":["BombardNight","BloodySuit"],"picked":"ScarletNetherworld","floor":28},{"not_picked":["BodyStrengthen+1","ScarletNetherworld+1"],"picked":"TrickFate","floor":29},{"not_picked":["DoubleEdge","CurseofVladTepes"],"picked":"BathedInBlood","floor":30}],"player_experience":267545,"relics_obtained":[{"floor":7,"key":"Dota2Spire:ShadowBlade"},{"floor":9,"key":"Dota2Spire:MagicBottle"},{"floor":24,"key":"StoneCalendar"},{"floor":26,"key":"Bag of Preparation"},{"floor":28,"key":"RuthlessExorcism:ReiMu"}],"event_choices":[{"damage_healed":0,"gold_gain":0,"player_choice":"Take Damage","damage_taken":25,"relics_obtained":["Golden Idol"],"max_hp_gain":0,"max_hp_loss":0,"event_name":"Golden Idol","floor":3,"gold_loss":0},{"cards_removed":["Strike_Remiria"],"damage_healed":0,"gold_gain":0,"player_choice":"Card Removal","damage_taken":7,"max_hp_gain":0,"max_hp_loss":0,"event_name":"Golden Wing","floor":4,"gold_loss":0},{"damage_healed":0,"gold_gain":0,"player_choice":"Copied","damage_taken":0,"max_hp_gain":0,"max_hp_loss":0,"event_name":"Duplicator","floor":19,"gold_loss":0,"cards_obtained":["Exsanguinate"]}],"is_beta":false,"boss_relics":[{"not_picked":["Fusion Hammer","Busted Crown"],"picked":"Painkiller Herb"}],"items_purged_floors":[22],"is_endless":false,"potions_floor_spawned":[1,7,8,14,20,28,29,30],"killed_by":"Centurion and Healer","ascension_level":0}}