{"host":"ff0k6g9g9j8o52vm","time":1609400596,"event":{"mods":["AchievementEnabler","Aspiration","Astrologer","BaseMod","Beaked The Cultist","Better Altar","Better Note","Better Sensory Stone","Better Skull","Better Third Choice","Colored Map","Colored Powertips","Curses Come First","Downfall","Energized Spire","GifTheSpireLib","Gremlin Mod","Hermit","Highlight Path","Hubris","Infinite Spire","Jorbs\u0027s Wanderer Trilogy","Koishi","Marisa????????","Minty Spire (QoL Compilation)","Quick Restart","Random Character Button","Replay The Spire","Robot Space Explorer","Shade Mod","Somnambulant","StSLib","The Bug Knight","The Clintock","The Construct","The Cursed","The Disciple","The Dragon Tamer","The Forsaken","The Gatherer","The Hayseed","The Hierophant","The Jungle","The Marked","The Mystic","The Necromancer","The Poker Player","The Runesmith","The Sage","The Saiyan","The Senshi","The Servant 0.9.4","The Wild Card","TheArtist","Wandering Minibosses","Yuri Mod","vexMod"],"gold_per_floor":[112,123,198,209,221,221,251,251,251,279,279,308,335,361,361,467,480,505,505,516,540,540,540,540,540],"floor_reached":24,"playtime":1886,"items_purged":[],"score":202,"play_id":"52d78dba-9804-406e-8f35-65f41189ef18","local_time":"20201230234316","is_ascension_mode":false,"campfire_choices":[{"data":"mysticmod:Shield","floor":6,"key":"SMITH"},{"floor":8,"key":"REST"},{"floor":11,"key":"REST"},{"floor":15,"key":"REST"},{"floor":23,"key":"REST"}],"circlet_count":0,"master_deck":["mysticmod:Strike_Mystic","mysticmod:Strike_Mystic","mysticmod:Strike_Mystic","mysticmod:Strike_Mystic","mysticmod:Defend_Mystic","mysticmod:Defend_Mystic","mysticmod:Defend_Mystic","mysticmod:Defend_Mystic","mysticmod:ArcaneDodge","mysticmod:ShockingGrasp","mysticmod:Flourish","mysticmod:HeavyStrike","mysticmod:Discipline","mysticmod:Shield+1","mysticmod:Natural20","mysticmod:Sideswipe","mysticmod:Feint","mysticmod:PowerSlash","mysticmod:Lunge","mysticmod:Strike_Mystic","mysticmod:EarthenWall","stsjorbsmod:PollutedStrike","TheSimpletonMod:Haymaker","mysticmod:Momentum","Jack Of All Trades","ReplayTheSpireMod:Black Plague","mysticmod:PunishingArmor","mysticmod:CureLightWounds"],"relics":["mysticmod:SpellBook","Torii","CeramicFish","Replay:Grab Bag","energizedSpire:HugeHouse","ReplayTheSpireMod:DimensionalGlitch","ReplayTheSpireMod:SealedPack","vexMod:MysteryBossChallenge","beaked:FlawlessSticks"],"acts_visited":["Exordium","Exordium"],"potions_floor_usage":[10,10,12,16,21],"damage_taken":[{"damage":6,"enemies":"Cultist","floor":1,"turns":3},{"damage":21,"enemies":"Small Slimes","floor":2,"turns":8},{"damage":13,"enemies":"infinitespire:Voidling","floor":4,"turns":6},{"damage":10,"enemies":"Looter","floor":5,"turns":4},{"damage":21,"enemies":"3 Sentries","floor":7,"turns":12},{"damage":7,"enemies":"3 Louse","floor":10,"turns":3},{"damage":4,"enemies":"Gremlin Gang","floor":12,"turns":6},{"damage":11,"enemies":"Large Slime","floor":13,"turns":6},{"damage":2,"enemies":"Red Slaver","floor":14,"turns":3},{"damage":29,"enemies":"The Guardian","floor":16,"turns":11},{"damage":54,"enemies":"theJungle:Flameango_and_Byrd","floor":18,"turns":8},{"damage":5,"enemies":"theJungle:5_Spyders","floor":20,"turns":6},{"damage":20,"enemies":"theJungle:Snecko_Cultist_And_Trap","floor":21,"turns":6},{"damage":40,"enemies":"theJungle:2_Flameangoes","floor":24,"turns":3}],"seed_played":"-7152491584187778214","potions_obtained":[{"floor":1,"key":"sneckomod:MuddlingPotion"},{"floor":5,"key":"Milkshake"},{"floor":7,"key":"Energy Potion"},{"floor":10,"key":"ColorlessPotion"},{"floor":12,"key":"Strength Potion"},{"floor":16,"key":"SkillPotion"},{"floor":19,"key":"Languid Potion"},{"floor":19,"key":"Weak Potion"}],"is_trial":false,"path_per_floor":["M","M","?","M","M","R","E","R","T","M","R","M","M","M","R","B",null,"M","?","M","M","?","R","M"],"character_chosen":"MYSTIC_CLASS","items_purchased":[],"campfire_rested":4,"item_purchase_floors":[],"current_hp_per_floor":[78,57,49,40,30,30,9,34,34,27,52,48,37,35,60,31,79,27,27,24,6,6,29,0,0],"gold":540,"neow_bonus":"TEN_PERCENT_HP_BONUS","is_daily":false,"chose_seed":false,"campfire_upgraded":1,"win_rate":0.0,"timestamp":1609400596,"path_taken":["M","M","?","M","M","R","E","R","T","M","R","M","M","?","R","BOSS","M","?","M","M","?","R","M"],"items_purchased_type":[],"build_version":"2020-12-22","purchased_purges":0,"victory":false,"max_hp_per_floor":[84,84,84,84,84,84,84,84,84,84,84,84,84,84,84,84,79,79,79,79,79,79,79,79,79],"card_choices":[{"not_picked":["mysticmod:PureInstinct","mysticmod:Dedication"],"picked":"mysticmod:Flourish","floor":1},{"not_picked":["mysticmod:Dedication","mysticmod:HunkerDown"],"picked":"mysticmod:HeavyStrike","floor":2},{"not_picked":["mysticmod:Riposte","mysticmod:PowerSlash"],"picked":"mysticmod:Discipline","floor":4},{"not_picked":["mysticmod:DiviningBlow","mysticmod:SuddenClarity"],"picked":"mysticmod:Shield","floor":5},{"not_picked":["mysticmod:Disengage","mysticmod:CorrosiveTouch"],"picked":"mysticmod:DiviningBlow","floor":7},{"not_picked":["mysticmod:KeenEdge","mysticmod:DiviningBlow"],"picked":"mysticmod:Natural20","floor":10},{"not_picked":["mysticmod:BladedDash","mysticmod:Shield"],"picked":"mysticmod:Sideswipe","floor":12},{"not_picked":["mysticmod:TomeOfSpells","mysticmod:EarthenWall"],"picked":"mysticmod:Feint","floor":13},{"not_picked":["mysticmod:Flourish","mysticmod:ComponentsPouch"],"picked":"mysticmod:PowerSlash","floor":14},{"not_picked":["mysticmod:Disintegrate","mysticmod:GeminiForm"],"picked":"mysticmod:Lunge","floor":16},{"not_picked":["theSenshi:RoseThrow","Saiyan:RuthlessBlow"],"picked":"TheSimpletonMod:Haymaker","floor":17},{"not_picked":["mysticmod:ObscuringMist","mysticmod:GeminiForm"],"picked":"mysticmod:Momentum","floor":17},{"not_picked":["Forethought","expansioncontent:Chronoboost"],"picked":"Jack Of All Trades","floor":17},{"not_picked":["infinitespire:UltimateForm","ReplayTheSpireMod:Haul"],"picked":"ReplayTheSpireMod:Black Plague","floor":17},{"not_picked":["mysticmod:DiviningBlow","mysticmod:BulkUp+1"],"picked":"mysticmod:PunishingArmor","floor":18},{"not_picked":["mysticmod:AllIn+1","mysticmod:Daze","mysticmod:TomeOfSpells"],"picked":"SKIP","floor":20},{"not_picked":["mysticmod:MightyMagic+1","mysticmod:MysticalShield"],"picked":"mysticmod:CureLightWounds","floor":21}],"player_experience":928197,"relics_obtained":[{"floor":7,"key":"Torii"},{"floor":9,"key":"CeramicFish"}],"event_choices":[{"damage_healed":0,"gold_gain":75,"player_choice":"Touch","damage_taken":8,"max_hp_gain":0,"max_hp_loss":0,"event_name":"FaceTrader","floor":3,"gold_loss":0},{"damage_healed":0,"gold_gain":0,"player_choice":"Got Potions","damage_taken":0,"max_hp_gain":0,"max_hp_loss":0,"event_name":"Lab","floor":19,"gold_loss":0},{"cards_removed":["mysticmod:Strike_Mystic"],"damage_healed":0,"gold_gain":0,"player_choice":"Give","damage_taken":0,"max_hp_gain":0,"max_hp_loss":0,"event_name":"betterNote:BetterNote","floor":22,"gold_loss":0,"cards_obtained":["theMarked:Strike"]}],"is_beta":false,"boss_relics":[{"not_picked":["energizedSpire:CursedPentagram","SlaversCollar"],"picked":"Replay:Grab Bag"},{"not_picked":["vexMod:TanglingVine","ReplayTheSpireMod:Onyx Gauntlets"],"picked":"energizedSpire:HugeHouse"},{"not_picked":["Coffee Dripper","hubris:RunicObelisk"],"picked":"ReplayTheSpireMod:DimensionalGlitch"},{"not_picked":["aspiration:RitualDagger","mysticmod:BlessedBook"],"picked":"ReplayTheSpireMod:SealedPack"},{"not_picked":["aspiration:ServantSkillbook","Snecko Eye"],"picked":"vexMod:MysteryBossChallenge"}],"items_purged_floors":[],"is_endless":false,"potions_floor_spawned":[1,5,7,10,12,16],"killed_by":"theJungle:2_Flameangoes","ascension_level":0}}