{"host":"2d8l43s0fl0kdlnt","time":1609408066,"event":{"mods":["2.2 Compatiblity","BaseMod","Colored Powertips","Custom Start","Halation","Marisa????????","Minty Spire (QoL Compilation)","Rare Cards Sparkle","SIMod","StSLib","UnlockEverythingMod"],"gold_per_floor":[116,66,66,79,127,160,172,184,196,208,251,228,78,95,95,196,196,214,214,214,228,245,245,257,257,257,257,291,303,303,303,303,401,401,414,425,79,133,151,151,6,6,6,6,38,53,53,53,53,53,53,53,2,35,35],"floor_reached":56,"playtime":4003,"items_purged":["Defend_PP"],"score":1236,"play_id":"adbb6f0b-0c19-4b07-8c7e-9e84160b15f9","local_time":"20201231034746","is_ascension_mode":true,"campfire_choices":[{"data":"Lasso","floor":8.0,"key":"SMITH"},{"data":"Laughter","floor":10.0,"key":"SMITH"},{"data":"GemstoneDetection","floor":15.0,"key":"SMITH"},{"data":"RushToSky","floor":23.0,"key":"SMITH"},{"floor":25.0,"key":"REST"},{"data":"CheerUp","floor":27.0,"key":"SMITH"},{"floor":30.0,"key":"REST"},{"data":"Impatience","floor":32.0,"key":"SMITH"},{"floor":40.0,"key":"REST"},{"data":"Dear_Princess","floor":42.0,"key":"SMITH"},{"data":"AllByMyself","floor":44.0,"key":"SMITH"},{"floor":49.0,"key":"RECALL"},{"data":"Honesty","floor":52.0,"key":"SMITH"}],"circlet_count":0,"master_deck":["Strike_AJ+1","Strike_RR","Strike_RD+1","Defend_FS","Defend_AJ","ConcertedEfforts+1","HarmonyShield","Laughter+1","CheerUp+1","Lasso+1","FarmExpert+1","Magic","TenInstruments","RushToSky+1","GemstoneDetection+1","Sisterhood","Magictrain+1","Honesty+1","CowboySkills","Impatience+1","TakeTheLead","Return_To_Past+1","Batlization+1","ThunderCloud+1","GemstoneDetection+1","AllByMyself+1","Dear_Princess+1","Honesty+1","Batlization+1","Whining+1","Return_To_Past","PinkieSense"],"relics":["The_element_of_harmony","halation:SelfBoilingWater","MawBank","Pantograph","halation:SwordOfLegend","SlaversCollar","Gremlin Horn","Whetstone","Runic Pyramid","Orichalcum","CatCart","Lee\u0027s Waffle","Oddly Smooth Stone","Happy Flower","Shuriken"],"acts_visited":["Exordium","TheCity","TheBeyond","TheEnding"],"potions_floor_usage":[55],"damage_taken":[{"damage":0.0,"enemies":"Small Slimes","floor":1.0,"turns":5.0},{"damage":2.0,"enemies":"Jaw Worm","floor":4.0,"turns":4.0},{"damage":12.0,"enemies":"Gremlin Nob","floor":6.0,"turns":4.0},{"damage":24.0,"enemies":"Lagavulin","floor":11.0,"turns":7.0},{"damage":2.0,"enemies":"2 Louse","floor":14.0,"turns":2.0},{"damage":20.0,"enemies":"Slime Boss","floor":16.0,"turns":9.0},{"damage":12.0,"enemies":"Chosen","floor":18.0,"turns":2.0},{"damage":9.0,"enemies":"Shell Parasite","floor":21.0,"turns":3.0},{"damage":31.0,"enemies":"Centurion and Healer","floor":22.0,"turns":3.0},{"damage":24.0,"enemies":"Snake Plant","floor":24.0,"turns":3.0},{"damage":56.0,"enemies":"Gremlin Leader","floor":28.0,"turns":5.0},{"damage":0.0,"enemies":"Snecko","floor":29.0,"turns":2.0},{"damage":55.0,"enemies":"Automaton","floor":33.0,"turns":8.0},{"damage":11.0,"enemies":"Orb Walker","floor":35.0,"turns":2.0},{"damage":39.0,"enemies":"3 Darklings","floor":36.0,"turns":5.0},{"damage":4.0,"enemies":"Orin","floor":38.0,"turns":4.0},{"damage":28.0,"enemies":"Writhing Mass","floor":39.0,"turns":5.0},{"damage":27.0,"enemies":"Nemesis","floor":45.0,"turns":7.0},{"damage":28.0,"enemies":"Transient","floor":46.0,"turns":5.0},{"damage":21.0,"enemies":"Time Eater","floor":50.0,"turns":5.0},{"damage":56.0,"enemies":"Shield and Spear","floor":54.0,"turns":6.0},{"damage":52,"enemies":"The Heart","floor":55,"turns":10}],"seed_played":"8361141581173538238","potions_obtained":[{"floor":1.0,"key":"Dexterity Potion"},{"floor":6.0,"key":"SneckoOil"},{"floor":11.0,"key":"Explosive Potion"},{"floor":16.0,"key":"Regen Potion"},{"floor":18.0,"key":"DuplicationPotion"},{"floor":28.0,"key":"GamblersBrew"},{"floor":33.0,"key":"FearPotion"},{"floor":46.0,"key":"PowerPotion"}],"is_trial":false,"path_per_floor":["M","?","T","M","?","E","?","R","T","R","E","$","$","M","R","B",null,"M","?","?","M","M","R","M","R","T","R","E","M","R","?","R","B",null,"M","M","$","?","M","R","$","R","T","R","E","M","?","$","R","B",null,"R","$","E","B",null],"character_chosen":"TWI_CLASS","items_purchased":["TenInstruments","RushToSky","AllByMyself","Dear_Princess","Orichalcum","Regen Potion","Lee\u0027s Waffle","AttackPotion"],"campfire_rested":3,"item_purchase_floors":[12,13,37,37,37,37,41,53],"current_hp_per_floor":[90,90,90,88,88,76,58,58,58,58,34,34,34,32,35,40,90,78,78,78,69,38,47,23,53,53,53,11,11,44,32,32,2,90,79,40,40,36,8,47,97,97,97,97,70,42,42,42,48,66,97,97,97,41,14],"gold":35,"neow_bonus":"TEN_PERCENT_HP_BONUS","is_daily":false,"chose_seed":false,"campfire_upgraded":9,"win_rate":0.0,"timestamp":1609408066,"path_taken":["M","?","?","M","?","E","?","R","T","R","E","?","$","M","R","BOSS","M","?","?","M","?","R","M","R","T","R","E","M","R","?","R","BOSS","M","M","?","?","M","R","$","R","T","R","E","M","?","$","R","BOSS","R","$","E","BOSS"],"items_purchased_type":["Card","Card","Card","Card","Relic","Potion","Relic","Potion"],"build_version":"2020-12-22","purchased_purges":1,"victory":true,"max_hp_per_floor":[90,90,90,90,90,90,90,90,90,90,90,90,90,90,90,90,90,90,90,90,90,90,90,90,90,90,90,90,90,90,90,90,90,90,90,90,90,90,90,90,97,97,97,97,97,97,97,97,97,97,97,97,97,97,97],"card_choices":[{"not_picked":["ISayNo"],"picked":"Laughter","floor":1.0},{"not_picked":["Tornado","Boundary"],"picked":"SKIP","floor":1.0},{"not_picked":["Lasso"],"picked":"CheerUp","floor":4.0},{"not_picked":["Whining"],"picked":"Lasso","floor":4.0},{"not_picked":["KillingWithKindness"],"picked":"FarmExpert","floor":6.0},{"not_picked":["Overwhelming","Magictrain"],"picked":"SKIP","floor":6.0},{"not_picked":["RunningOfTheLeaves"],"picked":"Magic","floor":11.0},{"not_picked":["Magictrain","SwiftKick"],"picked":"SKIP","floor":11.0},{"not_picked":["FarmExpert"],"picked":"GemstoneDetection","floor":14.0},{"not_picked":["Mischief","Tornado"],"picked":"SKIP","floor":14.0},{"not_picked":["LoveMe"],"picked":"Sisterhood","floor":16.0},{"not_picked":["Yay+1"],"picked":"Magictrain+1","floor":18.0},{"not_picked":["BigDeal","Batlization"],"picked":"SKIP","floor":18.0},{"not_picked":["Magictrain"],"picked":"Honesty","floor":21.0},{"not_picked":["Generousity","PartyAlone+1"],"picked":"SKIP","floor":21.0},{"not_picked":["Celebrities","Lasso"],"picked":"SKIP","floor":22.0},{"not_picked":["FarmExpert","PartyAlone"],"picked":"SKIP","floor":22.0},{"not_picked":["Magic","Smile"],"picked":"SKIP","floor":24.0},{"not_picked":["Celebrities+1","Charge"],"picked":"SKIP","floor":24.0},{"not_picked":["Louder"],"picked":"CowboySkills","floor":28.0},{"not_picked":["BeautySensation","ThunderCloud"],"picked":"SKIP","floor":28.0},{"not_picked":["Anxiousness+1","Magic_Beam"],"picked":"SKIP","floor":29.0},{"not_picked":["FarmExpert+1","Return_To_Past"],"picked":"SKIP","floor":29.0},{"not_picked":["Flutterguy"],"picked":"TakeTheLead","floor":33.0},{"not_picked":["ServeMeal"],"picked":"Return_To_Past+1","floor":35.0},{"not_picked":["ServeMeal"],"picked":"Batlization+1","floor":35.0},{"not_picked":["Generousity"],"picked":"ThunderCloud+1","floor":36.0},{"not_picked":["Magic_Beam"],"picked":"GemstoneDetection+1","floor":36.0},{"not_picked":["ISayNo+1"],"picked":"Honesty+1","floor":39.0},{"not_picked":["TasteRainbow","FollowTherRainbow"],"picked":"SKIP","floor":39.0},{"not_picked":["Harmanyblast"],"picked":"Batlization+1","floor":45.0},{"not_picked":["PartyAlone","TwentyPercentcooler+1"],"picked":"SKIP","floor":45.0},{"not_picked":["Magictrain+1"],"picked":"Whining+1","floor":46.0},{"not_picked":["RashStunts","TasteRainbow+1"],"picked":"SKIP","floor":46.0},{"not_picked":["FarmExpert"],"picked":"PinkieSense","floor":54.0},{"not_picked":["FarmExpert","Celebrities+1"],"picked":"SKIP","floor":54.0}],"player_experience":100284,"relics_obtained":[{"floor":3.0,"key":"halation:SelfBoilingWater"},{"floor":6.0,"key":"MawBank"},{"floor":9.0,"key":"Pantograph"},{"floor":11.0,"key":"halation:SwordOfLegend"},{"floor":20.0,"key":"Gremlin Horn"},{"floor":28.0,"key":"Whetstone"},{"floor":38.0,"key":"CatCart"},{"floor":43.0,"key":"Oddly Smooth Stone"},{"floor":45.0,"key":"Happy Flower"},{"floor":54.0,"key":"Shuriken"}],"event_choices":[{"cards_removed":["Defend_TS"],"damage_healed":0.0,"max_hp_gain":0.0,"max_hp_loss":0.0,"gold_gain":0.0,"event_name":"The Cleric","player_choice":"Card Removal","floor":2.0,"gold_loss":50.0,"damage_taken":0.0},{"damage_healed":0.0,"max_hp_gain":0.0,"max_hp_loss":0.0,"gold_gain":0.0,"event_name":"Shining Light","player_choice":"Entered Light","floor":7.0,"gold_loss":0.0,"damage_taken":18.0,"cards_upgraded":["ConcertedEfforts","FarmExpert"]},{"damage_healed":0.0,"max_hp_gain":0.0,"max_hp_loss":0.0,"gold_gain":0.0,"event_name":"Vampires","player_choice":"Ignored","floor":19.0,"gold_loss":0.0,"damage_taken":0.0},{"damage_healed":0.0,"max_hp_gain":0.0,"max_hp_loss":0.0,"gold_gain":0.0,"event_name":"Wheel of Change","player_choice":"Relic","floor":20.0,"gold_loss":0.0,"damage_taken":0.0},{"damage_healed":0.0,"max_hp_gain":0.0,"max_hp_loss":0.0,"gold_gain":0.0,"event_name":"Knowing Skull","player_choice":"CARD ","floor":31.0,"potions_obtained":[],"gold_loss":0.0,"damage_taken":12.0,"cards_obtained":["Impatience"]},{"damage_healed":0.0,"max_hp_gain":0.0,"max_hp_loss":0.0,"gold_gain":0.0,"event_name":"OrinTheCat","player_choice":"Fight","floor":38.0,"gold_loss":0.0,"damage_taken":0.0},{"damage_healed":0.0,"max_hp_gain":0.0,"max_hp_loss":0.0,"gold_gain":0.0,"cards_transformed":["Strike_TS"],"event_name":"Transmorgrifier","player_choice":"Transformed","floor":47.0,"gold_loss":0.0,"damage_taken":0.0,"cards_obtained":["Return_To_Past"]}],"is_beta":false,"boss_relics":[{"not_picked":["halation:PlatinumPhoenix","halation:ForbiddenBikini"],"picked":"SlaversCollar"},{"not_picked":["Astrolabe","SacredBark"],"picked":"Runic Pyramid"}],"items_purged_floors":[13],"is_endless":false,"potions_floor_spawned":[1,6,11,16,18,21,28,33,39,46],"ascension_level":2}}