{"host":"1fg1a150gjswaegv","time":1609376532,"event":{"mods":["AchievementEnabler","BaseMod","Downfall","Hermit","Minty Spire (QoL Compilation)","StSLib","The Bug Knight","The Kombatant"],"gold_per_floor":[116,136,151,151,168,193,203,233,258,258,271,285,285,299,299,398,398,409,420,439,455,128,154,154,181,181,181,194,194,194,11,11,112,112,122,122,122,13,24,59,59,37,37,50,50,68,99,12,12,12,12],"floor_reached":50,"playtime":3846,"items_purged":["Strike_B"],"score":604,"play_id":"b6231caf-d8dd-4c15-aff2-23ae696252f9","local_time":"20201230190212","is_ascension_mode":false,"campfire_choices":[{"floor":10.0,"key":"REST"},{"data":"Hello World","floor":15.0,"key":"SMITH"},{"data":"Fission","floor":24.0,"key":"SMITH"},{"floor":27.0,"key":"REST"},{"floor":29.0,"key":"REST"},{"data":"Storm","floor":32.0,"key":"SMITH"},{"floor":41,"key":"REST"},{"data":"Fission","floor":45,"key":"SMITH"},{"floor":49,"key":"REST"}],"circlet_count":0,"master_deck":["Strike_B","Defend_B","Defend_B","Defend_B","Defend_B","Zap","Dualcast","Machine Learning","Hello World+1","Chill","Beam Cell","Thunder Strike","Rebound","Conserve Battery","Rebound","Compile Driver+1","Hologram","Steam","Scrape+1","Turbo","Creative AI","Coolheaded+1","Static Discharge+1","Turbo","Stack","Glacier+1","Stack","Fission+1","Storm+1","Turbo","Ball Lightning+1","Fission","Ball Lightning+1","Purity","Writhe","Capacitor","FTL+1","FTL+1","Beam Cell+1","Stack","Fission+1","Leap+1","Reinforced Body+1","Loop"],"relics":["Cracked Core","White Beast Statue","Molten Egg 2","Boot","Inserter","Lee\u0027s Waffle","War Paint","Pen Nib","Lizard Tail","Happy Flower","Black Star","Letter Opener","Gambling Chip","Mercury Hourglass","PreservedInsect","Oddly Smooth Stone"],"acts_visited":[],"potions_floor_usage":[40,40,44,44,47,47,50,50],"damage_taken":[{"damage":1.0,"enemies":"Cultist","floor":1.0,"turns":3.0},{"damage":8.0,"enemies":"2 Louse","floor":2.0,"turns":2.0},{"damage":1.0,"enemies":"Jaw Worm","floor":3.0,"turns":4.0},{"damage":0.0,"enemies":"Exordium Wildlife","floor":5.0,"turns":4.0},{"damage":21.0,"enemies":"Gremlin Nob","floor":6.0,"turns":4.0},{"damage":16.0,"enemies":"Red Slaver","floor":7.0,"turns":3.0},{"damage":0.0,"enemies":"Lagavulin","floor":8.0,"turns":7.0},{"damage":4.0,"enemies":"Blue Slaver","floor":11.0,"turns":3.0},{"damage":0.0,"enemies":"Lots of Slimes","floor":12.0,"turns":1.0},{"damage":0.0,"enemies":"2 Fungi Beasts","floor":14.0,"turns":3.0},{"damage":15.0,"enemies":"Slime Boss","floor":16.0,"turns":6.0},{"damage":24.0,"enemies":"Chosen","floor":18.0,"turns":5.0},{"damage":15.0,"enemies":"Shell Parasite","floor":19.0,"turns":6.0},{"damage":8.0,"enemies":"Cultist and Chosen","floor":20.0,"turns":8.0},{"damage":4.0,"enemies":"Snecko","floor":21.0,"turns":4.0},{"damage":18.0,"enemies":"Book of Stabbing","floor":23.0,"turns":8.0},{"damage":30.0,"enemies":"Gremlin Leader","floor":25.0,"turns":10.0},{"damage":21.0,"enemies":"3 Cultists","floor":28.0,"turns":5.0},{"damage":70.0,"enemies":"Champ","floor":33.0,"turns":8.0},{"damage":1.0,"enemies":"Orb Walker","floor":35.0,"turns":3.0},{"damage":30.0,"enemies":"3 Darklings","floor":39.0,"turns":6.0},{"damage":11,"enemies":"Giant Head","floor":40,"turns":8},{"damage":0,"enemies":"Transient","floor":44,"turns":5},{"damage":11,"enemies":"Sphere and 2 Shapes","floor":46,"turns":4},{"damage":32,"enemies":"Reptomancer","floor":47,"turns":5},{"damage":49,"enemies":"Awakened One","floor":50,"turns":4}],"seed_played":"6409060528569495849","potions_obtained":[{"floor":1.0,"key":"CultistPotion"},{"floor":7.0,"key":"Block Potion"},{"floor":8.0,"key":"Explosive Potion"},{"floor":11.0,"key":"EntropicBrew"},{"floor":12.0,"key":"PowerPotion"},{"floor":16.0,"key":"Ancient Potion"},{"floor":18.0,"key":"PowerPotion"},{"floor":19.0,"key":"FearPotion"},{"floor":20.0,"key":"SkillPotion"},{"floor":21.0,"key":"LiquidBronze"},{"floor":23.0,"key":"Swift Potion"},{"floor":25.0,"key":"Explosive Potion"},{"floor":28.0,"key":"SpeedPotion"},{"floor":33.0,"key":"Energy Potion"},{"floor":35.0,"key":"EssenceOfDarkness"},{"floor":39.0,"key":"Block Potion"},{"floor":40,"key":"Slimebound:ThreeZeroPotion"},{"floor":44,"key":"GamblersBrew"},{"floor":46,"key":"SkillPotion"},{"floor":47,"key":"Strength Potion"}],"is_trial":false,"path_per_floor":["M","M","M","?","M","E","M","E","T","R","M","M","?","M","R","B",null,"M","M","M","M","$","E","R","E","T","R","M","R","?","$","R","B",null,"M","?","?","$","M","E","R","$","T","M","R","M","E","$","R","B"],"character_chosen":"DEFECT","items_purchased":["Lee\u0027s Waffle","Glacier","Stack","Happy Flower","Ball Lightning+1","Capacitor","FTL+1","Stack","Loop","FearPotion"],"campfire_rested":5,"item_purchase_floors":[22,22,22,31,31,38,38,42,48,48],"current_hp_per_floor":[74,66,65,65,65,44,28,28,28,50,46,46,46,46,46,31,75,51,36,28,24,82,64,64,34,34,58,37,61,61,61,61,41,82,81,81,82,82,52,41,65,65,65,65,65,54,22,22,46,0,0],"gold":12,"neow_bonus":"ONE_RANDOM_RARE_CARD","is_daily":false,"chose_seed":false,"campfire_upgraded":4,"win_rate":0.0,"timestamp":1609376532,"path_taken":["M","M","M","?","M","E","M","E","T","R","M","M","?","M","R","BOSS","M","M","M","M","$","E","R","E","T","R","M","R","?","$","R","BOSS","M","?","?","$","M","E","R","?","T","M","R","M","E","$","R","BOSS"],"items_purchased_type":["Relic","Card","Card","Relic","Card","Card","Card","Card","Card","Potion"],"build_version":"2020-12-22","purchased_purges":1,"victory":false,"max_hp_per_floor":[75,75,75,75,75,75,75,75,75,75,75,75,75,75,75,75,75,75,75,75,75,82,82,82,82,82,82,82,82,82,82,82,82,82,82,82,82,82,82,82,82,82,82,82,82,82,82,82,82,82,82],"card_choices":[{"not_picked":["Barrage","Redo"],"picked":"Hello World","floor":1.0},{"not_picked":["Leap","Chaos"],"picked":"Chill","floor":2.0},{"not_picked":["Barrage","Hello World"],"picked":"Beam Cell","floor":3.0},{"not_picked":["Meteor Strike","Heatsinks"],"picked":"Rebound","floor":5.0},{"not_picked":["Capacitor","Turbo"],"picked":"Conserve Battery","floor":6.0},{"not_picked":["Hologram","Glacier"],"picked":"Rebound","floor":7.0},{"not_picked":["White Noise","Genetic Algorithm"],"picked":"Compile Driver+1","floor":8.0},{"not_picked":["Heatsinks","Fusion"],"picked":"Hologram","floor":11.0},{"not_picked":["Hologram","Compile Driver+1"],"picked":"Steam","floor":12.0},{"not_picked":["Leap","Reinforced Body"],"picked":"Turbo","floor":14.0},{"not_picked":["Buffer","All For One+1"],"picked":"Creative AI","floor":16.0},{"not_picked":["Doom and Gloom+1","Sweeping Beam+1"],"picked":"Coolheaded","floor":18.0},{"not_picked":["Beam Cell+1","Compile Driver+1"],"picked":"Static Discharge+1","floor":19.0},{"not_picked":["Hologram","Barrage+1"],"picked":"Turbo","floor":20.0},{"not_picked":["Reboot","Conserve Battery"],"picked":"Stack","floor":21.0},{"not_picked":["Cold Snap+1","Ball Lightning+1"],"picked":"Fission","floor":23.0},{"not_picked":["Coolheaded+1","Stack"],"picked":"Storm","floor":25.0},{"not_picked":["Leap","Compile Driver+1"],"picked":"Turbo","floor":28.0},{"not_picked":["Hyperbeam+1","Multi-Cast"],"picked":"Fission","floor":33.0},{"not_picked":["Sweeping Beam+1","Beam Cell+1"],"picked":"Ball Lightning+1","floor":35.0},{"not_picked":["Discovery","Madness"],"picked":"Purity","floor":36.0},{"not_picked":["Sweeping Beam+1","Self Repair+1"],"picked":"FTL+1","floor":39.0},{"not_picked":["Rip and Tear+1","Stack+1"],"picked":"Beam Cell+1","floor":40},{"not_picked":["Steam","Auto Shields+1"],"picked":"Fission","floor":44},{"not_picked":["Coolheaded+1","Chill"],"picked":"Leap+1","floor":46},{"not_picked":["Go for the Eyes+1","Cold Snap+1"],"picked":"Reinforced Body+1","floor":47}],"player_experience":19390,"relics_obtained":[{"floor":6.0,"key":"White Beast Statue"},{"floor":8.0,"key":"Molten Egg 2"},{"floor":9.0,"key":"Boot"},{"floor":23.0,"key":"War Paint"},{"floor":25.0,"key":"Pen Nib"},{"floor":26.0,"key":"Lizard Tail"},{"floor":40,"key":"Letter Opener"},{"floor":40,"key":"Gambling Chip"},{"floor":43,"key":"Mercury Hourglass"},{"floor":47,"key":"PreservedInsect"},{"floor":47,"key":"Oddly Smooth Stone"}],"event_choices":[{"damage_healed":0.0,"max_hp_gain":0.0,"max_hp_loss":0.0,"gold_gain":0.0,"cards_transformed":["Strike_B"],"event_name":"Living Wall","player_choice":"Change","floor":4.0,"gold_loss":0.0,"damage_taken":0.0,"cards_obtained":["Thunder Strike"]},{"damage_healed":0.0,"max_hp_gain":0.0,"max_hp_loss":0.0,"gold_gain":0.0,"cards_transformed":["Strike_B"],"event_name":"Transmorgrifier","player_choice":"Transformed","floor":13.0,"gold_loss":0.0,"damage_taken":0.0,"cards_obtained":["Scrape"]},{"damage_healed":0.0,"max_hp_gain":0.0,"max_hp_loss":0.0,"gold_gain":0.0,"event_name":"Ghosts","player_choice":"Ignored","floor":30.0,"gold_loss":0.0,"damage_taken":0.0},{"damage_healed":0.0,"max_hp_gain":0.0,"max_hp_loss":0.0,"gold_gain":0.0,"event_name":"SensoryStone","player_choice":"Memory 1","floor":36.0,"gold_loss":0.0,"damage_taken":0.0},{"damage_healed":21.0,"max_hp_gain":0.0,"max_hp_loss":0.0,"gold_gain":0.0,"event_name":"Winding Halls","player_choice":"Writhe","floor":37.0,"gold_loss":0.0,"damage_taken":0.0,"cards_obtained":["Writhe"]}],"is_beta":false,"boss_relics":[{"not_picked":["Ectoplasm","Sozu"],"picked":"Inserter"},{"not_picked":["Cursed Key","Busted Crown"],"picked":"Black Star"}],"items_purged_floors":[22],"is_endless":false,"potions_floor_spawned":[1,7,8,11,12,14,16,18,19,20,21,23,25,28,33,35,39,40,44,46,47],"killed_by":"Awakened One","ascension_level":0}}