{"host":"1cd1aqaox6jesai3","time":1609454034,"event":{"mods":["Act Like it!","Astrologer","Bartender","BaseMod","Colored Powertips","Downfall","Hallownest","Mimic Mod","Minty Spire (QoL Compilation)","StSLib","The Bug Knight","The Construct","The Factory"],"gold_per_floor":[112,112,112,187,200,200,233,133,186,205,221,235,265,119,119,215,215,234,251,251,176,187,187,212,212,212,311,311,311],"floor_reached":28,"playtime":1176,"items_purged":["construct:DefenseMode","construct:Strike_Gold"],"score":271,"play_id":"432be920-c85d-4786-b59a-596e86076564","local_time":"20201231173354","is_ascension_mode":false,"campfire_choices":[{"data":"construct:GuardCore","floor":15,"key":"SMITH"},{"data":"construct:GuardCore+1","floor":23,"key":"SMITH"},{"data":"construct:Synchronize","floor":25,"key":"SMITH"}],"circlet_count":0,"master_deck":["construct:Strike_Gold","construct:Strike_Gold","construct:Strike_Gold","construct:Defend_Gold","construct:Defend_Gold","construct:Defend_Gold+1","construct:Defend_Gold","construct:Defend_Gold","construct:AttackMode","construct:ScopeCore+2","construct:GuardCore+2","construct:Autoturret","construct:Synchronize+1","construct:Autoturret","construct:ModeShift","construct:Autoturret","construct:SpinDrive","construct:Synchronize"],"relics":["construct:ClockworkPhoenix","NeowsBlessing","HollowMod:LifeEnderRelic","PreservedInsect","Oddly Smooth Stone","HornCleat","SlaversCollar","MealTicket","Pocketwatch"],"acts_visited":["Exordium","TheCity"],"potions_floor_usage":[13,13],"damage_taken":[{"damage":0,"enemies":"Cultist","floor":1,"turns":1},{"damage":0,"enemies":"2 Louse","floor":5,"turns":1},{"damage":0,"enemies":"3 Sentries","floor":7,"turns":2},{"damage":4,"enemies":"Small Slimes","floor":10,"turns":3},{"damage":0,"enemies":"Looter","floor":11,"turns":4},{"damage":0,"enemies":"Large Slime","floor":12,"turns":3},{"damage":6,"enemies":"Gremlin Nob","floor":13,"turns":3},{"damage":19,"enemies":"Hexaghost","floor":16,"turns":7},{"damage":19,"enemies":"3 Byrds","floor":18,"turns":4},{"damage":19,"enemies":"Chosen","floor":19,"turns":6},{"damage":26,"enemies":"3 Cultists","floor":22,"turns":5},{"damage":36,"enemies":"Gremlin Leader","floor":24,"turns":4},{"damage":19,"enemies":"Slavers","floor":28,"turns":1}],"seed_played":"-764952576032824918","potions_obtained":[{"floor":10,"key":"EntropicBrew"},{"floor":11,"key":"FairyPotion"},{"floor":13,"key":"sneckomod:MuddlingPotion"},{"floor":24,"key":"sneckomod:MuddlingPotion"}],"is_trial":false,"path_per_floor":["M","?","?","?","M","?","E","$","T","M","M","M","E","$","R","B",null,"M","M","?","?","M","R","E","R","T","?","E"],"character_chosen":"THE_CONSTRUCT_MOD","items_purchased":["construct:Autoturret","construct:Autoturret"],"campfire_rested":0,"item_purchase_floors":[8,14],"current_hp_per_floor":[85,68,68,57,57,54,54,54,54,50,50,50,44,44,44,25,85,66,47,47,47,21,21,13,13,13,13,0,0],"gold":311,"neow_bonus":"THREE_ENEMY_KILL","is_daily":false,"chose_seed":false,"campfire_upgraded":3,"win_rate":0.0,"timestamp":1609454034,"path_taken":["M","?","?","?","M","?","E","?","T","M","M","M","E","$","R","BOSS","M","M","?","?","M","R","E","R","T","?","E"],"items_purchased_type":["Card","Card"],"build_version":"2020-12-22","purchased_purges":2,"victory":false,"max_hp_per_floor":[85,85,85,85,85,85,85,85,85,85,85,85,85,85,85,85,85,85,85,85,85,85,85,85,85,85,85,85,85],"card_choices":[{"not_picked":["construct:FocusedBeam","construct:ShiftStrike"],"picked":"construct:ScopeCore","floor":1},{"not_picked":["construct:PowerUp","construct:PhosphorStorm","construct:FlammableFog"],"picked":"SKIP","floor":5},{"not_picked":["construct:FierceBash","construct:SyphonStrike"],"picked":"construct:GuardCore","floor":7},{"not_picked":["construct:Analyze","construct:MassProduction"],"picked":"construct:Synchronize","floor":10},{"not_picked":["construct:SyphonStrike","construct:Anticipate"],"picked":"construct:Autoturret","floor":11},{"not_picked":["construct:OneWayMirror","construct:MassProduction","construct:Anticipate"],"picked":"SKIP","floor":12},{"not_picked":["construct:Antimatter","construct:MetalShell"],"picked":"construct:ModeShift","floor":13},{"not_picked":["construct:ShieldBurst","construct:ClockworkEgg"],"picked":"construct:SpinDrive","floor":16},{"not_picked":["construct:ScrapCannon","construct:Backfire","construct:UnbalancingBlast"],"picked":"SKIP","floor":18},{"not_picked":["construct:Rollout","construct:SweepLaser","construct:Forcefield"],"picked":"SKIP","floor":19},{"not_picked":["construct:ModeShift+1","construct:Rollout","construct:Backfire"],"picked":"SKIP","floor":22},{"not_picked":["construct:CriticalHit","construct:Stasis"],"picked":"construct:Synchronize","floor":24}],"player_experience":137935,"relics_obtained":[{"floor":7,"key":"PreservedInsect"},{"floor":9,"key":"Oddly Smooth Stone"},{"floor":13,"key":"HornCleat"},{"floor":24,"key":"MealTicket"},{"floor":26,"key":"Pocketwatch"}],"event_choices":[{"damage_healed":0,"gold_gain":0,"player_choice":"Entered Light","damage_taken":17,"max_hp_gain":0,"max_hp_loss":0,"event_name":"Shining Light","floor":2,"gold_loss":0,"cards_upgraded":["construct:ScopeCore","construct:Defend_Gold"]},{"damage_healed":0,"gold_gain":0,"player_choice":"Grow","damage_taken":0,"max_hp_gain":0,"max_hp_loss":0,"event_name":"Living Wall","floor":3,"gold_loss":0,"cards_upgraded":["construct:ScopeCore"]},{"damage_healed":0,"gold_gain":75,"player_choice":"Gather Gold","damage_taken":11,"max_hp_gain":0,"max_hp_loss":0,"event_name":"World of Goop","floor":4,"gold_loss":0},{"damage_healed":0,"gold_gain":0,"player_choice":"Success","damage_taken":3,"relics_obtained":["HollowMod:LifeEnderRelic"],"max_hp_gain":0,"max_hp_loss":0,"event_name":"Scrap Ooze","floor":6,"gold_loss":0},{"damage_healed":0,"gold_gain":0,"player_choice":"Ignored","damage_taken":0,"max_hp_gain":0,"max_hp_loss":0,"event_name":"Vampires","floor":20,"gold_loss":0},{"cards_removed":["construct:Strike_Gold"],"damage_healed":0,"gold_gain":0,"player_choice":"Gave Gold","damage_taken":0,"max_hp_gain":0,"max_hp_loss":0,"event_name":"Beggar","floor":21,"gold_loss":75},{"damage_healed":0,"gold_gain":99,"player_choice":"Stole From Cult","damage_taken":0,"max_hp_gain":0,"max_hp_loss":0,"event_name":"Nest","floor":27,"gold_loss":0}],"is_beta":false,"boss_relics":[{"not_picked":["Tiny House","Astrolabe"],"picked":"SlaversCollar"}],"items_purged_floors":[8,14],"is_endless":false,"potions_floor_spawned":[10,11,13,16,24],"killed_by":"Slavers","ascension_level":0}}