{"host":"23d796tl9dohsvj7","time":1609399245,"event":{"mods":["BaseMod","Colored Map","Downfall","Minty Spire (QoL Compilation)","StSLib"],"gold_per_floor":[99,109,109,126,141,141,168,184,334,334,351,37,37,54,69,174,174,174,174,174,174,174,174,174,174,174,174,84,84,84,69,69,69,69,69,69,69,8,8,8,8,8,8,8,8],"floor_reached":43,"playtime":3494,"items_purged":["Writhe"],"score":422,"play_id":"b5b32bf3-b833-4fa0-8691-fb3b083345c0","local_time":"20201231152045","is_ascension_mode":false,"campfire_choices":[{"data":"hexamod:Sear","floor":1,"key":"SMITH"},{"data":"hexamod:SpectralAdrenaline","floor":6,"key":"SMITH"},{"data":"hexamod:CrushingStance","floor":10,"key":"SMITH"},{"data":"hexamod:SkipABeat","floor":13,"key":"SMITH"},{"data":"hexamod:FastForward","floor":18,"key":"SMITH"},{"data":"expansioncontent:StudyTheSpire","floor":23,"key":"SMITH"},{"data":"hexamod:EmpoweringStance","floor":27,"key":"SMITH"},{"data":"hexamod:SearingWound","floor":35,"key":"SMITH"},{"data":"hexamod:EmpoweringStance","floor":40,"key":"SMITH"},{"data":"hexamod:SkipABeat","floor":42,"key":"SMITH"}],"circlet_count":0,"master_deck":["hexamod:Sear+1","hexamod:Float","hexamod:SpectralAdrenaline+1","hexamod:ShieldOfDarkness","hexamod:BacktrackSmack","hexamod:CrushingStance+1","hexamod:HauntingEcho","hexamod:SkipABeat+1","expansioncontent:StudyTheSpire+1","hexamod:FastForward+1","hexamod:DynamicBlow","hexamod:HeatCrush","hexamod:ThirdSeal","hexamod:EmpoweringStance+1","hexamod:TimeOfNeed","hexamod:NecessarySacrifice+1","hexamod:Firestarter+1","hexamod:SecondSeal","RitualDagger","hexamod:AdvancingGuard","hexamod:AdvancingGuard","hexamod:InspiringFlames","hexamod:AdvancingGuard","hexamod:FirstSeal","hexamod:FourthSeal","hexamod:EmpoweringStance+1","hexamod:SearingWound+1","hexamod:FourthSeal","hexamod:VolcanoVisage","hexamod:HeatCrush","hexamod:SkipABeat+1","hexamod:SwordOfDarkness","hexamod:GhostflameInferno","hexamod:Incineration","hexamod:GhostShield","hexamod:RainOfEmbers+1","hexamod:ThermalTransfer+1","hexamod:PhantomCloak+1","hexamod:Firestarter"],"relics":["hexamod:SpiritBrand","Bag of Marbles","downfall:Hecktoplasm","CeramicFish","Vajra","Pandora\u0027s Box","downfall:GremlinWheel","Mercury Hourglass"],"acts_visited":["Exordium","TheCity","TheBeyond"],"potions_floor_usage":[14,16,16,16,16,19,19,33,33,33,37,37,37,39,39,39,39,43],"damage_taken":[{"damage":0,"enemies":"2 Louse","floor":2,"turns":5},{"damage":0,"enemies":"Cultist","floor":4,"turns":3},{"damage":0,"enemies":"Small Slimes","floor":5,"turns":5},{"damage":1,"enemies":"2 Fungi Beasts","floor":8,"turns":3},{"damage":9,"enemies":"Exordium Thugs","floor":11,"turns":5},{"damage":0,"enemies":"downfall:FleeingMerchant","floor":12,"turns":4},{"damage":2,"enemies":"Gremlin Gang","floor":14,"turns":3},{"damage":4,"enemies":"Exordium Wildlife","floor":15,"turns":3},{"damage":38,"enemies":"downfall:Defect","floor":16,"turns":6},{"damage":0,"enemies":"3 Byrds","floor":19,"turns":5},{"damage":16,"enemies":"Sentry and Sphere","floor":20,"turns":5},{"damage":9,"enemies":"Shelled Parasite and Fungi","floor":25,"turns":3},{"damage":4,"enemies":"Chosen and Byrds","floor":26,"turns":4},{"damage":0,"enemies":"downfall:FleeingMerchant","floor":28,"turns":4},{"damage":1,"enemies":"Centurion and Healer","floor":29,"turns":6},{"damage":3,"enemies":"Snecko","floor":30,"turns":5},{"damage":0,"enemies":"downfall:FleeingMerchant","floor":31,"turns":4},{"damage":2,"enemies":"Snake Plant","floor":32,"turns":3},{"damage":14,"enemies":"downfall:Watcher","floor":33,"turns":7},{"damage":31,"enemies":"Orb Walker","floor":36,"turns":6},{"damage":0,"enemies":"Orb Walker","floor":37,"turns":3},{"damage":11,"enemies":"downfall:FleeingMerchant","floor":38,"turns":4},{"damage":0,"enemies":"3 Shapes","floor":39,"turns":3},{"damage":60,"enemies":"Giant Head","floor":43,"turns":7}],"seed_played":"6386153102961939020","potions_obtained":[{"floor":2,"key":"Fire Potion"},{"floor":3,"key":"SpeedPotion"},{"floor":3,"key":"Dexterity Potion"},{"floor":8,"key":"Fire Potion"},{"floor":14,"key":"champ:CounterPotion"},{"floor":16,"key":"EntropicBrew"},{"floor":20,"key":"champ:CounterPotion"},{"floor":26,"key":"hexamod:EctoCoolerPotion"},{"floor":33,"key":"PowerPotion"},{"floor":33,"key":"Dexterity Potion"},{"floor":36,"key":"Fire Potion"},{"floor":37,"key":"Fire Potion"},{"floor":38,"key":"EntropicBrew"},{"floor":38,"key":"SteroidPotion"},{"floor":39,"key":"SmokeBomb"},{"floor":39,"key":"BlessingOfTheForge"}],"is_trial":false,"path_per_floor":["R","M","?","M","M","R","T","M","?","R","M","$","R","M","M","B",null,"R","M","M","?","?","R","T","M","M","R","$","M","M","$","M","B",null,"R","M","?","$","M","R","T","R","E"],"character_chosen":"THE_SPIRIT","items_purchased":["expansioncontent:StudyTheSpire","hexamod:FastForward","hexamod:DynamicBlow","hexamod:Firestarter"],"campfire_rested":0,"item_purchase_floors":[12,12,12,38],"current_hp_per_floor":[77,77,77,77,77,77,77,76,76,76,67,67,67,65,61,23,77,77,77,61,61,55,55,55,46,42,42,42,41,38,45,43,36,77,77,53,53,42,47,47,47,47,0,0,0],"gold":8,"neow_bonus":"TEN_PERCENT_HP_BONUS","is_daily":false,"chose_seed":false,"campfire_upgraded":10,"win_rate":0.0,"timestamp":1609399245,"path_taken":["R","M","?","?","M","R","T","M","?","R","M","$","R","M","M","BOSS","R","M","M","?","?","R","T","M","M","R","$","M","M","$","M","BOSS","R","M","?","?","M","R","T","R","E"],"items_purchased_type":["Card","Card","Card","Card"],"build_version":"2020-12-22","purchased_purges":1,"victory":false,"max_hp_per_floor":[77,77,77,77,77,77,77,77,77,77,77,77,77,77,77,77,77,77,77,77,77,77,77,77,77,77,77,77,77,77,77,77,77,77,77,77,77,77,77,77,77,77,77,77,77],"card_choices":[{"not_picked":["hexamod:DynamicBlow","hexamod:NightmareGuise"],"picked":"hexamod:SpectralAdrenaline","floor":2},{"not_picked":["hexamod:GhostLash","hexamod:GhostflameBarrier"],"picked":"hexamod:ShieldOfDarkness","floor":4},{"not_picked":["hexamod:Firestarter","hexamod:ShieldOfDarkness"],"picked":"hexamod:BacktrackSmack","floor":5},{"not_picked":["hexamod:Haunt","hexamod:RecurringNightmare"],"picked":"hexamod:CrushingStance","floor":8},{"not_picked":["hexamod:Incineration","hexamod:HeatShield"],"picked":"hexamod:HauntingEcho","floor":11},{"not_picked":["hexamod:GhostShield","hexamod:Incineration"],"picked":"hexamod:SkipABeat","floor":12},{"not_picked":["hexamod:FastForward","hexamod:SpectersWail"],"picked":"hexamod:HeatCrush","floor":14},{"not_picked":["hexamod:CatchUp","hexamod:GhostLash"],"picked":"hexamod:ThirdSeal","floor":15},{"not_picked":["hexamod:TimeWarp","hexamod:WildfireWeapon"],"picked":"hexamod:EmpoweringStance","floor":16},{"not_picked":["hexamod:CrushingStance","hexamod:ParanormalForm"],"picked":"hexamod:TimeOfNeed","floor":16},{"not_picked":["hexamod:HauntingEcho","hexamod:NightmareGuise"],"picked":"hexamod:NecessarySacrifice+1","floor":19},{"not_picked":["hexamod:BacktrackSmack","hexamod:SpectersWail"],"picked":"hexamod:Firestarter+1","floor":19},{"not_picked":["hexamod:Hexaguard","hexamod:SwordOfDarkness"],"picked":"hexamod:SecondSeal","floor":20},{"not_picked":["hexamod:HauntingEcho","hexamod:BacktrackSmack+1"],"picked":"hexamod:AdvancingGuard","floor":25},{"not_picked":["hexamod:HauntingEcho","hexamod:SpectralAdrenaline"],"picked":"hexamod:AdvancingGuard","floor":26},{"not_picked":["hexamod:HeatShield","hexamod:ShieldOfDarkness"],"picked":"hexamod:InspiringFlames","floor":28},{"not_picked":["hexamod:ShieldOfDarkness","hexamod:NecessarySacrifice","hexamod:SpectersWail+1"],"picked":"SKIP","floor":28},{"not_picked":["hexamod:NecessarySacrifice","hexamod:GhostflameBarrier"],"picked":"hexamod:AdvancingGuard","floor":29},{"not_picked":["hexamod:SecondSeal","hexamod:GhostOfSpirePresent","hexamod:Incineration"],"picked":"SKIP","floor":29},{"not_picked":["hexamod:EmpoweredFlame+1","hexamod:RadiantFlame"],"picked":"hexamod:FirstSeal","floor":30},{"not_picked":["hexamod:RainOfEmbers+1","hexamod:CrushingStance","hexamod:NightmareStrike+1"],"picked":"SKIP","floor":30},{"not_picked":["hexamod:StepThrough","hexamod:SecondSeal"],"picked":"hexamod:FourthSeal","floor":31},{"not_picked":["hexamod:HeatCrush","hexamod:FastForward","hexamod:GhostShield"],"picked":"SKIP","floor":32},{"not_picked":["hexamod:ChargedBarrage","hexamod:InspiringFlames","hexamod:CatchUp"],"picked":"SKIP","floor":32},{"not_picked":["hexamod:ParanormalForm","hexamod:TimeWarp"],"picked":"hexamod:EmpoweringStance","floor":33},{"not_picked":["hexamod:TurnItUp","hexamod:ParanormalForm"],"picked":"hexamod:SearingWound","floor":33},{"not_picked":["hexamod:Hexaguard","hexamod:FastForward"],"picked":"hexamod:RainOfEmbers+1","floor":36},{"not_picked":["hexamod:GhostOfSpireFuture","hexamod:RainOfEmbers+1"],"picked":"hexamod:ThermalTransfer+1","floor":36},{"not_picked":["hexamod:FastForward+1","hexamod:NightmareStrike+1"],"picked":"hexamod:PhantomCloak+1","floor":37},{"not_picked":["hexamod:PhantomFireball+1","hexamod:Incineration","hexamod:ChargedBarrage"],"picked":"SKIP","floor":38},{"not_picked":["hexamod:BacktrackSmack+1","hexamod:SecondSeal","hexamod:WildfireWeapon"],"picked":"SKIP","floor":39}],"player_experience":289964,"relics_obtained":[{"floor":7,"key":"Bag of Marbles"},{"floor":24,"key":"Vajra"},{"floor":37,"key":"downfall:GremlinWheel"},{"floor":41,"key":"Mercury Hourglass"}],"event_choices":[{"damage_healed":0,"gold_gain":0,"player_choice":"Got Potions","damage_taken":0,"max_hp_gain":0,"max_hp_loss":0,"event_name":"Lab","floor":3,"gold_loss":0},{"cards_removed":["Slimebound:Icky"],"damage_healed":0,"gold_gain":0,"player_choice":"Card Removal","damage_taken":0,"max_hp_gain":0,"max_hp_loss":0,"event_name":"Wheel of Change","floor":40,"gold_loss":0}],"is_beta":false,"boss_relics":[{"not_picked":["Fusion Hammer","Snecko Eye"],"picked":"downfall:Hecktoplasm"},{"not_picked":["Empty Cage","Runic Dome"],"picked":"Pandora\u0027s Box"}],"items_purged_floors":[28],"is_endless":false,"potions_floor_spawned":[2,8,14,15,16,20,26,29,33,37,39],"killed_by":"Giant Head","ascension_level":0}}