{"host":"znvnxllcillb3rtw","time":1609388640,"event":{"mods":["BaseMod","DeckTracker","Minty Spire (QoL Compilation)","Relic Stats","StSLib","SuperFastMode","everything is the same but u backflip on backflip"],"gold_per_floor":[114,126,140,140,65,65,140,471,471,471,496,496,496,496],"floor_reached":13,"playtime":288,"items_purged":[],"score":166,"play_id":"215a4cd2-3c17-4315-9a6f-9bb25cec680f","local_time":"20201231132400","is_ascension_mode":true,"campfire_choices":[{"floor":6,"key":"REST"},{"floor":10,"key":"REST"}],"circlet_count":0,"master_deck":["AscendersBane","Strike_B","Strike_B","Strike_B","Defend_B","Defend_B","Defend_B","Defend_B","Zap","Dualcast","FTL","Undo","Streamline","All For One","Steam"],"relics":["SacredBark","Golden Idol","Old Coin","Sundial","SsserpentHead"],"acts_visited":["Exordium"],"potions_floor_usage":[8,8,13],"damage_taken":[{"damage":7,"enemies":"Jaw Worm","floor":1,"turns":4},{"damage":10,"enemies":"2 Louse","floor":2,"turns":2},{"damage":9,"enemies":"Small Slimes","floor":3,"turns":4},{"damage":9,"enemies":"Lagavulin","floor":8,"turns":5},{"damage":5,"enemies":"2 Fungi Beasts","floor":11,"turns":3},{"damage":32,"enemies":"Gremlin Nob","floor":13,"turns":3}],"seed_played":"8050641439488006141","potions_obtained":[{"floor":2,"key":"FocusPotion"},{"floor":3,"key":"LiquidMemories"},{"floor":11,"key":"Swift Potion"}],"is_trial":false,"path_per_floor":["M","M","M","?","?","R","?","E","T","R","M","?","E"],"character_chosen":"DEFECT","items_purchased":[],"campfire_rested":2,"item_purchase_floors":[],"current_hp_per_floor":[57,47,38,14,14,35,24,15,15,36,31,31,0,0],"gold":496,"neow_bonus":"BOSS_RELIC","is_daily":false,"chose_seed":false,"campfire_upgraded":0,"win_rate":0.0,"timestamp":1609388640,"path_taken":["M","M","M","?","?","R","?","E","T","R","M","?","E"],"items_purchased_type":[],"build_version":"2020-12-22","purchased_purges":0,"victory":false,"max_hp_per_floor":[71,71,71,71,71,71,71,71,71,71,71,71,71,71],"relic_stats":{"SsserpentHead":0,"counters":[6,21],"Golden Idol":11,"Sundial":[0],"obtain_stats":[{"SsserpentHead":12,"Golden Idol":4,"Sundial":9,"SacredBark":0,"Cracked Core":0,"Old Coin":8},{"SsserpentHead":5,"Golden Idol":3,"Sundial":4,"SacredBark":0,"Cracked Core":0,"Old Coin":4},{"SsserpentHead":18,"Golden Idol":10,"Sundial":15,"SacredBark":0,"Cracked Core":0,"Old Coin":15}]},"card_choices":[{"not_picked":["Sweeping Beam","White Noise"],"picked":"FTL","floor":1},{"not_picked":["Coolheaded","Storm"],"picked":"Undo","floor":2},{"not_picked":["Auto Shields","Redo"],"picked":"Streamline","floor":3},{"not_picked":["Rip and Tear","Steam Power"],"picked":"All For One","floor":8},{"not_picked":["Redo","Tempest"],"picked":"Steam","floor":11}],"player_experience":2877665,"relics_obtained":[{"floor":8,"key":"Old Coin"},{"floor":9,"key":"Sundial"}],"event_choices":[{"damage_healed":0,"gold_gain":0,"player_choice":"Take Damage","damage_taken":24,"relics_obtained":["Golden Idol"],"max_hp_gain":0,"max_hp_loss":0,"event_name":"Golden Idol","floor":4,"gold_loss":0},{"cards_removed":["Strike_B"],"damage_healed":0,"gold_gain":0,"player_choice":"Card Removal","damage_taken":0,"max_hp_gain":0,"max_hp_loss":0,"event_name":"The Cleric","floor":5,"gold_loss":75},{"damage_healed":0,"gold_gain":75,"player_choice":"Gather Gold","damage_taken":11,"max_hp_gain":0,"max_hp_loss":0,"event_name":"World of Goop","floor":7,"gold_loss":0},{"damage_healed":0,"gold_gain":0,"player_choice":"Trade","damage_taken":0,"relics_obtained":["SsserpentHead"],"max_hp_gain":0,"max_hp_loss":0,"event_name":"FaceTrader","floor":12,"gold_loss":0}],"is_beta":false,"boss_relics":[],"items_purged_floors":[],"is_endless":false,"potions_floor_spawned":[2,3,11],"killed_by":"Gremlin Nob","ascension_level":20}}