{"host":"Sumable","time":1609448680,"event":{"mods":["AchievementEnabler","BaseMod","Better Note","BetterRewards","Googly Eyes","Hermit","Minty Spire (QoL Compilation)","Quick Restart","Shop Mod","StSLib","The Cursed","everything is the same but u backflip on backflip","slay the spire mod where everything is the same but ironclad has a cowboy hat"],"gold_per_floor":[112,132,146,159,173,173,173],"floor_reached":6,"playtime":510,"items_purged":[],"score":66,"play_id":"21ae04ba-5cf3-49ae-9642-2cd8884e5397","local_time":"20201231140440","is_ascension_mode":true,"campfire_choices":[],"circlet_count":0,"master_deck":["AscendersBane","Strike_R","Strike_R","Strike_R","Strike_R","Strike_R","Defend_R","Defend_R","Defend_R","Defend_R","Bash","Shrug It Off","Shrug It Off","Sword Boomerang","Cleave","True Grit"],"relics":["Burning Blood","Bronze Scales"],"acts_visited":["Exordium"],"potions_floor_usage":[3,4,6],"damage_taken":[{"damage":12,"enemies":"Jaw Worm","floor":1,"turns":2},{"damage":7,"enemies":"Small Slimes","floor":2,"turns":4},{"damage":7,"enemies":"2 Louse","floor":3,"turns":3},{"damage":31,"enemies":"Exordium Thugs","floor":4,"turns":4},{"damage":34,"enemies":"Gremlin Gang","floor":5,"turns":4},{"damage":24,"enemies":"3 Sentries","floor":6,"turns":4}],"seed_played":"5188114087308879083","potions_obtained":[{"floor":1,"key":"Dexterity Potion"},{"floor":2,"key":"Regen Potion"},{"floor":5,"key":"AttackPotion"}],"is_trial":false,"path_per_floor":["M","M","M","M","M","E"],"character_chosen":"IRONCLAD","items_purchased":[],"campfire_rested":0,"item_purchase_floors":[],"current_hp_per_floor":[66,65,64,51,23,0,0],"gold":173,"neow_bonus":"RANDOM_COMMON_RELIC","is_daily":false,"chose_seed":false,"campfire_upgraded":0,"win_rate":0.0,"timestamp":1609448680,"path_taken":["M","M","M","M","M","E"],"items_purchased_type":[],"build_version":"2020-12-18","purchased_purges":0,"victory":false,"max_hp_per_floor":[80,80,80,80,80,80,80],"card_choices":[{"not_picked":["Second Wind","Bloodletting"],"picked":"Shrug It Off","floor":1},{"not_picked":["Warcry","Shockwave"],"picked":"Shrug It Off","floor":2},{"not_picked":["Ghostly Armor","Shockwave"],"picked":"Sword Boomerang","floor":3},{"not_picked":["Seeing Red","Havoc"],"picked":"Cleave","floor":4},{"not_picked":["Heavy Blade","Dual Wield"],"picked":"True Grit","floor":5}],"player_experience":1016902,"relics_obtained":[],"event_choices":[],"is_beta":true,"boss_relics":[],"items_purged_floors":[],"is_endless":false,"potions_floor_spawned":[1,2,5],"killed_by":"3 Sentries","ascension_level":13}}