{"host":"dpbezu80jg8zk7un","time":1609428383,"event":{"mods":["BaseMod","Colored Map","Colored Powertips","Custom Start","DeckTracker","Minty Spire (QoL Compilation)","Quick Restart","StSLib","SuperFastMode"],"gold_per_floor":[113,113,125,144,144,144,174,192,192,220,239,239,253,282,282,356,356,374,394,319,336,251,251,276,276,276,291,291,322,342,373,373,448,448,460,460,460,474,493,526,526,553,577,209,237,261,296,14,14,14,14,14,14,14,43,43],"floor_reached":57,"playtime":4420,"items_purged":["Defend_P","Defend_P","EmptyFist+1"],"score":3590,"play_id":"e24e25fb-3ee0-4002-8583-dabec10157fb","local_time":"20210101002623","is_ascension_mode":true,"campfire_choices":[{"data":"Eruption","floor":6.0,"key":"SMITH"},{"floor":12.0,"key":"REST"},{"data":"FlurryOfBlows","floor":15.0,"key":"SMITH"},{"data":"Vault","floor":23.0,"key":"SMITH"},{"floor":25.0,"key":"REST"},{"floor":32.0,"key":"REST"},{"data":"MentalFortress","floor":41.0,"key":"SMITH"},{"floor":49.0,"key":"RECALL"},{"data":"Halt","floor":53.0,"key":"SMITH"}],"circlet_count":0,"master_deck":["AscendersBane","Eruption+1","Vigilance","Halt+1","FearNoEvil+1","InnerPeace+1","Vault+1","RitualDagger+1","MentalFortress+1","WheelKick+1","LessonLearned+1","Adaptation+1"],"relics":["PureWater","Bag of Marbles","Mummified Hand","Blood Vial","Runic Pyramid","Pen Nib","Strawberry","StrikeDummy","Akabeko","Frozen Egg 2","Empty Cage","Mercury Hourglass","Bottled Tornado","Whetstone","Sundial","MawBank","Regal Pillow","Lantern","Yang"],"acts_visited":["Exordium","TheCity","TheBeyond","TheEnding"],"potions_floor_usage":[56,56],"damage_taken":[{"damage":0.0,"enemies":"Small Slimes","floor":1.0,"turns":2.0},{"damage":0.0,"enemies":"Cultist","floor":3.0,"turns":3.0},{"damage":0.0,"enemies":"2 Louse","floor":4.0,"turns":1.0},{"damage":31.0,"enemies":"3 Sentries","floor":7.0,"turns":10.0},{"damage":0.0,"enemies":"Exordium Wildlife","floor":8.0,"turns":3.0},{"damage":3.0,"enemies":"Gremlin Nob","floor":10.0,"turns":3.0},{"damage":0.0,"enemies":"Blue Slaver","floor":11.0,"turns":1.0},{"damage":2.0,"enemies":"Gremlin Gang","floor":13.0,"turns":4.0},{"damage":0.0,"enemies":"Lagavulin","floor":14.0,"turns":5.0},{"damage":39.0,"enemies":"Slime Boss","floor":16.0,"turns":11.0},{"damage":2.0,"enemies":"3 Byrds","floor":18.0,"turns":3.0},{"damage":0.0,"enemies":"Chosen","floor":19.0,"turns":3.0},{"damage":7.0,"enemies":"Snake Plant","floor":21.0,"turns":4.0},{"damage":40.0,"enemies":"Slavers","floor":24.0,"turns":8.0},{"damage":0.0,"enemies":"Sentry and Sphere","floor":27.0,"turns":4.0},{"damage":22.0,"enemies":"Gremlin Leader","floor":29.0,"turns":5.0},{"damage":11.0,"enemies":"Shelled Parasite and Fungi","floor":30.0,"turns":2.0},{"damage":0.0,"enemies":"Slavers","floor":31.0,"turns":2.0},{"damage":0.0,"enemies":"Collector","floor":33.0,"turns":5.0},{"damage":3.0,"enemies":"3 Shapes","floor":35.0,"turns":4.0},{"damage":0.0,"enemies":"Orb Walker","floor":38.0,"turns":2.0},{"damage":0.0,"enemies":"3 Darklings","floor":39.0,"turns":3.0},{"damage":0.0,"enemies":"Giant Head","floor":40.0,"turns":5.0},{"damage":0.0,"enemies":"Nemesis","floor":42.0,"turns":5.0},{"damage":1.0,"enemies":"Reptomancer","floor":45.0,"turns":3.0},{"damage":0.0,"enemies":"Transient","floor":46.0,"turns":3.0},{"damage":0.0,"enemies":"Donu and Deca","floor":50.0,"turns":2.0},{"damage":0.0,"enemies":"Time Eater","floor":51.0,"turns":3.0},{"damage":0.0,"enemies":"Shield and Spear","floor":55.0,"turns":2.0},{"damage":23,"enemies":"The Heart","floor":56,"turns":6}],"seed_played":"-6630172807424989453","potions_obtained":[{"floor":1.0,"key":"FairyPotion"},{"floor":7.0,"key":"ColorlessPotion"},{"floor":13.0,"key":"AttackPotion"},{"floor":14.0,"key":"LiquidBronze"},{"floor":18.0,"key":"Ancient Potion"},{"floor":24.0,"key":"StancePotion"},{"floor":31.0,"key":"Swift Potion"},{"floor":33.0,"key":"Ancient Potion"},{"floor":38.0,"key":"Weak Potion"}],"is_trial":false,"path_per_floor":["M","?","M","M","?","R","E","M","T","E","M","R","M","E","R","B",null,"M","M","$","M","?","R","E","R","T","M","?","E","M","E","R","B",null,"M","?","?","M","M","E","R","E","T","$","E","M","T","$","R","B","B",null,"R","$","E","B",null],"character_chosen":"WATCHER","items_purchased":["Sundial","Lantern"],"campfire_rested":3,"item_purchase_floors":[44,48],"current_hp_per_floor":[61,54,54,54,54,54,23,23,23,20,20,38,36,36,36,18,51,51,53,53,48,48,48,17,37,37,39,33,13,4,6,26,28,59,58,58,58,60,62,64,64,66,66,66,67,69,69,69,69,69,69,69,69,69,69,46],"gold":43,"neow_bonus":"TRANSFORM_TWO_CARDS","is_daily":false,"chose_seed":false,"campfire_upgraded":5,"win_rate":0.0,"timestamp":1609428383,"path_taken":["M","?","M","M","?","R","E","M","T","E","M","R","M","E","R","BOSS","M","M","$","M","?","R","E","R","T","M","?","E","M","E","R","BOSS","M","?","?","M","M","E","R","E","T","$","E","M","?","?","R","BOSS","BOSS","R","$","E","BOSS"],"items_purchased_type":["Relic","Relic"],"build_version":"2020-12-22","purchased_purges":3,"victory":true,"max_hp_per_floor":[62,62,62,62,62,62,62,62,62,62,62,62,62,62,62,62,62,62,62,62,62,62,62,69,69,69,69,69,69,69,69,69,69,69,69,69,69,69,69,69,69,69,69,69,69,69,69,69,69,69,69,69,69,69,69,69],"card_choices":[{"not_picked":["ReachHeaven","FlyingSleeves"],"picked":"FearNoEvil","floor":1.0},{"not_picked":["Indignation","BowlingBash","Prostrate"],"picked":"SKIP","floor":3.0},{"not_picked":["Protect","Prostrate","EmptyBody"],"picked":"SKIP","floor":4.0},{"not_picked":["ForeignInfluence","Omniscience","Crescendo"],"picked":"SKIP","floor":7.0},{"not_picked":["SashWhip","Swivel","JustLucky"],"picked":"SKIP","floor":8.0},{"not_picked":["Evaluate","ThirdEye","FlyingSleeves"],"picked":"SKIP","floor":10.0},{"not_picked":["FlurryOfBlows","DeceiveReality"],"picked":"EmptyFist","floor":11.0},{"not_picked":["Wireheading","ThirdEye"],"picked":"InnerPeace","floor":13.0},{"not_picked":["Conclude","EmptyBody","Establishment"],"picked":"SKIP","floor":14.0},{"not_picked":["ConjureBlade","Establishment"],"picked":"Vault","floor":16.0},{"not_picked":["Evaluate","FlurryOfBlows","Crescendo"],"picked":"SKIP","floor":18.0},{"not_picked":["FlurryOfBlows","InnerPeace","Conclude"],"picked":"SKIP","floor":19.0},{"not_picked":["Nirvana","EmptyFist","LikeWater"],"picked":"SKIP","floor":21.0},{"not_picked":["Protect","ClearTheMind","Halt"],"picked":"SKIP","floor":24.0},{"not_picked":["Worship","BowlingBash","Pray"],"picked":"SKIP","floor":27.0},{"not_picked":["Tantrum","WaveOfTheHand"],"picked":"MentalFortress","floor":29.0},{"not_picked":["FearNoEvil","CrushJoints"],"picked":"WheelKick+1","floor":30.0},{"not_picked":["EmptyBody","Pray","FlyingSleeves"],"picked":"SKIP","floor":31.0},{"not_picked":["MasterReality+1","Devotion+1"],"picked":"LessonLearned","floor":33.0},{"not_picked":["DeceiveReality","Study+1","BowlingBash"],"picked":"SKIP","floor":35.0},{"not_picked":["EmptyFist","PathToVictory+1","DeceiveReality+1"],"picked":"SKIP","floor":38.0},{"not_picked":["Perseverance","SashWhip","Wallop"],"picked":"SKIP","floor":39.0},{"not_picked":["MentalFortress+1","Prostrate"],"picked":"Adaptation+1","floor":40.0},{"not_picked":["EmptyFist","BattleHymn+1","Crescendo+1"],"picked":"SKIP","floor":42.0},{"not_picked":["Worship","EmptyFist","Crescendo+1"],"picked":"SKIP","floor":45.0},{"not_picked":["Fasting2+1","PathToVictory","SashWhip"],"picked":"SKIP","floor":46.0},{"not_picked":["Halt","FlyingSleeves","TalkToTheHand"],"picked":"SKIP","floor":55.0}],"player_experience":2812044,"relics_obtained":[{"floor":7.0,"key":"Bag of Marbles"},{"floor":10.0,"key":"Mummified Hand"},{"floor":14.0,"key":"Blood Vial"},{"floor":24.0,"key":"Strawberry"},{"floor":26.0,"key":"StrikeDummy"},{"floor":29.0,"key":"Akabeko"},{"floor":31.0,"key":"Frozen Egg 2"},{"floor":40.0,"key":"Mercury Hourglass"},{"floor":42.0,"key":"Bottled Tornado"},{"floor":43.0,"key":"Whetstone"},{"floor":45.0,"key":"MawBank"},{"floor":47.0,"key":"Regal Pillow"},{"floor":55.0,"key":"Yang"}],"event_choices":[{"cards_removed":["Defend_P"],"damage_healed":0.0,"max_hp_gain":0.0,"max_hp_loss":0.0,"gold_gain":0.0,"event_name":"Golden Wing","player_choice":"Card Removal","floor":2.0,"gold_loss":0.0,"damage_taken":7.0},{"cards_removed":["Strike_P"],"damage_healed":0.0,"max_hp_gain":0.0,"max_hp_loss":0.0,"gold_gain":0.0,"event_name":"Wheel of Change","player_choice":"Card Removal","floor":5.0,"gold_loss":0.0,"damage_taken":0.0},{"damage_healed":0.0,"max_hp_gain":0.0,"max_hp_loss":0.0,"gold_gain":0.0,"event_name":"Addict","player_choice":"Obtained Relic","floor":22.0,"gold_loss":85.0,"damage_taken":0.0,"relics_obtained":["Pen Nib"]},{"damage_healed":0.0,"max_hp_gain":0.0,"max_hp_loss":0.0,"gold_gain":0.0,"event_name":"Nest","player_choice":"Joined the Cult","floor":28.0,"gold_loss":0.0,"damage_taken":6.0,"cards_obtained":["RitualDagger"]},{"cards_removed":["FlurryOfBlows"],"damage_healed":0.0,"max_hp_gain":0.0,"max_hp_loss":0.0,"gold_gain":0.0,"event_name":"Falling","player_choice":"Removed Attack","floor":36.0,"gold_loss":0.0,"damage_taken":0.0},{"damage_healed":0.0,"max_hp_gain":0.0,"max_hp_loss":0.0,"gold_gain":0.0,"event_name":"Tomb of Lord Red Mask","player_choice":"Ignored","floor":37.0,"gold_loss":0.0,"damage_taken":0.0}],"is_beta":false,"boss_relics":[{"not_picked":["VioletLotus","Fusion Hammer"],"picked":"Runic Pyramid"},{"not_picked":["Black Star","Busted Crown"],"picked":"Empty Cage"}],"items_purged_floors":[20,44,48],"is_endless":false,"potions_floor_spawned":[1,7,13,14,18,24,31,33,38,39,40,46,55],"ascension_level":20}}