{"host":"aryqrlgvv7cx3d7m","time":1609406292,"event":{"mods":["AchievementEnabler","BaseMod","Downfall","Hermit","Infinite Spire","Marisa????????","Minty Spire (QoL Compilation)","Remilia??????","Replay The Spire","StSLib","The Cursed","The Hierophant","The Servant 0.9.4"],"gold_per_floor":[116,35,54,0,16,16,91,106,106,106,123,140,158,158,158,158,158],"floor_reached":16,"playtime":1020,"items_purged":[],"score":94,"play_id":"f11c3592-6775-4fc7-83d0-c39e09fe5ca8","local_time":"20201231041812","is_ascension_mode":false,"campfire_choices":[{"data":"StarOfDavid","floor":6,"key":"SMITH"},{"floor":10,"key":"REST"},{"floor":15,"key":"REST"}],"circlet_count":0,"master_deck":["Strike_RM","Strike_RM","Strike_RM","Strike_RM","Defend_RM","Defend_RM","Defend_RM","Defend_RM","RedMoon","ScarletShoot+1","StarOfDavid+1","FitfulNightmare","NightLord","CharismaGuard","VampireKiss","Stigmanizer","ScarletDevil","UnderTheZenith+1","ScarletGensokyo"],"relics":["ScarletHat","Replay:Rubber Ducky"],"acts_visited":["Exordium"],"potions_floor_usage":[16,16,16],"damage_taken":[{"damage":0,"enemies":"Jaw Worm","floor":1,"turns":5},{"damage":6,"enemies":"Cultist","floor":3,"turns":5},{"damage":0,"enemies":"Small Slimes","floor":5,"turns":2},{"damage":3,"enemies":"3 Louse","floor":8,"turns":2},{"damage":0,"enemies":"2 Fungi Beasts","floor":11,"turns":4},{"damage":5,"enemies":"Large Slime","floor":12,"turns":5},{"damage":2,"enemies":"Blue Slaver","floor":13,"turns":2},{"damage":88,"enemies":"Hexaghost","floor":16,"turns":13}],"seed_played":"6740234515205640919","potions_obtained":[{"floor":3,"key":"Block Potion"},{"floor":5,"key":"Adrenaline Potion"},{"floor":8,"key":"Adrenaline Potion"}],"is_trial":false,"path_per_floor":["M","$","M","$","M","R","?","M","T","R","M","M","M","?","R","B"],"character_chosen":"REMILIA","items_purchased":["FitfulNightmare","CharismaGuard"],"campfire_rested":2,"item_purchase_floors":[2,4],"current_hp_per_floor":[82,82,76,76,76,76,68,65,65,82,82,79,77,61,82,0,0],"gold":158,"neow_bonus":"TEN_PERCENT_HP_BONUS","is_daily":false,"chose_seed":false,"campfire_upgraded":1,"win_rate":0.0,"timestamp":1609406292,"path_taken":["M","$","M","$","M","R","?","M","T","R","M","?","M","?","R","BOSS"],"items_purchased_type":["Card","Card"],"build_version":"2020-12-22","purchased_purges":0,"victory":false,"max_hp_per_floor":[82,82,82,82,82,82,82,82,82,82,82,82,82,82,82,82,82],"card_choices":[{"not_picked":["ScarletDream","ScarletGensokyo"],"picked":"StarOfDavid","floor":1},{"not_picked":["BlasphemousPunishment","ChainGang"],"picked":"NightLord","floor":3},{"not_picked":["ScarletDream","TwelveNightmare"],"picked":"VampireKiss","floor":5},{"not_picked":["BlasphemousPunishment","DiffusionOfMisfortune"],"picked":"Stigmanizer","floor":8},{"not_picked":["BloodAndWine","VampireKiss"],"picked":"ScarletDevil","floor":11},{"not_picked":["FitfulNightmare","VampireKiss"],"picked":"UnderTheZenith","floor":12},{"not_picked":["BloodyMagicSquare","BloodAndWine"],"picked":"ScarletGensokyo","floor":13}],"player_experience":1172,"relics_obtained":[{"floor":9,"key":"Replay:Rubber Ducky"}],"event_choices":[{"damage_healed":0,"gold_gain":75,"player_choice":"Touch","damage_taken":8,"max_hp_gain":0,"max_hp_loss":0,"event_name":"FaceTrader","floor":7,"gold_loss":0},{"damage_healed":0,"gold_gain":0,"player_choice":"Entered Light","damage_taken":16,"max_hp_gain":0,"max_hp_loss":0,"event_name":"Shining Light","floor":14,"gold_loss":0,"cards_upgraded":["UnderTheZenith","ScarletShoot"]}],"is_beta":false,"boss_relics":[],"items_purged_floors":[],"is_endless":false,"potions_floor_spawned":[3,5,8],"killed_by":"Hexaghost","ascension_level":0}}