{"host":"g7trc0x2teqyd8ye","time":1609372820,"event":{"mods":["BaseMod","Key Reminder","Minty Spire (QoL Compilation)","Relic Stats"],"gold_per_floor":[116,116,133,8,8,35,48,62,62,42,42,61,91,101,101,173,173,185,197,197,212,224,224,224],"floor_reached":23,"playtime":2811,"items_purged":["Pain"],"score":437,"play_id":"0ed069fd-1ec9-4451-b945-11f633e2e0f1","local_time":"20201231010020","is_ascension_mode":true,"campfire_choices":[{"data":"Fire Breathing","floor":15,"key":"SMITH"}],"circlet_count":0,"master_deck":["AscendersBane","Strike_R","Strike_R","Strike_R","Defend_R","Defend_R","Defend_R","Defend_R","Bash","Cleave","Iron Wave","Thunderclap","Evolve","Power Through","Fire Breathing+1","Dark Embrace","Shockwave","Body Slam","Battle Trance","Reaper","Infernal Blade","Pommel Strike"],"relics":["Burning Blood","NeowsBlessing","WarpedTongs","Dead Branch","Peace Pipe","Unceasing Top","Snecko Eye"],"acts_visited":["Exordium","TheCity"],"potions_floor_usage":[13,16,21],"damage_taken":[{"damage":0,"enemies":"Small Slimes","floor":1,"turns":1},{"damage":0,"enemies":"Cultist","floor":3,"turns":1},{"damage":0,"enemies":"3 Sentries","floor":6,"turns":2},{"damage":0,"enemies":"2 Louse","floor":7,"turns":3},{"damage":8,"enemies":"Blue Slaver","floor":8,"turns":4},{"damage":15,"enemies":"Lots of Slimes","floor":12,"turns":3},{"damage":24,"enemies":"Gremlin Nob","floor":13,"turns":4},{"damage":12,"enemies":"Looter","floor":14,"turns":3},{"damage":25,"enemies":"Hexaghost","floor":16,"turns":9},{"damage":38,"enemies":"Spheric Guardian","floor":18,"turns":6},{"damage":8,"enemies":"3 Byrds","floor":19,"turns":5},{"damage":25,"enemies":"Snake Plant","floor":21,"turns":6},{"damage":20,"enemies":"Shelled Parasite and Fungi","floor":22,"turns":4},{"damage":24,"enemies":"Slavers","floor":23,"turns":2}],"seed_played":"361548490973574646","potions_obtained":[{"floor":1,"key":"DuplicationPotion"},{"floor":6,"key":"LiquidMemories"},{"floor":13,"key":"EssenceOfSteel"}],"is_trial":false,"path_per_floor":["M","?","M","$","?","E","M","M","T","?","$","M","E","M","R","B",null,"M","M","?","M","M","E"],"character_chosen":"IRONCLAD","items_purchased":["Thunderclap"],"campfire_rested":0,"item_purchase_floors":[4],"current_hp_per_floor":[74,74,75,75,75,75,75,73,73,73,73,64,46,40,40,21,62,30,40,40,25,17,0,0],"gold":224,"neow_bonus":"THREE_ENEMY_KILL","is_daily":false,"chose_seed":false,"campfire_upgraded":1,"win_rate":0.0,"timestamp":1609372820,"path_taken":["M","?","?","$","?","E","M","M","T","?","$","M","E","M","R","BOSS","M","?","?","M","?","E"],"items_purchased_type":["Card"],"build_version":"2020-12-22","purchased_purges":1,"victory":false,"max_hp_per_floor":[75,75,75,75,75,75,75,75,75,75,75,75,75,75,75,75,75,75,75,75,75,75,75,75],"relic_stats":{"Peace Pipe":0,"counters":[14,53],"Dead Branch":[22],"Snecko Eye":[51,39,48,45],"obtain_stats":[{"Peace Pipe":9,"NeowsBlessing":0,"Dead Branch":6,"Snecko Eye":17,"Burning Blood":0,"Unceasing Top":13,"WarpedTongs":2},{"Peace Pipe":5,"NeowsBlessing":0,"Dead Branch":3,"Snecko Eye":9,"Burning Blood":0,"Unceasing Top":7,"WarpedTongs":1},{"Peace Pipe":11,"NeowsBlessing":0,"Dead Branch":4,"Snecko Eye":30,"Burning Blood":0,"Unceasing Top":18,"WarpedTongs":1}],"Burning Blood":61,"Unceasing Top":[0],"WarpedTongs":[52]},"card_choices":[{"not_picked":["Sentinel","Pommel Strike"],"picked":"Cleave","floor":1},{"not_picked":["Warcry","Evolve"],"picked":"Iron Wave","floor":3},{"not_picked":["Twin Strike","Whirlwind"],"picked":"Power Through","floor":6},{"not_picked":["Entrench","Iron Wave"],"picked":"Fire Breathing","floor":7},{"not_picked":["Wild Strike","Sword Boomerang"],"picked":"Dark Embrace","floor":8},{"not_picked":["Perfected Strike","Demon Form"],"picked":"Shockwave","floor":12},{"not_picked":["Wild Strike","Power Through"],"picked":"Body Slam","floor":13},{"not_picked":["Anger","Pommel Strike"],"picked":"Battle Trance","floor":14},{"not_picked":["Limit Break","Berserk"],"picked":"Reaper","floor":16},{"not_picked":["Flex","Cleave"],"picked":"Infernal Blade","floor":18},{"not_picked":["Warcry","Anger","Rupture"],"picked":"SKIP","floor":19},{"not_picked":["Wild Strike","Body Slam"],"picked":"Pommel Strike","floor":21},{"not_picked":["Combust","Battle Trance","Rage"],"picked":"SKIP","floor":22}],"player_experience":832704,"relics_obtained":[{"floor":6,"key":"Dead Branch"},{"floor":9,"key":"Peace Pipe"},{"floor":13,"key":"Unceasing Top"}],"event_choices":[{"damage_healed":0,"gold_gain":0,"player_choice":"Rummage","damage_taken":0,"relics_obtained":["WarpedTongs"],"max_hp_gain":0,"max_hp_loss":0,"event_name":"Accursed Blacksmith","floor":2,"gold_loss":0,"cards_obtained":["Pain"]},{"damage_healed":0,"gold_gain":0,"cards_transformed":["Strike_R"],"player_choice":"Change","damage_taken":0,"max_hp_gain":0,"max_hp_loss":0,"event_name":"Living Wall","floor":5,"gold_loss":0,"cards_obtained":["Evolve"]},{"damage_healed":0,"gold_gain":0,"player_choice":"Bought 1 Potion","damage_taken":0,"max_hp_gain":0,"max_hp_loss":0,"event_name":"The Woman in Blue","floor":10,"gold_loss":0},{"cards_removed":["Strike_R"],"damage_healed":0,"gold_gain":0,"player_choice":"Purged","damage_taken":0,"max_hp_gain":0,"max_hp_loss":0,"event_name":"Purifier","floor":20,"gold_loss":0}],"is_beta":false,"boss_relics":[{"not_picked":["Runic Pyramid","Astrolabe"],"picked":"Snecko Eye"}],"items_purged_floors":[4],"is_endless":false,"potions_floor_spawned":[1,6,12,13],"killed_by":"Slavers","ascension_level":18}}