{"host":"etr9f2q07ig588e0","time":1609420524,"event":{"mods":["BaseMod","Downfall","Googly Eyes","Hubris","Minty Spire (QoL Compilation)","Replay The Spire","StSLib","SuperFastMode"],"gold_per_floor":[117,117,133,151,151,151,162,162,233,247,282,20,40,68,68,163,163,176,176,55,66,66,66,66],"floor_reached":23,"playtime":650,"items_purged":[],"score":241,"play_id":"d86b6dd3-59e4-40f8-9a13-ffedea55d96d","local_time":"20201231161524","is_ascension_mode":true,"campfire_choices":[{"data":"Dualcast","floor":6,"key":"SMITH"},{"floor":8,"key":"REST"},{"floor":15,"key":"REST"}],"circlet_count":0,"master_deck":["Strike_B","Strike_B","Strike_B","Strike_B","Defend_B","Defend_B","Defend_B","Defend_B","Zap+1","Dualcast+1","ReplaySort","Cold Snap","Trip","Scrape","Gash","Rebound","Melter","Gash","Echo Form","Ball Lightning","Undo","Creative AI","Rebound","ReplayGash","Storm","Static Discharge+1"],"relics":["Cracked Core","Replay:Rubber Ducky","Letter Opener","Art of War","Pear","hubris:ToyBattleship","Honey Jar"],"acts_visited":["Exordium","TheCity"],"potions_floor_usage":[14,16,16,18,23,23],"damage_taken":[{"damage":3,"enemies":"Small Slimes","floor":1,"turns":3},{"damage":1,"enemies":"Cultist","floor":3,"turns":3},{"damage":5,"enemies":"Jaw Worm","floor":4,"turns":2},{"damage":5,"enemies":"Exordium Thugs","floor":7,"turns":4},{"damage":1,"enemies":"Looter","floor":10,"turns":2},{"damage":19,"enemies":"3 Sentries","floor":11,"turns":5},{"damage":12,"enemies":"Large Slime","floor":13,"turns":4},{"damage":10,"enemies":"Gremlin Nob","floor":14,"turns":3},{"damage":16,"enemies":"The Guardian","floor":16,"turns":9},{"damage":22,"enemies":"2 Thieves","floor":18,"turns":3},{"damage":19,"enemies":"Shell Parasite","floor":21,"turns":5},{"damage":45,"enemies":"Gremlin Leader","floor":23,"turns":2}],"seed_played":"-6169733214140578056","potions_obtained":[{"floor":4,"key":"AttackPotion"},{"floor":7,"key":"sneckomod:MuddlingPotion"},{"floor":13,"key":"sneckomod:MuddlingPotion"},{"floor":16,"key":"AttackPotion"},{"floor":18,"key":"EssenceOfDarkness"},{"floor":21,"key":"PotionOfCapacity"}],"is_trial":false,"path_per_floor":["M","?","M","M","?","R","M","R","T","M","E","$","M","E","R","B",null,"M","?","$","M","?","E"],"character_chosen":"DEFECT","items_purchased":["Pear","ReplayGash","Storm"],"campfire_rested":2,"item_purchase_floors":[12,20,20],"current_hp_per_floor":[72,72,71,66,63,63,58,75,75,74,55,65,53,43,68,52,85,63,63,63,44,44,0,0],"gold":66,"neow_bonus":"RANDOM_EVENT","is_daily":false,"chose_seed":false,"campfire_upgraded":1,"win_rate":0.0,"timestamp":1609420524,"path_taken":["M","?","M","?","?","R","M","R","T","M","E","?","M","E","R","BOSS","M","?","?","M","?","E"],"items_purchased_type":["Relic","Card","Card"],"build_version":"2020-12-22","purchased_purges":0,"victory":false,"max_hp_per_floor":[75,75,75,75,75,75,75,75,75,75,75,85,85,85,85,85,85,85,85,85,85,85,85,85],"card_choices":[{"not_picked":["Barrage","Panic Button"],"picked":"ReplaySort","floor":1},{"not_picked":["Reinforced Body","BasicCrystalCard"],"picked":"Gash","floor":3},{"not_picked":["Skim","Hologram"],"picked":"Rebound","floor":4},{"not_picked":["BasicCrystalCard","Gash"],"picked":"Melter","floor":7},{"not_picked":["ReplayTheSpireMod:Omega Cannon","Cold Snap"],"picked":"Gash","floor":10},{"not_picked":["Redo","Steam"],"picked":"Echo Form","floor":11},{"not_picked":["Beam Cell","Leap"],"picked":"Ball Lightning","floor":13},{"not_picked":["Reprogram","Stack"],"picked":"Undo","floor":14},{"not_picked":["Hyperbeam","Echo Form"],"picked":"Creative AI","floor":16},{"not_picked":["Reprogram","Panic Button","Chaos"],"picked":"Rebound","floor":18},{"not_picked":["Melter+1","Panic Button","Redo"],"picked":"Static Discharge+1","floor":21}],"player_experience":426031,"relics_obtained":[{"floor":9,"key":"Letter Opener"},{"floor":11,"key":"Art of War"},{"floor":14,"key":"hubris:ToyBattleship"}],"event_choices":[{"damage_healed":0,"gold_gain":0,"player_choice":"3 cards matched","damage_taken":0,"max_hp_gain":0,"max_hp_loss":0,"event_name":"Match and Keep!","floor":2,"gold_loss":0,"cards_obtained":["Cold Snap","Trip","Scrape"]},{"damage_healed":0,"gold_gain":0,"player_choice":"Success","damage_taken":3,"relics_obtained":["Replay:Rubber Ducky"],"max_hp_gain":0,"max_hp_loss":0,"event_name":"Scrap Ooze","floor":5,"gold_loss":0},{"damage_healed":0,"gold_gain":0,"player_choice":"Leave","damage_taken":0,"max_hp_gain":0,"max_hp_loss":0,"event_name":"FaceTrader","floor":19,"gold_loss":0}],"is_beta":false,"boss_relics":[{"not_picked":["hubris:VirtuousBlindfold","hubris:Backtick"],"picked":"Honey Jar"}],"items_purged_floors":[],"is_endless":false,"potions_floor_spawned":[4,7,13,16,18,21],"killed_by":"Gremlin Leader","ascension_level":4}}