{"host":"rmsq46plbpwfbxcc","time":1609414867,"event":{"mods":["AchievementEnabler","BaseMod","Colored Map","Colored Powertips","DeckTracker","KOR Keyword Fix","Minty Spire (QoL Compilation)","Permanent Neow","Quick Restart","SuperFastMode"],"gold_per_floor":[113,131,142,122,135,135,170,190,216,141,155,155,180,180,180,180,180],"floor_reached":16,"playtime":367,"items_purged":["Strike_G"],"score":224,"play_id":"d91a344a-f23f-4fa6-a375-6c6b3881018b","local_time":"20201231204107","is_ascension_mode":true,"campfire_choices":[{"data":"Blade Dance","floor":6.0,"key":"SMITH"},{"data":"Neutralize","floor":12.0,"key":"SMITH"},{"data":"Dash","floor":15,"key":"SMITH"}],"circlet_count":0,"master_deck":["AscendersBane","Strike_G","Strike_G+1","Strike_G","Strike_G","Defend_G","Defend_G","Defend_G","Defend_G","Defend_G+1","Survivor","Neutralize+1","Dagger Spray","Blade Dance+1","Dash+1"],"relics":["Coffee Dripper","Pantograph","Omamori","Strawberry"],"acts_visited":["Exordium"],"potions_floor_usage":[],"damage_taken":[{"damage":0.0,"enemies":"2 Louse","floor":1.0,"turns":3.0},{"damage":8.0,"enemies":"Cultist","floor":2.0,"turns":4.0},{"damage":5.0,"enemies":"Small Slimes","floor":3.0,"turns":4.0},{"damage":1.0,"enemies":"Looter","floor":5.0,"turns":3.0},{"damage":8.0,"enemies":"Gremlin Nob","floor":7.0,"turns":3.0},{"damage":0.0,"enemies":"Exordium Wildlife","floor":8.0,"turns":3.0},{"damage":9.0,"enemies":"3 Louse","floor":11.0,"turns":3.0},{"damage":2.0,"enemies":"Lagavulin","floor":13.0,"turns":8.0},{"damage":41,"enemies":"Hexaghost","floor":16,"turns":9}],"seed_played":"545811959657035242","potions_obtained":[{"floor":3.0,"key":"LiquidBronze"},{"floor":4.0,"key":"EntropicBrew"},{"floor":5.0,"key":"Dexterity Potion"},{"floor":7.0,"key":"LiquidMemories"},{"floor":11.0,"key":"Ancient Potion"}],"is_trial":false,"path_per_floor":["M","M","M","?","M","R","E","M","T","$","M","R","E","?","R","B"],"character_chosen":"THE_SILENT","items_purchased":[],"campfire_rested":0,"item_purchase_floors":[],"current_hp_per_floor":[59,51,46,46,45,45,37,37,37,37,28,28,33,11,11,0,0],"gold":180,"neow_bonus":"BOSS_RELIC","is_daily":false,"chose_seed":false,"campfire_upgraded":3,"win_rate":0.0,"timestamp":1609414867,"path_taken":["M","M","M","?","M","R","E","M","T","$","?","R","E","?","R","BOSS"],"items_purchased_type":[],"build_version":"2020-12-22","purchased_purges":1,"victory":false,"max_hp_per_floor":[66,66,66,66,66,66,66,66,66,66,66,66,73,73,73,73,73],"card_choices":[{"not_picked":["Dodge and Roll","Dagger Throw"],"picked":"Dagger Spray","floor":1.0},{"not_picked":["Outmaneuver","Underhanded Strike","Choke"],"picked":"SKIP","floor":2.0},{"not_picked":["Grand Finale","Bane"],"picked":"Blade Dance","floor":3.0},{"not_picked":["Deflect","Bane","Dagger Spray"],"picked":"SKIP","floor":5.0},{"not_picked":["Prepared","Catalyst","Deflect"],"picked":"SKIP","floor":7.0},{"not_picked":["Venomology","Underhanded Strike","Predator"],"picked":"SKIP","floor":8.0},{"not_picked":["Slice","Blade Dance","Quick Slash"],"picked":"SKIP","floor":11.0},{"not_picked":["Slice","Bullet Time"],"picked":"Dash","floor":13.0}],"player_experience":1419621,"relics_obtained":[{"floor":7.0,"key":"Pantograph"},{"floor":9.0,"key":"Omamori"},{"floor":13.0,"key":"Strawberry"}],"event_choices":[{"damage_healed":0.0,"max_hp_gain":0.0,"max_hp_loss":0.0,"gold_gain":0.0,"event_name":"The Woman in Blue","player_choice":"Bought 1 Potion","floor":4.0,"gold_loss":0.0,"damage_taken":0.0},{"damage_healed":0,"gold_gain":0,"player_choice":"Entered Light","damage_taken":22,"max_hp_gain":0,"max_hp_loss":0,"event_name":"Shining Light","floor":14,"gold_loss":0,"cards_upgraded":["Defend_G","Strike_G"]}],"is_beta":false,"boss_relics":[],"items_purged_floors":[10],"is_endless":false,"potions_floor_spawned":[3,5,7,11],"killed_by":"Hexaghost","ascension_level":20}}