{"host":"wonp23fsqqcu31ie","time":1609387046,"event":{"mods":["2.2 Compatiblity","AchievementEnabler","Aspiration","BaseMod","Bestiary","Better Altar","Better Match","Better Sensory Stone","Better Skull","Better Third Choice","BetterRewards","Block Reminder","Colored Map","Colored Powertips","Conspire","DeckTracker","Displayed Cursed Tome","Downfall","Hermit","Highlight Path","Hubris","Minty Spire (QoL Compilation)","Permanent Neow","Quick Restart","Rare Cards Sparkle","Relic Stats","Replay The Spire","Shade Mod","Shop Mod","StSLib","SuperFastMode","The Animator","The Cursed","The Dragon Tamer","The Gatherer","The Necromancer","The Runesmith","The Servant 0.9.4"],"gold_per_floor":[119,133,31,31,31,59,120,120,120],"floor_reached":8,"playtime":191,"items_purged":[],"score":59,"play_id":"ec670747-f303-4be4-bc3f-4e3d562fe90e","local_time":"20201231145726","is_ascension_mode":true,"campfire_choices":[],"circlet_count":0,"master_deck":["Runesmith:Strike_RS","Runesmith:Strike_RS","Runesmith:Strike_RS","Runesmith:Strike_RS","Runesmith:Defend_RS","Runesmith:Defend_RS","Runesmith:Defend_RS","Runesmith:Defend_RS","Runesmith:CraftFirestone","Runesmith:Fortify","Runesmith:BackupBattery","Runesmith:HeatedChisel","Clumsy","Runesmith:CreatorForm","Runesmith:FrozenChisel"],"relics":["Runesmith:BrokenRuby","aspiration:Nostalgia","Ring of the Snake","ReplayTheSpireMod:CursedCoin","StrikeDummy","Happy Flower","Juzu Bracelet","Turnip"],"acts_visited":["Exordium"],"potions_floor_usage":[7,7],"damage_taken":[{"damage":12,"enemies":"2 Louse","floor":1,"turns":3},{"damage":5,"enemies":"Jaw Worm","floor":2,"turns":3},{"damage":19,"enemies":"3 Sentries","floor":6,"turns":7},{"damage":29,"enemies":"Lagavulin Event","floor":7,"turns":6},{"damage":11,"enemies":"Lagavulin","floor":8,"turns":3}],"seed_played":"-5222598274240201797","potions_obtained":[{"floor":2,"key":"Elixir"},{"floor":6,"key":"Swift Potion"},{"floor":7,"key":"Death Potion"}],"is_trial":false,"path_per_floor":["M","M","$","?","T","E","?","E"],"character_chosen":"RUNESMITH_CLASS","items_purchased":["ReplayTheSpireMod:CursedCoin","StrikeDummy"],"campfire_rested":0,"item_purchase_floors":[3,3],"current_hp_per_floor":[58,53,53,53,53,34,5,0,0],"gold":120,"neow_bonus":"NOSTALGIA","is_daily":false,"chose_seed":false,"campfire_upgraded":0,"win_rate":0.0,"timestamp":1609387046,"path_taken":["M","M","$","?","?","E","?","E"],"items_purchased_type":["Relic","Relic"],"build_version":"2020-12-22","purchased_purges":0,"victory":false,"max_hp_per_floor":[70,70,70,70,70,70,70,70,70],"relic_stats":{"Happy Flower":[43],"counters":[41,206],"Turnip":[0],"Juzu Bracelet":0,"obtain_stats":[{"Sling":0,"Blood Vial":24,"Replay:Ringing Soul":17,"hubris:AstralHammer":17,"MealTicket":26,"Replay:Wax Seal":25,"conspire:Dentures":3,"MerchantsRug":13,"Runesmith:BrokenRuby":0,"Happy Flower":13,"aspiration:Nostalgia":0,"ReplayTheSpireMod:CursedCoin":38,"ReplayTheSpireMod:Ring of Addiction":29,"Replay:Grab Bag":34,"Oddly Smooth Stone":13,"conspire:Boomerang":9,"Replay:Kaleidoscope":0,"aspiration:SeaSaltIceCream":5,"aspiration:FrozenJewel":10,"WarpedTongs":37,"SlaversCollar":34,"Bottled Flame":20,"aspiration:SilentSkillbook":17,"aspiration:HatOfInfinitePower":24,"StrikeDummy":3,"ReplayFunnel":44,"aspiration:Lifesprig":22,"Juzu Bracelet":6,"Cursed Key":34,"Dream Catcher":17,"Chameleon Ring":29,"aspiration:DefectSkillbook":34,"Tiny Chest":0,"Replay:Bottled Eggs":54,"Cracked Core":0,"hubris:GlazedTorus":43,"Ring of the Snake":0,"Potion Belt":19,"BargainBundle":0,"Golden Idol":8,"aspiration:HummingbirdHeart":8,"White Beast Statue":29,"Calling Bell":17,"Anchor":41,"Ring of Misfortune":29,"Bloody Idol":24,"Turnip":38,"Membership Card":5,"hubris:CrackedHourglass":34,"ReplayTheSpireMod:Lightbulb":20},{"Sling":24,"Blood Vial":33,"Replay:Ringing Soul":8,"hubris:AstralHammer":8,"MealTicket":13,"Replay:Wax Seal":34,"conspire:Dentures":1,"MerchantsRug":6,"Runesmith:BrokenRuby":0,"Happy Flower":6,"aspiration:Nostalgia":0,"ReplayTheSpireMod:CursedCoin":17,"ReplayTheSpireMod:Ring of Addiction":14,"Replay:Grab Bag":15,"Oddly Smooth Stone":28,"conspire:Boomerang":26,"Replay:Kaleidoscope":24,"aspiration:SeaSaltIceCream":25,"aspiration:FrozenJewel":5,"WarpedTongs":17,"SlaversCollar":15,"Bottled Flame":31,"aspiration:SilentSkillbook":30,"aspiration:HatOfInfinitePower":12,"StrikeDummy":38,"ReplayFunnel":21,"aspiration:Lifesprig":10,"Juzu Bracelet":39,"Cursed Key":15,"Dream Catcher":8,"Chameleon Ring":14,"aspiration:DefectSkillbook":15,"Tiny Chest":24,"Replay:Bottled Eggs":23,"Cracked Core":0,"hubris:GlazedTorus":20,"Ring of the Snake":36,"Potion Belt":9,"BargainBundle":24,"Golden Idol":26,"aspiration:HummingbirdHeart":4,"White Beast Statue":14,"Calling Bell":8,"Anchor":19,"Ring of Misfortune":14,"Bloody Idol":33,"Turnip":17,"Membership Card":25,"hubris:CrackedHourglass":15,"ReplayTheSpireMod:Lightbulb":9},{"Sling":127,"Blood Vial":170,"Replay:Ringing Soul":37,"hubris:AstralHammer":37,"MealTicket":66,"Replay:Wax Seal":175,"conspire:Dentures":3,"MerchantsRug":22,"Runesmith:BrokenRuby":0,"Happy Flower":22,"aspiration:Nostalgia":0,"ReplayTheSpireMod:CursedCoin":87,"ReplayTheSpireMod:Ring of Addiction":70,"Replay:Grab Bag":80,"Oddly Smooth Stone":141,"conspire:Boomerang":133,"Replay:Kaleidoscope":127,"aspiration:SeaSaltIceCream":131,"aspiration:FrozenJewel":19,"WarpedTongs":87,"SlaversCollar":80,"Bottled Flame":159,"aspiration:SilentSkillbook":154,"aspiration:HatOfInfinitePower":62,"StrikeDummy":190,"ReplayFunnel":104,"aspiration:Lifesprig":49,"Juzu Bracelet":197,"Cursed Key":80,"Dream Catcher":37,"Chameleon Ring":70,"aspiration:DefectSkillbook":80,"Tiny Chest":127,"Replay:Bottled Eggs":119,"Cracked Core":0,"hubris:GlazedTorus":97,"Ring of the Snake":184,"Potion Belt":42,"BargainBundle":127,"Golden Idol":133,"aspiration:HummingbirdHeart":13,"White Beast Statue":70,"Calling Bell":37,"Anchor":93,"Ring of Misfortune":70,"Bloody Idol":170,"Turnip":87,"Membership Card":131,"hubris:CrackedHourglass":80,"ReplayTheSpireMod:Lightbulb":42}],"Ring of the Snake":[10]},"card_choices":[{"not_picked":["Runesmith:HeatedChisel","Runesmith:Accelerate"],"picked":"Runesmith:BackupBattery","floor":1},{"not_picked":["Runesmith:EarthShield","Runesmith:Electrocute"],"picked":"Runesmith:HeatedChisel","floor":2},{"not_picked":["Runesmith:Reinforce","Runesmith:Firestorm"],"picked":"Runesmith:CreatorForm","floor":6},{"not_picked":["Runesmith:Overpower","Runesmith:StaticCage"],"picked":"Runesmith:FrozenChisel","floor":7}],"player_experience":415915,"relics_obtained":[{"floor":5,"key":"Happy Flower"},{"floor":6,"key":"Juzu Bracelet"},{"floor":7,"key":"Turnip"}],"event_choices":[{"damage_healed":0,"gold_gain":0,"player_choice":"Leave","damage_taken":0,"max_hp_gain":0,"max_hp_loss":0,"event_name":"conspire:Investor","floor":4,"gold_loss":0},{"damage_healed":0,"gold_gain":0,"player_choice":"Searched \u00271\u0027 times","damage_taken":0,"max_hp_gain":0,"max_hp_loss":0,"event_name":"Dead Adventurer","floor":7,"gold_loss":0}],"is_beta":false,"boss_relics":[],"items_purged_floors":[],"is_endless":false,"potions_floor_spawned":[2,6,7],"killed_by":"Lagavulin","ascension_level":2}}