{"host":"ru8pwgfzwiehflg6","time":1609446671,"event":{"mods":["BaseMod","Friendly Minions","Koishi","Marisa????????","Minty Spire (QoL Compilation)","Prisma Mod","Reimu??????","StSLib","The Administrix","The Servant 0.9.4","Yohane!","Yuri Mod"],"gold_per_floor":[115,115,115,139,64,64,83,83,162,162,175,193,207,81,81,200,200,224,242,242,341,356,356,387,387,387,387,387,411,430,29,29,29,29],"floor_reached":33,"playtime":1076,"items_purged":["Strike_Lin:ReiMu","Strike_Lin:ReiMu"],"score":398,"play_id":"e909c1c4-b624-4faa-8986-9939c2bf342e","local_time":"20201231143111","is_ascension_mode":true,"campfire_choices":[{"data":"OrbThrow:ReiMu","floor":6,"key":"SMITH"},{"data":"Conquer:ReiMu","floor":8,"key":"SMITH"},{"data":"NB:ReiMu","floor":10,"key":"SMITH"},{"data":"OrbThrow:ReiMu","floor":15,"key":"SMITH"},{"floor":23,"key":"REST"},{"floor":28,"key":"REST"},{"data":"YinYang:ReiMu","floor":32,"key":"SMITH"}],"circlet_count":0,"master_deck":["AscendersBane","Strike_Lin:ReiMu","Defend_Lin:ReiMu","Defend_Lin:ReiMu","Defend_Lin:ReiMu","Defend_Lin:ReiMu","NB:ReiMu+1","Stagnation:ReiMu","Conquer:ReiMu+1","OrbThrow:ReiMu+1","AlertArray:ReiMu","AlertArray:ReiMu","OrbThrow:ReiMu+1","WonderfulDomain:ReiMu+1","AirManeuver:ReiMu","YinYang:ReiMu+1"],"relics":["FlyPower:ReiMu","Golden Idol","Mummified Hand","Eternal Feather","DonationBox:ReiMu","MutagenicStrength","Sundial","Bag of Preparation","Mastiff:ReiMu","Shuriken"],"acts_visited":["Exordium","TheCity"],"potions_floor_usage":[24,24,33],"damage_taken":[{"damage":3,"enemies":"Jaw Worm","floor":1,"turns":5},{"damage":0,"enemies":"Small Slimes","floor":4,"turns":3},{"damage":0,"enemies":"Cultist","floor":7,"turns":3},{"damage":3,"enemies":"Gremlin Gang","floor":11,"turns":2},{"damage":0,"enemies":"3 Louse","floor":12,"turns":1},{"damage":10,"enemies":"Large Slime","floor":13,"turns":6},{"damage":41,"enemies":"Slime Boss","floor":16,"turns":10},{"damage":0,"enemies":"Chosen","floor":18,"turns":4},{"damage":15,"enemies":"2 Thieves","floor":19,"turns":4},{"damage":16,"enemies":"Snecko","floor":22,"turns":5},{"damage":22,"enemies":"Slavers","floor":24,"turns":4},{"damage":17,"enemies":"Chosen and Byrds","floor":29,"turns":8},{"damage":0,"enemies":"Cultist and Chosen","floor":30,"turns":7},{"damage":46,"enemies":"Automaton","floor":33,"turns":6}],"seed_played":"-4591568711491267004","potions_obtained":[{"floor":4,"key":"Weak Potion"},{"floor":7,"key":"SteroidPotion"},{"floor":13,"key":"LiquidFlight:ReiMu"},{"floor":19,"key":"PowerPotion"},{"floor":29,"key":"Energy Potion"}],"is_trial":false,"path_per_floor":["M","?","?","M","$","R","M","R","T","R","M","M","M","$","R","B",null,"M","M","?","?","M","R","E","?","T","T","R","M","M","$","R","B"],"character_chosen":"REIMU","items_purchased":["OrbThrow:ReiMu","YinYang:ReiMu","Shuriken"],"campfire_rested":2,"item_purchase_floors":[14,31,31],"current_hp_per_floor":[56,56,56,56,56,56,56,56,56,60,57,57,47,47,53,12,48,48,33,33,33,17,44,22,22,22,22,49,32,32,32,41,0,0],"gold":29,"neow_bonus":"THREE_CARDS","is_daily":false,"chose_seed":false,"campfire_upgraded":5,"win_rate":0.0,"timestamp":1609446671,"path_taken":["M","?","?","?","$","R","M","R","T","R","M","M","M","$","R","BOSS","M","?","?","?","M","R","E","?","T","?","R","M","M","$","R","BOSS"],"items_purchased_type":["Card","Card","Relic"],"build_version":"2020-12-22","purchased_purges":2,"victory":false,"max_hp_per_floor":[65,60,60,60,60,60,60,60,60,60,60,60,60,60,60,60,60,60,60,60,60,60,60,60,60,60,60,60,60,60,60,60,60,60],"card_choices":[{"not_picked":["CareerPray:ReiMu","SubAcupoint:ReiMu"],"picked":"Conquer:ReiMu","floor":0},{"not_picked":["MountainWay:ReiMu","NineCharacters:ReiMu"],"picked":"RainPray2:ReiMu","floor":1},{"not_picked":["KamiSacrifice:ReiMu","YinYangSange:ReiMu"],"picked":"OrbThrow:ReiMu","floor":4},{"not_picked":["FineLineFantasy:ReiMu","TakeOff:ReiMu","PhosphorusFlame:ReiMu"],"picked":"SKIP","floor":7},{"not_picked":["OrbThrow:ReiMu","Enchanting:ReiMu"],"picked":"AlertArray:ReiMu","floor":11},{"not_picked":["Conquer:ReiMu","Crusade:ReiMu","AirStrike:ReiMu"],"picked":"SKIP","floor":12},{"not_picked":["FantasyBorder:ReiMu","Shading:ReiMu"],"picked":"AlertArray:ReiMu","floor":13},{"not_picked":["RainPray2:ReiMu","NineCharacters:ReiMu"],"picked":"WonderfulDomain:ReiMu+1","floor":18},{"not_picked":["SpiritualOutbreak2:ReiMu","Crusade:ReiMu","SubcavityInstant:ReiMu"],"picked":"SKIP","floor":19},{"not_picked":["KamiSacrifice:ReiMu+1","RainPray2:ReiMu"],"picked":"AirManeuver:ReiMu","floor":22},{"not_picked":["SafetyPray:ReiMu+1","CareerPray:ReiMu","Enchanting:ReiMu"],"picked":"SKIP","floor":24},{"not_picked":["TakeOff:ReiMu+1","BarrageOfMoneybags:ReiMu","TightArray:ReiMu"],"picked":"SKIP","floor":29},{"not_picked":["EmergencyTakeOff:ReiMu","SpiritualOutbreak2:ReiMu+1","SpringWay:ReiMu+1"],"picked":"SKIP","floor":30}],"player_experience":574693,"relics_obtained":[{"floor":9,"key":"Eternal Feather"},{"floor":24,"key":"Sundial"},{"floor":26,"key":"Bag of Preparation"},{"floor":27,"key":"Mastiff:ReiMu"}],"event_choices":[{"damage_healed":0,"gold_gain":0,"player_choice":"Lose Max HP","damage_taken":0,"relics_obtained":["Golden Idol"],"max_hp_gain":0,"max_hp_loss":5,"event_name":"Golden Idol","floor":2,"gold_loss":0},{"cards_removed":["RainPray2:ReiMu"],"damage_healed":0,"gold_gain":0,"player_choice":"Gave Card","damage_taken":0,"relics_obtained":["Mummified Hand"],"max_hp_gain":0,"max_hp_loss":0,"event_name":"WeMeetAgain","floor":3,"gold_loss":0},{"damage_healed":0,"gold_gain":0,"player_choice":"Inject Mutagens","damage_taken":0,"relics_obtained":["MutagenicStrength"],"max_hp_gain":0,"max_hp_loss":0,"event_name":"Drug Dealer","floor":20,"gold_loss":0},{"damage_healed":0,"gold_gain":99,"player_choice":"Stole From Cult","damage_taken":0,"max_hp_gain":0,"max_hp_loss":0,"event_name":"Nest","floor":21,"gold_loss":0},{"cards_removed":["Strike_Lin:ReiMu"],"damage_healed":0,"gold_gain":0,"player_choice":"Elegance","damage_taken":0,"max_hp_gain":0,"max_hp_loss":0,"event_name":"Back to Basics","floor":25,"gold_loss":0}],"is_beta":false,"boss_relics":[{"not_picked":["Fusion Hammer","SacredBark"],"picked":"DonationBox:ReiMu"}],"items_purged_floors":[5,14],"is_endless":false,"potions_floor_spawned":[4,7,13,18,19,29],"killed_by":"Automaton","ascension_level":11}}