{"host":"b0hh64pqctf46s8m","time":1609415680,"event":{"mods":["Act Like it!","Aspiration","BaseMod","Bestiary","Better Third Choice","CCEM","CapriCore","ChefMod","Conspire","Curses Come First","Displayed Cursed Tome","Dota2Spire","Downfall","Ekko","Elementarium","Fireblade Mod","Halation","Hallownest","Hermit","Hubris","Infinite Spire","Jess\u0027s Bottle","JesterMod","Jorbs\u0027s Wanderer Trilogy","Koishi","Kratos Character Expansion","Lobotomy","Luminous","Mari Mod (Legacy)","Mari\u0027s V1 Patch","Menagerie","Mimic Mod","Minty Spire (QoL Compilation)","Pale of the Ancients","Permanent Neow","Pikachu Mod","QueenMod","Random Character Button","Relic Sorter","Relic Stats","Replay The Spire","Robot Space Explorer","Shade Mod","StSLib","The Blue Laboratory","The Caster","The Dragon Tamer","The Hayseed","The Immortal","The Marked","TheLocksmith","TheSwordswoman","TheVacant","TheWitcher","Treasure Hunter","UnlockEverythingMod","Wandering Minibosses","vexMod","??????REMEMod"],"gold_per_floor":[115,132,132,152,26,56,56,56,134,169,183,199,199,209,209,313,313,332,345,345,402,402,402,402,413,413,449,449,463,463,499,499,500,500],"floor_reached":33,"playtime":1628,"items_purged":["Decay","caster:strike"],"score":279,"play_id":"d0b49807-774a-4d6a-b7ac-48aa9a36f8ac","local_time":"20201231035440","is_ascension_mode":false,"campfire_choices":[{"data":"caster:Sleet","floor":7,"key":"SMITH"},{"floor":13,"key":"REST"},{"data":"caster:Explosion","floor":28,"key":"SMITH"},{"data":"caster:JupitelThunder","floor":30,"key":"SMITH"},{"floor":32,"key":"REST"}],"circlet_count":0,"master_deck":["caster:Meteor+1","caster:DivertFocus","caster:strike","caster:strike","caster:strike","caster:defend","caster:defend","caster:defend","caster:defend","caster:defend","caster:FlashSpeed","caster:MagicResonance","caster:Sleet+1","caster:Slick+1","caster:LAZER+1","caster:Grimoire","caster:JupitelThunder+1","caster:Explosion+1","caster:GlacialShield+1","caster:GaiasBlessing+1","caster:FrostDriver","hubris:DuctTapeCard","caster:Demi"],"relics":["caster:MagicBook","Dota2Spire:MantaStyle","REME_ComplimentaryCards","CCEMRelics:PorcelainBowl","REME_HourglassOfDeath","infinitespire:BottledMercury","vexMod:CursedCompass","Vajra","CCEMRelics:SpiritsEdge","hubris:DuctTape","hubris:TenFootPole"],"acts_visited":["Exordium","Hallownest:CityofTears"],"potions_floor_usage":[12,19,31],"damage_taken":[{"damage":1,"enemies":"Jaw Worm","floor":1,"turns":4},{"damage":0,"enemies":"Cultist","floor":2,"turns":4},{"damage":5,"enemies":"Small Slimes","floor":4,"turns":3},{"damage":26,"enemies":"Gremlin Nob","floor":6,"turns":4},{"damage":10,"enemies":"Lagavulin","floor":10,"turns":6},{"damage":13,"enemies":"conspire:2 RoseBushes","floor":11,"turns":5},{"damage":11,"enemies":"Exordium Wildlife","floor":12,"turns":4},{"damage":5,"enemies":"Large Slime","floor":14,"turns":6},{"damage":17,"enemies":"Hexaghost","floor":16,"turns":9},{"damage":10,"enemies":"Hallownest:2_Mistakes","floor":18,"turns":6},{"damage":0,"enemies":"Hallownest:Guard_and_Sentry","floor":19,"turns":5},{"damage":5,"enemies":"Hallownest:Glutton_and_Coward","floor":21,"turns":5},{"damage":10,"enemies":"Hallownest:monsterShrumalOgre","floor":22,"turns":5},{"damage":0,"enemies":"Hallownest:Warrior_and_Youth","floor":25,"turns":4},{"damage":0,"enemies":"Hallownest:Master_and_Novice","floor":27,"turns":3},{"damage":26,"enemies":"Hallownest:Master_and_Novice","floor":29,"turns":4},{"damage":24,"enemies":"Nightmare","floor":31,"turns":8},{"damage":0,"enemies":"Hallownest:BossMantisLord","floor":33,"turns":1}],"seed_played":"-860706466937940239","potions_obtained":[{"floor":1,"key":"Fruit Juice"},{"floor":11,"key":"Reflective Coating"},{"floor":12,"key":"blueLaboratory:HorrorPotion"},{"floor":14,"key":"Fire Potion"},{"floor":19,"key":"Dota2Spire:Clarity"}],"is_trial":false,"path_per_floor":["M","M","?","M","$","E","R","?","T","E","M","M","R","M","R","B",null,"M","M","AVR","M","M","?","?","M","T","MIM","R","M","R","NM","R","B"],"character_chosen":"THE_CASTER","items_purchased":["caster:Sleet"],"campfire_rested":2,"item_purchase_floors":[5],"current_hp_per_floor":[63,63,63,58,58,32,32,32,32,22,9,3,23,18,38,21,69,59,59,59,54,52,52,52,54,54,54,54,28,28,12,32,32,32],"gold":500,"neow_bonus":"UPGRADE_CARD","is_daily":false,"chose_seed":false,"campfire_upgraded":3,"win_rate":0.0,"timestamp":1609415680,"path_taken":["M","M","?","M","$","E","R","?","T","E","M","?","R","M","R","BOSS","M","M","AVR","M","M","?","?","M","T","?","R","M","R","NM","R","BOSS"],"items_purchased_type":["Card"],"build_version":"2020-12-22","purchased_purges":2,"victory":false,"max_hp_per_floor":[64,64,64,64,64,64,64,64,64,64,64,69,69,69,69,69,69,69,69,69,69,69,69,69,69,69,69,69,69,69,69,69,69,69],"relic_stats":{"counters":[18,86],"obtain_stats":[{"infinitespire:BottledMercury":10,"CCEMRelics:PorcelainBowl":6,"Dota2Spire:MantaStyle":20,"REME_HourglassOfDeath":9,"hubris:DuctTape":27,"Vajra":24,"vexMod:CursedCompass":17,"hubris:TenFootPole":31,"halation:StarCompass":23,"caster:MagicBook":0,"REME_ComplimentaryCards":0,"CCEMRelics:SpiritsEdge":26},{"infinitespire:BottledMercury":5,"CCEMRelics:PorcelainBowl":4,"Dota2Spire:MantaStyle":11,"REME_HourglassOfDeath":4,"hubris:DuctTape":15,"Vajra":13,"vexMod:CursedCompass":9,"hubris:TenFootPole":17,"halation:StarCompass":13,"caster:MagicBook":0,"REME_ComplimentaryCards":0,"CCEMRelics:SpiritsEdge":14},{"infinitespire:BottledMercury":21,"CCEMRelics:PorcelainBowl":15,"Dota2Spire:MantaStyle":56,"REME_HourglassOfDeath":15,"hubris:DuctTape":73,"Vajra":66,"vexMod:CursedCompass":45,"hubris:TenFootPole":85,"halation:StarCompass":66,"caster:MagicBook":0,"REME_ComplimentaryCards":0,"CCEMRelics:SpiritsEdge":70}]},"card_choices":[{"not_picked":["caster:WallOfAsh","caster:FireWall","caster:MagicResonance"],"picked":"SKIP","floor":1},{"not_picked":["caster:QuickCast","caster:BurnItDown"],"picked":"caster:FlashSpeed","floor":2},{"not_picked":["caster:Illusion","caster:MeteorStorm"],"picked":"caster:MagicResonance","floor":4},{"not_picked":["TH:BikiniMail","TH:TreasureMap"],"picked":"SKIP","floor":6},{"not_picked":["caster:Ramuh","caster:WallOfSwords","caster:FireWall"],"picked":"SKIP","floor":6},{"not_picked":["TH:PixieDust","TH:TreasureMap"],"picked":"SKIP","floor":9},{"not_picked":["caster:SunGoddessAmaterasu","caster:Grimoire"],"picked":"caster:LAZER","floor":10},{"not_picked":["TH:TreasureMap","TH:EnergyPotion"],"picked":"SKIP","floor":10},{"not_picked":["caster:FlashSpeed","caster:Enfeeble"],"picked":"caster:Grimoire","floor":11},{"not_picked":["caster:Sleet","caster:LAZER"],"picked":"caster:LightningBolt","floor":12},{"not_picked":["caster:LAZER","caster:Sleet"],"picked":"caster:JupitelThunder","floor":14},{"not_picked":["caster:Demi","caster:StormGust"],"picked":"caster:Explosion","floor":16},{"not_picked":["caster:Sandstorm","caster:MagicBarrier","caster:Incantation"],"picked":"SKIP","floor":18},{"not_picked":["caster:IcicleLance","caster:Embers"],"picked":"caster:GlacialShield+1","floor":19},{"not_picked":["caster:MagicWeapon","caster:Enfeeble"],"picked":"caster:GaiasBlessing+1","floor":21},{"not_picked":["caster:LightningBolt","caster:Fireball"],"picked":"caster:FrostDriver","floor":22},{"not_picked":["caster:LAZER","caster:Incinerate","caster:DiamondDust"],"picked":"SKIP","floor":25},{"not_picked":["TH:BikiniMail"],"picked":"TH:CopperCoins","floor":26},{"not_picked":["caster:AbsoluteZero","caster:MagicBarrier","caster:ShortenedChant"],"picked":"SKIP","floor":29},{"not_picked":["caster:StaticField","caster:Ramuh"],"picked":"caster:Demi","floor":31},{"not_picked":["TH:BikiniMail","TH:EnergyPotion"],"picked":"SKIP","floor":31}],"player_experience":1470070,"relics_obtained":[{"floor":6,"key":"CCEMRelics:PorcelainBowl"},{"floor":9,"key":"REME_HourglassOfDeath"},{"floor":10,"key":"infinitespire:BottledMercury"},{"floor":26,"key":"CCEMRelics:SpiritsEdge"},{"floor":27,"key":"hubris:DuctTape"},{"floor":31,"key":"hubris:TenFootPole"}],"event_choices":[{"damage_healed":0,"gold_gain":0,"player_choice":"Cursed","damage_taken":0,"max_hp_gain":0,"max_hp_loss":0,"event_name":"Wheel of Change","floor":3,"gold_loss":0,"cards_obtained":["Decay"]}],"is_beta":false,"boss_relics":[{"not_picked":["hubris:GrandSneckoEye","Black Star"],"picked":"vexMod:CursedCompass"}],"items_purged_floors":[5,20],"is_endless":false,"potions_floor_spawned":[1,11,12,14,18,19,21],"killed_by":"Hallownest:BossMantisLord","ascension_level":0}}