{"host":"ixqzyafodex1tsi5","time":1609389445,"event":{"mods":["AchievementEnabler","Act Like it!","BaseMod","Gensokyo","GifTheSpireLib","Hallownest","Koishi","Lobotomy","LobotomyExtend","Minty Spire (QoL Compilation)","Relic Stats","Replay The Spire","RumiaBox-Â¶Ã×æ«µÄÉñÃØºÐ×Ó","SIMod","Spicy Shops","StSLib","[IsaacMod]ÒÔÈö¼âËþ","¡¾¹¦ÄÜMod¡¿»ìãçÖ®»·ÐÞ¸´²¹¶¡","¡¾ÒÅÎï¿¨ÅÆ¡¿REMEMod"],"gold_per_floor":[111,111,131,144,159,159,193,193,193,43,43,72,89,104,104,203,203,218,218,228,246,246,280,291,291,346,346,346,346,346],"floor_reached":29,"playtime":2733,"items_purged":["Koishi:BasicDefend","Overencumbered"],"score":330,"play_id":"ad34fa19-f96e-470f-a6a8-705da6a549ab","local_time":"20201231123725","is_ascension_mode":false,"campfire_choices":[{"data":"Koishi:SilentAndRestless","floor":6.0,"key":"SMITH"},{"data":"Koishi:GrowingPain","floor":11,"key":"SMITH"},{"data":"Koishi:HauntingSlash","floor":15,"key":"SMITH"},{"data":"Koishi:SilentAndRestless","floor":25,"key":"SMITH"}],"circlet_count":0,"master_deck":["Koishi:Provoke","Koishi:HauntingSlash+1","Koishi:SilentAndRestless+1","Koishi:JumpScare","Koishi:GeneticsOfTheUnconscious+1","MHz","Koishi:GeneticsOfTheUnconscious","Koishi:GrowingPain+1","BigBird","VoidDream","Koishi:DreadfulBlow","Koishi:SpiritedAway","Koishi:Bloodlust","Koishi:SilentAndRestless+1","Woodsman","Koishi:JumpScare+1","Koishi:RuptureMind","Koishi:EmbersOfLove","Koishi:TremblingHands+1","Koishi:PredatoryInstincts+1","PunishingBird"],"relics":["Koishi:ImaginaryFriend","REME_ComplimentaryCards","HushsDoor","CogitoBucket","BloodDonationMachine","LetterFromLob","Pyrelight","Ornamental Fan","Prayer Wheel","War Paint","MaYiHuaBei","Theresia","Kintsugi","BackwardClock","Boot","Koishi:BloodstainedWhiteRose","MutagenicStrength"],"acts_visited":["Exordium","TheCity"],"potions_floor_usage":[21,29],"damage_taken":[{"damage":1.0,"enemies":"Cultist","floor":1.0,"turns":3.0},{"damage":0.0,"enemies":"2 Louse","floor":3.0,"turns":2.0},{"damage":6.0,"enemies":"Jaw Worm","floor":4.0,"turns":3.0},{"damage":19.0,"enemies":"3 Louse","floor":5.0,"turns":7.0},{"damage":9.0,"enemies":"Lagavulin","floor":7.0,"turns":6.0},{"damage":5,"enemies":"3 Sentries","floor":12,"turns":11},{"damage":9,"enemies":"Red Slaver","floor":13,"turns":5},{"damage":3,"enemies":"Large Slime","floor":14,"turns":7},{"damage":0,"enemies":"Hexaghost","floor":16,"turns":2},{"damage":18,"enemies":"2 Thieves","floor":18,"turns":3},{"damage":10,"enemies":"Chosen","floor":20,"turns":2},{"damage":3,"enemies":"Snake Plant","floor":21,"turns":4},{"damage":0,"enemies":"REME_1_Revenger","floor":23,"turns":2},{"damage":0,"enemies":"Shelled Parasite and Fungi","floor":24,"turns":4},{"damage":5,"enemies":"Centurion and Healer","floor":29,"turns":1}],"seed_played":"3327499495853293496","potions_obtained":[{"floor":3.0,"key":"LifebloodPotion"},{"floor":12,"key":"LiquidBronze"},{"floor":13,"key":"AttackPotion"},{"floor":21,"key":"AttackPotion"},{"floor":24,"key":"Toxic Potion"}],"is_trial":false,"path_per_floor":["M","?","M","M","M","R","E","?","T","$","R","E","M","M","R","B",null,"M","?","M","M","?","E","M","R","T","M","?","M"],"character_chosen":"KOISHI","items_purchased":["War Paint","Koishi:SilentAndRestless"],"campfire_rested":0,"item_purchase_floors":[10,17],"current_hp_per_floor":[60,60,60,57,41,41,35,51,51,51,51,48,43,41,41,43,51,40,40,46,51,36,51,51,51,51,1,1,0,0],"gold":346,"neow_bonus":"","is_daily":false,"chose_seed":false,"campfire_upgraded":4,"win_rate":0.0,"timestamp":1609389445,"path_taken":["M","?","M","M","M","R","E","?","T","$","R","E","M","M","R","BOSS","M","?","M","M","?","E","M","R","T","M","?","M"],"items_purchased_type":["Relic","Card"],"build_version":"2020-12-22","purchased_purges":2,"victory":false,"max_hp_per_floor":[60,60,60,60,60,60,60,60,60,60,60,60,60,60,60,60,51,51,51,51,51,51,51,51,51,51,21,21,21,21],"relic_stats":{"counters":[17,64],"Ornamental Fan":[52],"Prayer Wheel":6,"War Paint":["Koishi:BasicDefend","Koishi:GeneticsOfTheUnconscious"],"Boot":[5],"obtain_stats":[{"KeepersGift":0,"MaYiHuaBei":12,"BackwardClock":21,"Pyrelight":2,"War Paint":10,"Boot":22,"CogitoBucket":0,"Ornamental Fan":7,"MutagenicStrength":28,"Prayer Wheel":9,"LetterFromLob":1,"Kintsugi":17,"HushsDoor":0,"Theresia":13,"Koishi:BloodstainedWhiteRose":23,"Koishi:ImaginaryFriend":0,"REME_ComplimentaryCards":0,"BloodDonationMachine":0},{"KeepersGift":0,"MaYiHuaBei":6,"BackwardClock":14,"Pyrelight":1,"War Paint":5,"Boot":14,"CogitoBucket":0,"Ornamental Fan":5,"MutagenicStrength":16,"Prayer Wheel":5,"LetterFromLob":1,"Kintsugi":10,"HushsDoor":0,"Theresia":8,"Koishi:BloodstainedWhiteRose":15,"Koishi:ImaginaryFriend":0,"REME_ComplimentaryCards":0,"BloodDonationMachine":0},{"KeepersGift":0,"MaYiHuaBei":32,"BackwardClock":57,"Pyrelight":3,"War Paint":21,"Boot":57,"CogitoBucket":0,"Ornamental Fan":21,"MutagenicStrength":63,"Prayer Wheel":21,"LetterFromLob":3,"Kintsugi":47,"HushsDoor":0,"Theresia":38,"Koishi:BloodstainedWhiteRose":59,"Koishi:ImaginaryFriend":0,"REME_ComplimentaryCards":0,"BloodDonationMachine":0}]},"card_choices":[{"not_picked":[],"picked":"DoctorFetus","floor":0.0},{"not_picked":["Koishi:ParalyzingFear","Koishi:EmbryosDream"],"picked":"Koishi:JumpScare","floor":1.0},{"not_picked":["NakedNest","CherryBlossoms","Murderer"],"picked":"Singing Bowl","floor":1.0},{"not_picked":["SpiderBud","UniverseFragment","Murderer"],"picked":"Singing Bowl","floor":3.0},{"not_picked":["Koishi:HeartfeltFancy","Koishi:CatchAndRose"],"picked":"Koishi:GeneticsOfTheUnconscious","floor":3.0},{"not_picked":["OldLady","Alriune","Funeral"],"picked":"Singing Bowl","floor":4.0},{"not_picked":["Porccubus","GalaxyChild"],"picked":"MHz","floor":4.0},{"not_picked":["Koishi:VengefulSpirit","Koishi:HeartfeltFancy"],"picked":"Koishi:GeneticsOfTheUnconscious","floor":4.0},{"not_picked":["ShyLook","HappyTeddy","Bloodbath"],"picked":"Singing Bowl","floor":5.0},{"not_picked":["Koishi:CatchAndRose","Koishi:UnconsciousUprising","Koishi:FidgetySnatcher"],"picked":"SKIP","floor":5.0},{"not_picked":["WhitesApple","ShyLook","OldLady"],"picked":"Singing Bowl","floor":7.0},{"not_picked":["Koishi:PhantomStrike","Koishi:FleetingPhantom"],"picked":"Koishi:GrowingPain","floor":7.0},{"not_picked":["PunishingBird","WhitesApple","Murderer"],"picked":"Singing Bowl","floor":12},{"not_picked":["BeautyBeast","ShyLook"],"picked":"BigBird","floor":12},{"not_picked":["Koishi:RorschachInDanmaku","Koishi:Jaunt","Koishi:CatchAndRose"],"picked":"SKIP","floor":12},{"not_picked":["BeautyBeast","UniverseFragment"],"picked":"VoidDream","floor":13},{"not_picked":["Koishi:BloodcurdlingScream","Koishi:RorschachInDanmaku"],"picked":"Koishi:DreadfulBlow","floor":13},{"not_picked":["Koishi:UnconsciousUprising","Koishi:HeartStoppingHorror"],"picked":"Koishi:SpiritedAway","floor":13},{"not_picked":["Murderer","WallGazer","Yin"],"picked":"Singing Bowl","floor":14},{"not_picked":["Koishi:HeartfeltFancy","Koishi:YoukaiPolygraph"],"picked":"Koishi:Bloodlust","floor":14},{"not_picked":["Koishi:FourthEye","Koishi:CatchAndRose","Koishi:DanmakuParanoia"],"picked":"SKIP","floor":14},{"not_picked":["FieryBird","UniverseFragment","Wellcheers"],"picked":"Singing Bowl","floor":16},{"not_picked":["FairyFestival","CherryBlossoms"],"picked":"Woodsman","floor":18},{"not_picked":["Koishi:CatchAndRose+1","Koishi:DreadfulBlow"],"picked":"Koishi:JumpScare+1","floor":18},{"not_picked":["Koishi:LastRemote","Koishi:Bloodlust"],"picked":"Koishi:RuptureMind","floor":18},{"not_picked":["LittleHelper","Freischutz","Scarecrow"],"picked":"Singing Bowl","floor":20},{"not_picked":["Koishi:StrangeCloudFist+1","Koishi:PhantomStrike"],"picked":"Koishi:EmbersOfLove","floor":20},{"not_picked":["Koishi:LastRemote","Koishi:Jaunt","Koishi:DreadfulBlow"],"picked":"SKIP","floor":20},{"not_picked":["FairyFestival","Mercenary","CherryBlossoms"],"picked":"Singing Bowl","floor":21},{"not_picked":["Koishi:SubterraneanRose","Koishi:ReleaseOfTheId"],"picked":"Koishi:TremblingHands+1","floor":21},{"not_picked":["Koishi:SpiritedAway","Koishi:ReleaseOfTheId+1"],"picked":"Koishi:PredatoryInstincts+1","floor":21},{"not_picked":["GreedKing","Rudolta"],"picked":"PunishingBird","floor":23},{"not_picked":["Koishi:Possession","Koishi:HeartAttack+1","Koishi:TraumaticStroke"],"picked":"SKIP","floor":23},{"not_picked":["SnowQueen","OldLady","Mercenary"],"picked":"Singing Bowl","floor":24},{"not_picked":["Koishi:LastRemote+1","Koishi:CatchAndRose+1","Koishi:FreudianInstinct"],"picked":"SKIP","floor":24},{"not_picked":["Koishi:UnansweredLove","Koishi:CatchAndRose","Koishi:SubterraneanRose+1"],"picked":"SKIP","floor":24}],"player_experience":159570,"relics_obtained":[{"floor":1.0,"key":"LetterFromLob"},{"floor":7.0,"key":"Ornamental Fan"},{"floor":9,"key":"Prayer Wheel"},{"floor":12,"key":"MaYiHuaBei"},{"floor":23,"key":"Koishi:BloodstainedWhiteRose"}],"event_choices":[{"cards_removed":["Injury"],"damage_healed":0,"gold_gain":0,"player_choice":"Elegance","damage_taken":0,"max_hp_gain":0,"max_hp_loss":0,"event_name":"Back to Basics","floor":19,"gold_loss":0},{"damage_healed":0,"gold_gain":0,"player_choice":"Inject Mutagens","damage_taken":0,"relics_obtained":["MutagenicStrength"],"max_hp_gain":0,"max_hp_loss":0,"event_name":"Drug Dealer","floor":28,"gold_loss":0}],"is_beta":false,"boss_relics":[{"not_picked":["Honey Jar","Calling Bell"],"picked":"Kintsugi"},{"not_picked":[]}],"items_purged_floors":[10,17],"is_endless":false,"potions_floor_spawned":[3,12,13,14,16,21,24],"killed_by":"Centurion and Healer","ascension_level":0}}