{"host":"2461dio7vetlq1z3","time":1609407173,"event":{"mods":["2.2 Compatiblity","AchievementEnabler","Aspiration","BaseMod","Better Third Choice","Friendly Minions","Hermit","Minty Spire (QoL Compilation)","Relic Stats","Spicy Shops","StSLib","The Construct","Waifu the Spire"],"gold_per_floor":[111,122,140,140,140,140,65,65,91,101,126,153,172,191,191,288,288,308,58,58,69,80,114,126,126,126,126,126,1,31,41,41,138,138,138],"floor_reached":34,"playtime":1489,"items_purged":["Injury","construct:Strike_Gold","construct:Strike_Gold+1"],"score":467,"play_id":"1eaee75f-f10c-4f01-bf06-5d744e633a90","local_time":"20201231103253","is_ascension_mode":false,"campfire_choices":[{"data":"construct:AttackMode","floor":6.0,"key":"SMITH"},{"data":"construct:FierceBash","floor":8,"key":"SMITH"},{"data":"construct:DefenseMode","floor":15,"key":"SMITH"},{"data":"construct:Isolate","floor":25,"key":"SMITH"},{"data":"construct:Reinforce","floor":27,"key":"SMITH"},{"data":"construct:Reserves","floor":32,"key":"SMITH"}],"circlet_count":0,"master_deck":["construct:Strike_Gold+1","construct:Strike_Gold+1","construct:Strike_Gold+1","construct:Defend_Gold+1","construct:Defend_Gold+1","construct:Defend_Gold+1","construct:Defend_Gold+1","construct:Defend_Gold+1","construct:AttackMode+1","construct:DefenseMode+1","construct:ClusterMines","construct:FierceBash+1","construct:Hazardproof","construct:Hazardproof","construct:Chainstrike+1","construct:Electrocute+1","construct:Isolate+1","construct:HyperBeam+1","construct:Reinforce+1","construct:ClusterMines+1","construct:QuickAttack+1","construct:Reinforce+1","construct:Accumulate+1","construct:Reserves+1","construct:HammerDown+1"],"relics":["construct:Cogwheel","aspiration:Lifesprig","Molten Egg 2","Bag of Marbles","Oddly Smooth Stone","Strawberry","Coffee Dripper","PreservedInsect","Lantern","Bottled Flame","MealTicket"],"acts_visited":["Exordium","TheCity"],"potions_floor_usage":[21,21,33],"damage_taken":[{"damage":3.0,"enemies":"Jaw Worm","floor":1.0,"turns":4.0},{"damage":0.0,"enemies":"Small Slimes","floor":2.0,"turns":3.0},{"damage":0.0,"enemies":"2 Louse","floor":3.0,"turns":3.0},{"damage":0,"enemies":"Gremlin Gang","floor":10,"turns":5},{"damage":5,"enemies":"Lagavulin","floor":12,"turns":8},{"damage":0,"enemies":"3 Louse","floor":13,"turns":2},{"damage":6,"enemies":"Red Slaver","floor":14,"turns":2},{"damage":0,"enemies":"Slime Boss","floor":16,"turns":5},{"damage":6,"enemies":"2 Thieves","floor":18,"turns":3},{"damage":4,"enemies":"3 Byrds","floor":21,"turns":5},{"damage":12,"enemies":"3 Cultists","floor":22,"turns":6},{"damage":1,"enemies":"Gremlin Leader","floor":23,"turns":2},{"damage":3,"enemies":"Sentry and Sphere","floor":24,"turns":3},{"damage":12,"enemies":"Book of Stabbing","floor":30,"turns":3},{"damage":0,"enemies":"Centurion and Healer","floor":31,"turns":4},{"damage":2,"enemies":"Collector","floor":33,"turns":6}],"seed_played":"-7618479466898369346","potions_obtained":[{"floor":3.0,"key":"Swift Potion"},{"floor":12,"key":"SkillPotion"},{"floor":13,"key":"SpeedPotion"},{"floor":16,"key":"Ancient Potion"},{"floor":23,"key":"Energy Potion"},{"floor":24,"key":"PowerPotion"},{"floor":30,"key":"CultistPotion"},{"floor":33,"key":"FearPotion"}],"is_trial":false,"path_per_floor":["M","M","M","?","?","R","$","R","T","M","T","E","M","M","R","B",null,"M","$","?","M","M","E","M","R","T","R","?","$","E","M","R","B",null],"character_chosen":"THE_CONSTRUCT_MOD","items_purchased":["PreservedInsect"],"campfire_rested":0,"item_purchase_floors":[19],"current_hp_per_floor":[82,82,82,65,65,65,65,65,65,65,65,67,67,61,61,61,92,86,86,78,74,62,61,58,58,58,58,58,58,46,46,46,44,44,44],"gold":138,"neow_bonus":"RANDOM_COMMON_RELIC","is_daily":false,"chose_seed":false,"campfire_upgraded":6,"win_rate":0.0,"timestamp":1609407173,"path_taken":["M","M","M","?","?","R","$","R","T","M","?","E","M","M","R","BOSS","M","$","?","M","M","E","M","R","T","R","?","$","E","M","R","BOSS"],"items_purchased_type":["Relic"],"build_version":"2020-12-22","purchased_purges":3,"victory":false,"max_hp_per_floor":[85,85,85,85,85,85,85,85,85,85,85,92,92,92,92,92,92,92,92,92,92,92,92,92,92,92,92,92,92,92,92,92,92,92,92],"relic_stats":{"counters":[16,64],"MealTicket":0,"PreservedInsect":88,"obtain_stats":[{"aspiration:Lifesprig":0,"Lantern":23,"Bottled Flame":26,"construct:Cogwheel":0,"Strawberry":12,"Oddly Smooth Stone":11,"Molten Egg 2":5,"MealTicket":30,"PreservedInsect":19,"Bag of Marbles":9,"Coffee Dripper":17},{"aspiration:Lifesprig":0,"Lantern":12,"Bottled Flame":13,"construct:Cogwheel":0,"Strawberry":5,"Oddly Smooth Stone":4,"Molten Egg 2":3,"MealTicket":14,"PreservedInsect":9,"Bag of Marbles":3,"Coffee Dripper":8},{"aspiration:Lifesprig":0,"Lantern":48,"Bottled Flame":51,"construct:Cogwheel":0,"Strawberry":23,"Oddly Smooth Stone":15,"Molten Egg 2":10,"MealTicket":54,"PreservedInsect":35,"Bag of Marbles":10,"Coffee Dripper":32}]},"card_choices":[{"not_picked":["construct:Failsafe","construct:HeavyBolt"],"picked":"construct:ClusterMines","floor":1.0},{"not_picked":["construct:Missile","construct:ShiftStrike"],"picked":"construct:FierceBash","floor":2.0},{"not_picked":["construct:VentSteam","construct:Backfire"],"picked":"construct:Hazardproof","floor":3.0},{"not_picked":["construct:VentSteam","construct:Backfire+1"],"picked":"construct:Hazardproof","floor":10},{"not_picked":["construct:GoldenBullet+1","construct:Electrocute+1"],"picked":"construct:Chainstrike+1","floor":12},{"not_picked":["construct:Accumulate+1","construct:Versatility+1"],"picked":"construct:Electrocute+1","floor":13},{"not_picked":["construct:Missile+1","construct:Anticipate"],"picked":"construct:Isolate","floor":14},{"not_picked":["construct:MassProduction","construct:Bunker"],"picked":"construct:HyperBeam+1","floor":16},{"not_picked":["construct:Versatility+1","construct:OneWayMirror"],"picked":"construct:Reinforce","floor":18},{"not_picked":["construct:SuppressiveFire+1","construct:Zapper"],"picked":"construct:ClusterMines+1","floor":20},{"not_picked":["construct:SaveState+1","construct:Autoturret"],"picked":"construct:QuickAttack+1","floor":21},{"not_picked":["construct:Versatility+1","construct:FierceBash+1"],"picked":"construct:Reinforce+1","floor":22},{"not_picked":["construct:Reinforce","construct:Overcharge","construct:ClusterMines+1"],"picked":"SKIP","floor":23},{"not_picked":["construct:PointDefense+1","construct:ScrapCannon+1","construct:Backfire+1"],"picked":"SKIP","floor":24},{"not_picked":["construct:QuickAttack+1","construct:GuardCore"],"picked":"construct:Accumulate+1","floor":30},{"not_picked":["construct:Anticipate","construct:VentSteam"],"picked":"construct:Reserves","floor":31},{"not_picked":["construct:Bunker","construct:ShieldBurst+1"],"picked":"construct:HammerDown+1","floor":33}],"player_experience":1025852,"relics_obtained":[{"floor":9,"key":"Bag of Marbles"},{"floor":11,"key":"Oddly Smooth Stone"},{"floor":12,"key":"Strawberry"},{"floor":23,"key":"Lantern"},{"floor":26,"key":"Bottled Flame"},{"floor":30,"key":"MealTicket"}],"event_choices":[{"damage_healed":82.0,"max_hp_gain":0.0,"max_hp_loss":85.0,"gold_gain":0.0,"event_name":"betterThird:BetterShining","player_choice":"Upgrade","floor":4.0,"gold_loss":0.0,"damage_taken":17.0,"cards_upgraded":["construct:Strike_Gold","construct:Defend_Gold"]},{"damage_healed":0,"gold_gain":0,"player_choice":"Simplicity","damage_taken":0,"max_hp_gain":0,"max_hp_loss":7,"event_name":"betterThird:BetterWriting","floor":28,"gold_loss":0}],"is_beta":false,"boss_relics":[{"not_picked":["Fusion Hammer","aspiration:SilentSkillbook"],"picked":"Coffee Dripper"}],"items_purged_floors":[7,19,29],"is_endless":false,"potions_floor_spawned":[3,12,13,16,23,24,30,33],"ascension_level":0}}