{"host":"j53uk6s7txl3h8l8","time":1609382344,"event":{"mods":["AchievementEnabler","BaseMod","BetterRewards","Colored Map","Colored Powertips","Downfall","Hermit","Hubris","Infinite Spire","Minty Spire (QoL Compilation)","Replay The Spire","StSLib","The Cursed"],"gold_per_floor":[119,119,132,132,147,147,173,0,0,19,19,67,96,118,175,270,270,283,293,38,49,49,49,74,164,164,164,164,164,194,207,207,207,207],"floor_reached":33,"playtime":3647,"items_purged":["Amnesia","hexamod:Haunted"],"score":291,"play_id":"ac66a014-3f19-4bf2-847e-1adff3590768","local_time":"20201230233904","is_ascension_mode":false,"campfire_choices":[{"data":"ReplayTheSpireMod:??????????????????????","floor":6,"key":"SMITH"},{"floor":11,"key":"REST"},{"data":"Clash","floor":23,"key":"SMITH"},{"floor":27,"key":"REST"},{"floor":29,"key":"REST"},{"floor":32,"key":"REST"}],"circlet_count":0,"master_deck":["Strike_R","Strike_R","Strike_R","Strike_R","Strike_R","Defend_R","Defend_R","Defend_R","Defend_R","Bash","Pommel Strike","Clash+1","ReplayTheSpireMod:??????????????????????+1","ReplayTheSpireMod:Stacked","Pommel Strike","ReplayTheSpireMod:Limb From Limb","Swift Strike","Flame Barrier","Pommel Strike","Double Tap","Seeing Red","Pummel","infinitespire:OneForAll","ReplayReversal","hubris:DuctTapeCard","Inflame+1","Pummel+1","Inflame"],"relics":["Burning Blood","hubris:BottledRain","Juzu Bracelet","Bag of Preparation","Pen Nib","Odd Mushroom","hubris:GrandSneckoEye","hubris:DuctTape","infinitespire:Golems Mask","hubris:Metronome","hubris:Icosahedron","Incense Burner"],"acts_visited":["Exordium","TheCity"],"potions_floor_usage":[10,10,13,16,16,33,33,33,33],"damage_taken":[{"damage":9,"enemies":"2 Louse","floor":1,"turns":3},{"damage":6,"enemies":"Jaw Worm","floor":3,"turns":3},{"damage":6,"enemies":"Cultist","floor":5,"turns":3},{"damage":8,"enemies":"Replay:BlueRogue","floor":7,"turns":5},{"damage":10,"enemies":"Exordium Thugs","floor":10,"turns":2},{"damage":22,"enemies":"Gremlin Nob","floor":13,"turns":4},{"damage":0,"enemies":"The Mushroom Lair","floor":14,"turns":3},{"damage":42,"enemies":"Hexaghost","floor":16,"turns":9},{"damage":0,"enemies":"Spheric Guardian","floor":18,"turns":1},{"damage":0,"enemies":"3 Byrds","floor":19,"turns":4},{"damage":8,"enemies":"Centurion and Healer","floor":21,"turns":4},{"damage":38,"enemies":"Nightmare","floor":24,"turns":7},{"damage":15,"enemies":"Replay:Snechameleon","floor":30,"turns":5},{"damage":20,"enemies":"Snecko","floor":31,"turns":4},{"damage":98,"enemies":"Automaton","floor":33,"turns":6}],"seed_played":"-449363351109011565","potions_obtained":[{"floor":4,"key":"LifebloodPotion"},{"floor":4,"key":"CultistPotion"},{"floor":4,"key":"Elixir"},{"floor":7,"key":"champ:CounterPotion"},{"floor":10,"key":"Weak Potion"},{"floor":13,"key":"Guardian:BlockOnCardUsePotion"},{"floor":16,"key":"ElixirPotion"},{"floor":24,"key":"ColorlessPotion"},{"floor":30,"key":"Strength Potion"},{"floor":31,"key":"EntropicBrew"}],"is_trial":false,"path_per_floor":["M","?","M","?","M","R","E","$","T","M","R","T","E","?","R_BF","B",null,"M","M","$","M","AVR","R","NM","?","T","R","?","R","E","M","R","B"],"character_chosen":"IRONCLAD","items_purchased":["Swift Strike","Pummel","infinitespire:OneForAll"],"campfire_rested":4,"item_purchase_floors":[8,20,20],"current_hp_per_floor":[77,77,77,77,77,77,75,75,75,71,80,80,64,70,70,34,80,80,80,80,78,78,78,48,36,36,60,60,80,80,66,80,0,0],"gold":207,"neow_bonus":"THREE_CARDS","is_daily":false,"chose_seed":false,"campfire_upgraded":2,"win_rate":0.0,"timestamp":1609382344,"path_taken":["M","?","M","?","?","R","E","$","T","M","R","?","E","?","R_BF","BOSS","M","M","$","M","AVR","R","NM","?","T","R","?","R","E","M","R","BOSS"],"items_purchased_type":["Card","Card","Card"],"build_version":"2020-12-22","purchased_purges":2,"victory":false,"max_hp_per_floor":[80,80,80,80,80,80,80,80,80,80,80,80,80,80,80,80,80,80,80,80,80,80,80,80,80,80,80,80,80,80,80,80,80,80],"card_choices":[{"not_picked":["Whirlwind","Dark Embrace"],"picked":"Pommel Strike","floor":0},{"not_picked":["Iron Wave","Dual Wield"],"picked":"Clash","floor":1},{"not_picked":["infinitespire:Oblivion","infinitespire:FinalStrike"],"picked":"ReplayTheSpireMod:??????????????????????","floor":2},{"not_picked":["Iron Wave","Twin Strike"],"picked":"ReplayTheSpireMod:Stacked","floor":3},{"not_picked":["Warcry","Massacre"],"picked":"Pommel Strike","floor":5},{"not_picked":["Thunderclap","ReplayTheSpireMod:Corrosion Curse"],"picked":"ReplayTheSpireMod:Limb From Limb","floor":7},{"not_picked":["Infernal Blade","Iron Wave"],"picked":"Flame Barrier","floor":10},{"not_picked":["Entrench","Flame Barrier"],"picked":"Pommel Strike","floor":13},{"not_picked":["Thunderclap","Cleave"],"picked":"Double Tap","floor":14},{"not_picked":["Impervious","Hemogenesis"],"picked":"Juggernaut","floor":16},{"not_picked":["ReplayTheSpireMod:Muscle Training+1","Shrug It Off"],"picked":"Reckless Charge","floor":18},{"not_picked":["Clothesline","Bloodletting"],"picked":"Seeing Red","floor":19},{"not_picked":["Fire Breathing","Clash"],"picked":"ReplayReversal","floor":21},{"not_picked":["Headbutt","Thunderclap"],"picked":"Inflame+1","floor":24},{"not_picked":["Warcry+1","Iron Wave"],"picked":"Pummel+1","floor":30},{"not_picked":["Armaments","Flex"],"picked":"Inflame","floor":31}],"player_experience":3142,"relics_obtained":[{"floor":7,"key":"hubris:BottledRain"},{"floor":9,"key":"Juzu Bracelet"},{"floor":12,"key":"Bag of Preparation"},{"floor":13,"key":"Pen Nib"},{"floor":14,"key":"Odd Mushroom"},{"floor":24,"key":"infinitespire:Golems Mask"},{"floor":26,"key":"hubris:Metronome"},{"floor":30,"key":"Incense Burner"}],"event_choices":[{"damage_healed":0,"gold_gain":0,"player_choice":"Got Potions","damage_taken":0,"max_hp_gain":0,"max_hp_loss":0,"event_name":"Lab","floor":4,"gold_loss":0},{"damage_healed":0,"gold_gain":0,"player_choice":"Fought Mushrooms","damage_taken":0,"max_hp_gain":0,"max_hp_loss":0,"event_name":"Mushrooms","floor":14,"gold_loss":0},{"damage_healed":0,"gold_gain":57,"player_choice":"Gained Gold","damage_taken":0,"max_hp_gain":0,"max_hp_loss":0,"event_name":"Golden Wing","floor":15,"gold_loss":0},{"damage_healed":0,"gold_gain":90,"player_choice":"GOLD ","damage_taken":12,"max_hp_gain":0,"max_hp_loss":0,"event_name":"Knowing Skull","floor":25,"potions_obtained":[],"gold_loss":0,"cards_obtained":[]}],"is_beta":false,"boss_relics":[{"not_picked":["Black Blood","Mark of Pain"],"picked":"hubris:GrandSneckoEye"}],"items_purged_floors":[8,20],"is_endless":true,"potions_floor_spawned":[7,10,13,16,24,30,31],"killed_by":"Automaton","ascension_level":0}}