{"host":"zig6x0mxqzam82fb","time":1609382556,"event":{"mods":["BaseMod","Block Reminder","Colored Map","Colored Powertips","Marisa????????","Minty Spire (QoL Compilation)","Relic Stats","StSLib","The Cursed","The Marked","Waifu the Spire"],"gold_per_floor":[117,136,5,15,35,61,61,61,86,100,50,50,75,94,94,195,195,212,222,235,14,113,146,165,492,492,492,50,50,70,87,87,186,186,206,306,326,338,358,392,402,88,113,113,113,127,0,14,14,14,14,14,14,44,44],"floor_reached":56,"playtime":5667,"items_purged":["Strike_MRS","Strike_MRS"],"score":1458,"play_id":"6320f508-d67a-4350-bb33-2065a743d4aa","local_time":"20201230214236","is_ascension_mode":false,"campfire_choices":[{"data":"FairyDestructionRay","floor":8,"key":"SMITH"},{"data":"CasketOfStar","floor":15,"key":"SMITH"},{"data":"MillisecondPulsars","floor":27,"key":"SMITH"},{"data":"MagicChant","floor":32,"key":"SMITH"},{"floor":45,"key":"RECALL"},{"data":"DragonMeteor","floor":49,"key":"SMITH"},{"data":"CasketOfStar","floor":52,"key":"SMITH"}],"circlet_count":0,"master_deck":["Strike_MRS","Strike_MRS","Defend_MRS","Defend_MRS","Defend_MRS","Defend_MRS","MasterSpark","6A","MagicAbsorber","GasGiant","WitchLeyline","FairyDestructionRay+1","Acceleration","Parasite","Parasite","CasketOfStar+1","DarkMatter","Parasite","MagicChant+1","SprinkleStarSeal","MillisecondPulsars+1","CurseOfTheBell","6A","DeepEcoloBomb+1","PowerUp","GalacticHalo","Singularity","6A+1","CasketOfStar+1","GrandCross+1","Acceleration","Acceleration","Shame","DC","AsteroidBelt","PowerUp","BinaryStars","SporeBomb","MagicChant+1","Occultation+1","FairyDestructionRay+1","Finesse","Acceleration+1","DragonMeteor+1","AsteroidBelt"],"relics":["Coffee Dripper","ShroomBag","Orichalcum","Ancient Tea Set","Calling Bell","Lantern","Ornamental Fan","Prayer Wheel","Pen Nib","Bird Faced Urn","Old Coin","Bag of Preparation","Torii","CaptainsWheel","RampagingMagicTools","Omamori","Bronze Scales","Toolbox","Red Mask","Strawberry"],"acts_visited":["Exordium","TheCity","TheBeyond","TheEnding"],"potions_floor_usage":[16,25,25,55,55],"damage_taken":[{"damage":0,"enemies":"Small Slimes","floor":1,"turns":3},{"damage":0,"enemies":"2 Louse","floor":2,"turns":3},{"damage":0,"enemies":"Jaw Worm","floor":4,"turns":2},{"damage":0,"enemies":"Lots of Slimes","floor":5,"turns":3},{"damage":18,"enemies":"3 Sentries","floor":6,"turns":6},{"damage":4,"enemies":"Looter","floor":10,"turns":3},{"damage":9,"enemies":"Lagavulin","floor":13,"turns":5},{"damage":1,"enemies":"Large Slime","floor":14,"turns":3},{"damage":35,"enemies":"Hexaghost","floor":16,"turns":8},{"damage":4,"enemies":"3 Byrds","floor":18,"turns":4},{"damage":0,"enemies":"Chosen","floor":19,"turns":3},{"damage":18,"enemies":"Snake Plant","floor":20,"turns":5},{"damage":21,"enemies":"Slavers","floor":23,"turns":4},{"damage":1,"enemies":"Centurion and Healer","floor":24,"turns":5},{"damage":13,"enemies":"Book of Stabbing","floor":25,"turns":4},{"damage":0,"enemies":"Cultist and Chosen","floor":30,"turns":6},{"damage":1,"enemies":"Chosen and Byrds","floor":31,"turns":3},{"damage":0,"enemies":"Automaton","floor":33,"turns":5},{"damage":5,"enemies":"3 Darklings","floor":35,"turns":3},{"damage":4,"enemies":"Orb Walker","floor":37,"turns":2},{"damage":8,"enemies":"Spire Growth","floor":38,"turns":4},{"damage":0,"enemies":"Transient","floor":39,"turns":5},{"damage":26,"enemies":"Reptomancer","floor":40,"turns":3},{"damage":20,"enemies":"Writhing Mass","floor":41,"turns":4},{"damage":14,"enemies":"Maw","floor":46,"turns":4},{"damage":3,"enemies":"Jaw Worm Horde","floor":48,"turns":2},{"damage":26,"enemies":"Time Eater","floor":50,"turns":7},{"damage":0,"enemies":"Shield and Spear","floor":54,"turns":3},{"damage":26,"enemies":"The Heart","floor":55,"turns":5}],"seed_played":"7519456296495706519","potions_obtained":[{"floor":1,"key":"PowerPotion"},{"floor":5,"key":"CultistPotion"},{"floor":6,"key":"ShroomBrew"},{"floor":18,"key":"AttackPotion"},{"floor":20,"key":"FearPotion"},{"floor":25,"key":"SteroidPotion"},{"floor":30,"key":"Energy Potion"},{"floor":39,"key":"PowerPotion"},{"floor":54,"key":"FairyPotion"}],"is_trial":false,"path_per_floor":["M","M","$","M","M","E","?","R","T","M","?","?","E","M","R","B",null,"M","M","M","$","?","E","M","E","T","R","$","?","M","M","R","B",null,"M","?","M","M","M","E","M","$","T","?","R","M","?","M","R","B",null,"R","$","E","B",null],"character_chosen":"MARISA","items_purchased":["GasGiant","WitchLeyline","Pen Nib","Acceleration","Torii","Bronze Scales","Toolbox"],"campfire_rested":0,"item_purchase_floors":[3,3,21,28,28,42,42],"current_hp_per_floor":[75,75,75,75,75,57,75,75,75,71,71,75,72,75,75,46,75,75,75,63,63,63,48,57,52,52,52,52,52,66,75,75,75,75,75,75,73,73,75,51,43,43,43,43,43,41,41,46,46,34,75,75,75,82,68],"gold":44,"neow_bonus":"BOSS_RELIC","is_daily":false,"chose_seed":false,"campfire_upgraded":6,"win_rate":0.0,"timestamp":1609382556,"path_taken":["M","M","$","M","M","E","?","R","T","M","?","?","E","M","R","BOSS","M","M","M","$","?","E","M","E","T","R","$","?","M","M","R","BOSS","M","?","M","M","M","E","?","$","T","?","R","M","?","M","R","BOSS","R","$","E","BOSS"],"items_purchased_type":["Card","Card","Relic","Card","Relic","Relic","Relic"],"build_version":"2020-12-22","purchased_purges":2,"victory":true,"max_hp_per_floor":[75,75,75,75,75,75,75,75,75,75,75,75,75,75,75,75,75,75,75,75,75,75,75,75,75,75,75,75,75,75,75,75,75,75,75,75,75,75,75,75,75,75,75,75,75,75,75,75,75,75,75,75,75,82,82],"relic_stats":{"Torii":4,"counters":[29,117],"Ornamental Fan":[504],"Bird Faced Urn":[74],"Bronze Scales":[93],"Prayer Wheel":13,"Pen Nib":[44],"Bag of Preparation":[28],"Orichalcum":[36],"obtain_stats":[{"Lantern":17,"Torii":28,"Pen Nib":21,"Bag of Preparation":26,"Omamori":40,"Orichalcum":9,"Ancient Tea Set":13,"Old Coin":25,"Calling Bell":17,"ShroomBag":6,"CaptainsWheel":29,"Ornamental Fan":17,"Bird Faced Urn":23,"Bronze Scales":42,"Strawberry":54,"Toolbox":42,"Prayer Wheel":17,"Coffee Dripper":0,"Red Mask":47,"MiniHakkero":0,"RampagingMagicTools":34},{"Lantern":9,"Torii":15,"Pen Nib":12,"Bag of Preparation":15,"Omamori":23,"Orichalcum":5,"Ancient Tea Set":7,"Old Coin":15,"Calling Bell":9,"ShroomBag":5,"CaptainsWheel":15,"Ornamental Fan":9,"Bird Faced Urn":13,"Bronze Scales":24,"Strawberry":28,"Toolbox":24,"Prayer Wheel":9,"Coffee Dripper":0,"Red Mask":25,"MiniHakkero":0,"RampagingMagicTools":18},{"Lantern":36,"Torii":61,"Pen Nib":48,"Bag of Preparation":61,"Omamori":92,"Orichalcum":17,"Ancient Tea Set":25,"Old Coin":61,"Calling Bell":36,"ShroomBag":17,"CaptainsWheel":61,"Ornamental Fan":36,"Bird Faced Urn":52,"Bronze Scales":96,"Strawberry":112,"Toolbox":96,"Prayer Wheel":36,"Coffee Dripper":0,"Red Mask":100,"MiniHakkero":0,"RampagingMagicTools":75}]},"card_choices":[{"not_picked":["Orbital","MachineGunSpark"],"picked":"6A","floor":1},{"not_picked":["WitchLeyline","EnergyRecoil"],"picked":"MagicAbsorber","floor":2},{"not_picked":["WitchLeyline","NonDirectionalLaser"],"picked":"FairyDestructionRay","floor":4},{"not_picked":["LuminesStrike","Occultation"],"picked":"Acceleration","floor":5},{"not_picked":["ShootingEcho","NonDirectionalLaser"],"picked":"CasketOfStar","floor":6},{"not_picked":["Acceleration","RefractionSpark"],"picked":"DarkMatter","floor":10},{"not_picked":["Orbital","NonDirectionalLaser"],"picked":"MagicChant","floor":13},{"not_picked":["GalacticHalo","NonDirectionalLaser"],"picked":"SprinkleStarSeal","floor":14},{"not_picked":["MaximisePower","BigCrunch"],"picked":"MillisecondPulsars","floor":16},{"not_picked":["DoubleSpark","MilkyWay"],"picked":"6A","floor":18},{"not_picked":["OrrerysSun+1","SuperPerseids"],"picked":"DeepEcoloBomb+1","floor":18},{"not_picked":["MysteriousBeam","PulseMagic+1"],"picked":"PowerUp","floor":19},{"not_picked":["PulseMagic","DoubleSpark+1"],"picked":"GalacticHalo","floor":19},{"not_picked":["WitchOfGreed","GrandCross"],"picked":"Singularity","floor":20},{"not_picked":["GravityBeat","Robbery","OortCloud"],"picked":"SKIP","floor":20},{"not_picked":["ShootTheMoon","DeepEcoloBomb+1"],"picked":"6A+1","floor":23},{"not_picked":["WitchOfGreed+1","OpenUniverse"],"picked":"CasketOfStar","floor":24},{"not_picked":["NonDirectionalLaser","DoubleSpark"],"picked":"GrandCross+1","floor":24},{"not_picked":["MysteriousBeam+1","MagicAbsorber"],"picked":"Acceleration","floor":25},{"not_picked":["Robbery","PowerUp+1"],"picked":"DC","floor":30},{"not_picked":["MachineGunSpark","MysteriousBeam+1","GravityBeat"],"picked":"SKIP","floor":30},{"not_picked":["WitchOfGreed","DC"],"picked":"AsteroidBelt","floor":31},{"not_picked":["CollectingQuirk","WitchOfGreed"],"picked":"PowerUp","floor":31},{"not_picked":["StarDustReverie","BlazingStar"],"picked":"BinaryStars","floor":33},{"not_picked":["StarlightTyphoon+1","WitchLeyline"],"picked":"SporeBomb","floor":35},{"not_picked":["ShootTheMoon+1","PropBag+1","IllusionStar"],"picked":"SKIP","floor":35},{"not_picked":["DarkMatter","OpenUniverse"],"picked":"MagicChant+1","floor":37},{"not_picked":["EnergyRecoil","MysteriousBeam+1","GravityBeat+1"],"picked":"SKIP","floor":37},{"not_picked":["PowerUp","MagicAbsorber","MachineGunSpark+1"],"picked":"SKIP","floor":38},{"not_picked":["GalacticHalo+1","IllusionStar","DarkSpark"],"picked":"SKIP","floor":38},{"not_picked":["EnergyRecoil+1","LuminesStrike"],"picked":"Occultation+1","floor":39},{"not_picked":["ShootingEcho","WitchOfGreed","EnergyRecoil+1"],"picked":"SKIP","floor":39},{"not_picked":["SuperNova","IllusionStar"],"picked":"FairyDestructionRay+1","floor":40},{"not_picked":["MilkyWay","ChargingUp+1","OneTimeOff+1"],"picked":"SKIP","floor":41},{"not_picked":["Orbital","DC","OneTimeOff"],"picked":"SKIP","floor":41},{"not_picked":["Good Instincts","Impatience"],"picked":"Finesse","floor":44},{"not_picked":["OpenUniverse","EnergyFlow"],"picked":"Acceleration+1","floor":46},{"not_picked":["DC+1","ShootingEcho+1"],"picked":"DragonMeteor","floor":46},{"not_picked":["Occultation","OpenUniverse","6A"],"picked":"SKIP","floor":48},{"not_picked":["IllusionStar+1","ManaRampage","UnstableBomb+1"],"picked":"SKIP","floor":48},{"not_picked":["MachineGunSpark+1","Occultation+1"],"picked":"AsteroidBelt","floor":54}],"player_experience":400939,"relics_obtained":[{"floor":6,"key":"ShroomBag"},{"floor":9,"key":"Orichalcum"},{"floor":13,"key":"Ancient Tea Set"},{"floor":17,"key":"Lantern"},{"floor":17,"key":"Ornamental Fan"},{"floor":17,"key":"Prayer Wheel"},{"floor":23,"key":"Bird Faced Urn"},{"floor":25,"key":"Old Coin"},{"floor":26,"key":"Bag of Preparation"},{"floor":40,"key":"Omamori"},{"floor":54,"key":"Strawberry"}],"event_choices":[{"damage_healed":25,"gold_gain":0,"player_choice":"Banana","damage_taken":0,"max_hp_gain":0,"max_hp_loss":0,"event_name":"Big Fish","floor":7,"gold_loss":0},{"cards_removed":["UpSweep"],"damage_healed":0,"gold_gain":0,"player_choice":"Card Removal","damage_taken":0,"max_hp_gain":0,"max_hp_loss":0,"event_name":"The Cleric","floor":11,"gold_loss":50},{"damage_healed":18,"gold_gain":0,"player_choice":"Healed and dodged fight","damage_taken":0,"max_hp_gain":0,"max_hp_loss":0,"event_name":"Mushrooms_MRS","floor":12,"gold_loss":0,"cards_obtained":["Parasite"]},{"damage_healed":0,"gold_gain":99,"player_choice":"Stole From Cult","damage_taken":0,"max_hp_gain":0,"max_hp_loss":0,"event_name":"Nest","floor":22,"gold_loss":0},{"damage_healed":0,"gold_gain":0,"player_choice":"Stole Relic","damage_taken":0,"relics_obtained":["CaptainsWheel"],"max_hp_gain":0,"max_hp_loss":0,"event_name":"Addict","floor":29,"gold_loss":0,"cards_obtained":["Shame"]},{"damage_healed":0,"gold_gain":100,"player_choice":"Pray","damage_taken":0,"max_hp_gain":0,"max_hp_loss":0,"event_name":"Golden Shrine","floor":36,"gold_loss":0},{"damage_healed":0,"gold_gain":0,"player_choice":"Memory 1","damage_taken":0,"max_hp_gain":0,"max_hp_loss":0,"event_name":"SensoryStone","floor":44,"gold_loss":0},{"damage_healed":0,"gold_gain":0,"player_choice":"Paid","damage_taken":0,"relics_obtained":["Red Mask"],"max_hp_gain":0,"max_hp_loss":0,"event_name":"Tomb of Lord Red Mask","floor":47,"gold_loss":127}],"is_beta":false,"boss_relics":[{"not_picked":["Ectoplasm","Busted Crown"],"picked":"Calling Bell"},{"not_picked":["Runic Pyramid","Runic Dome"],"picked":"RampagingMagicTools"}],"items_purged_floors":[21,28],"is_endless":false,"potions_floor_spawned":[1,5,6,10,18,19,20,25,30,38,39,46,48,54],"ascension_level":0}}