{"host":"kw4o7b3ro2ktmmbe","time":1609387202,"event":{"mods":["Bard","BaseMod","Evolution","Minty Spire (QoL Compilation)","StSLib"],"gold_per_floor":[117,117,137,213,225,258,258,18,18,33,48,78,78,98,98,199,199,209,124,0,0,270,270,270,270],"floor_reached":24,"playtime":3406,"items_purged":[],"score":254,"play_id":"5e362371-7a50-44f4-ad5c-157f31a8ef27","local_time":"20201231170002","is_ascension_mode":false,"campfire_choices":[{"data":"bard:SixFourTime","floor":7.0,"key":"SMITH"},{"data":"bard:Aphasia","floor":15.0,"key":"SMITH"},{"data":"bard:Inspire","floor":23,"key":"SMITH"}],"circlet_count":0,"master_deck":["bard:Defend","bard:Defend+1","bard:Defend","bard:Defend","bard:Riposte","bard:Inspire+1","bard:HideousLaughter+1","bard:Aphasia+1","bard:SixFourTime+1","bard:GuardPoint","bard:Doot+1","bard:Greatness+1","bard:MagnumOpus+1","bard:Flourish","Bite","Bite","Bite","Bite","Bite"],"relics":["bard:PitchPipe","bard:BagPipes","EVO:Axolotl","Mummified Hand","Frozen Egg 2","Meat on the Bone","Toxic Egg 2","Lizard Tail","Black Star","The Courier","Chemical X"],"acts_visited":["Exordium","TheCity"],"potions_floor_usage":[],"damage_taken":[{"damage":0.0,"enemies":"Jaw Worm","floor":1.0,"turns":5.0},{"damage":0.0,"enemies":"Small Slimes","floor":3.0,"turns":2.0},{"damage":2.0,"enemies":"2 Louse","floor":5.0,"turns":3.0},{"damage":22.0,"enemies":"Gremlin Nob","floor":6.0,"turns":4.0},{"damage":0.0,"enemies":"Looter","floor":10.0,"turns":4.0},{"damage":16.0,"enemies":"Large Slime","floor":11.0,"turns":5.0},{"damage":0.0,"enemies":"Lagavulin","floor":12.0,"turns":10.0},{"damage":1.0,"enemies":"Gremlin Gang","floor":14.0,"turns":2.0},{"damage":59.0,"enemies":"Slime Boss","floor":16.0,"turns":14.0},{"damage":12,"enemies":"Spheric Guardian","floor":18,"turns":10},{"damage":101,"enemies":"Gremlin Leader","floor":24,"turns":13}],"seed_played":"7062824914351541957","potions_obtained":[{"floor":3.0,"key":"FairyPotion"},{"floor":5.0,"key":"Ancient Potion"},{"floor":6.0,"key":"AttackPotion"},{"floor":12.0,"key":"EssenceOfSteel"},{"floor":14.0,"key":"Regen Potion"}],"is_trial":false,"path_per_floor":["M","?","M","T","M","E","R","$","T","M","M","E","?","M","R","B",null,"M","?","$","?","?","R","E"],"character_chosen":"BARD","items_purchased":["Meat on the Bone","Chemical X"],"campfire_rested":0,"item_purchase_floors":[8,20],"current_hp_per_floor":[77,62,62,62,60,38,38,38,38,50,46,46,46,45,45,13,77,65,65,65,53,26,26,0,0],"gold":270,"neow_bonus":"TEN_PERCENT_HP_BONUS","is_daily":false,"chose_seed":false,"campfire_upgraded":3,"win_rate":0.0,"timestamp":1609387202,"path_taken":["M","?","M","?","M","E","R","?","T","M","M","E","?","M","R","BOSS","M","?","$","?","?","R","E"],"items_purchased_type":["Relic","Relic"],"build_version":"2020-12-22","purchased_purges":0,"victory":false,"max_hp_per_floor":[77,77,77,77,77,77,77,77,77,77,77,77,77,77,77,77,77,77,77,77,53,53,53,53,53],"card_choices":[{"not_picked":["bard:ThickOfTheFight","bard:BucklerBash"],"picked":"bard:HideousLaughter","floor":1.0},{"not_picked":["bard:LingeringEcho","bard:ViciousMockery"],"picked":"bard:Aphasia","floor":3.0},{"not_picked":["bard:Focused","bard:Thunderwave"],"picked":"bard:SixFourTime","floor":5.0},{"not_picked":["bard:FeastOnFear","bard:Fermata"],"picked":"bard:GuardPoint","floor":6.0},{"not_picked":["bard:BucklerBash","bard:Parry+1"],"picked":"bard:Doot+1","floor":10.0},{"not_picked":["bard:PhantasmalForce","bard:ViciousMockery"],"picked":"bard:Greatness+1","floor":11.0},{"not_picked":["bard:FeastOnFear+1","bard:PhantasmalForce","bard:QuickSong+1"],"picked":"SKIP","floor":12.0},{"not_picked":["bard:Thunderwave","bard:TinyHut+1","bard:Fermata+1"],"picked":"SKIP","floor":14.0},{"not_picked":["bard:PowerWordStun+1","bard:Rhapsody+1"],"picked":"bard:MagnumOpus+1","floor":16.0},{"not_picked":["bard:BucklerBash+1","bard:EchoEcho"],"picked":"bard:Flourish","floor":18}],"player_experience":1771482,"relics_obtained":[{"floor":4.0,"key":"Mummified Hand"},{"floor":6.0,"key":"Frozen Egg 2"},{"floor":9.0,"key":"Toxic Egg 2"},{"floor":12.0,"key":"Lizard Tail"}],"event_choices":[{"damage_healed":0.0,"max_hp_gain":0.0,"max_hp_loss":0.0,"gold_gain":0.0,"event_name":"Shining Light","player_choice":"Entered Light","floor":2.0,"gold_loss":0.0,"damage_taken":15.0,"cards_upgraded":["bard:Defend","bard:HideousLaughter"]},{"damage_healed":0.0,"max_hp_gain":0.0,"max_hp_loss":0.0,"gold_gain":0.0,"event_name":"The Cleric","player_choice":"Leave","floor":13.0,"gold_loss":0.0,"damage_taken":0.0},{"damage_healed":0,"gold_gain":0,"player_choice":"Obtained Relic","damage_taken":0,"relics_obtained":["The Courier"],"max_hp_gain":0,"max_hp_loss":0,"event_name":"Addict","floor":19,"gold_loss":85},{"damage_healed":0,"gold_gain":0,"player_choice":"Became a vampire","damage_taken":0,"max_hp_gain":0,"max_hp_loss":24,"event_name":"Vampires","floor":21,"gold_loss":0,"cards_obtained":["Bite","Bite","Bite","Bite","Bite"]},{"damage_healed":0,"gold_gain":270,"player_choice":"GOLD GOLD GOLD ","damage_taken":27,"max_hp_gain":0,"max_hp_loss":0,"event_name":"Knowing Skull","floor":22,"potions_obtained":[],"gold_loss":0,"cards_obtained":[]}],"is_beta":false,"boss_relics":[{"not_picked":["SacredBark","Tiny House"],"picked":"Black Star"}],"items_purged_floors":[],"is_endless":false,"potions_floor_spawned":[3,5,6,10,12,14],"killed_by":"Gremlin Leader","ascension_level":0}}