{"host":"37dk0reb6x0du8wx","time":1609400712,"event":{"mods":["BaseMod","Colored Map","DeckTracker","Minty Spire (QoL Compilation)","Quick Restart","StSLib","SuperFastMode","The Dragon Tamer"],"gold_per_floor":[368,76,76,97,117,117,117,136,163,187,208,208,208,17,17,141,141,159,159,77,77,91,131,131,164,164,164,164],"floor_reached":27,"playtime":925,"items_purged":["Strike_G","Defend_G"],"score":278,"play_id":"24caa3bf-2369-4e48-af38-1914402552a0","local_time":"20201231164512","is_ascension_mode":true,"campfire_choices":[{"data":"Cloak And Dagger","floor":6,"key":"SMITH"},{"floor":13,"key":"REST"},{"floor":15,"key":"REST"},{"floor":24,"key":"REST"}],"circlet_count":0,"master_deck":["Strike_G","Strike_G","Strike_G","Strike_G","Defend_G+1","Defend_G","Defend_G","Defend_G","Survivor","Neutralize","Cloak And Dagger+1","Slice+1","Slice","Dagger Throw+1","Cloak And Dagger","Footwork","Cloak And Dagger","Infinite Blades","Wraith Form v2","Infinite Blades","Blade Dance","Cloak And Dagger"],"relics":["Ring of the Snake","Happy Flower","Golden Idol","Dream Catcher","SlaversCollar","Anchor","Shuriken","Singing Bowl"],"acts_visited":["Exordium","TheCity"],"potions_floor_usage":[22,25],"damage_taken":[{"damage":3,"enemies":"Cultist","floor":1,"turns":5},{"damage":1,"enemies":"2 Louse","floor":4,"turns":3},{"damage":0,"enemies":"Jaw Worm","floor":5,"turns":4},{"damage":1,"enemies":"3 Louse","floor":8,"turns":4},{"damage":0,"enemies":"2 Fungi Beasts","floor":10,"turns":3},{"damage":0,"enemies":"Looter","floor":11,"turns":2},{"damage":44,"enemies":"Slime Boss","floor":16,"turns":12},{"damage":8,"enemies":"3 Byrds","floor":18,"turns":7},{"damage":8,"enemies":"Chosen","floor":22,"turns":6},{"damage":54,"enemies":"Slavers","floor":23,"turns":9},{"damage":2,"enemies":"Book of Stabbing","floor":25,"turns":7},{"damage":45,"enemies":"Slavers","floor":27,"turns":6}],"seed_played":"2978504908131162731","potions_obtained":[{"floor":4,"key":"Block Potion"},{"floor":10,"key":"Dexterity Potion"},{"floor":11,"key":"FairyPotion"}],"is_trial":false,"path_per_floor":["M","$","?","M","M","R","?","M","T","M","M","?","R","$","R","B",null,"M","?","$","?","M","E","R","E","T","E"],"character_chosen":"THE_SILENT","items_purchased":["Cloak And Dagger","Happy Flower","Slice","Footwork","Cloak And Dagger","Infinite Blades"],"campfire_rested":3,"item_purchase_floors":[2,2,2,14,14,20],"current_hp_per_floor":[60,60,45,44,44,44,44,43,43,43,43,30,48,48,63,19,63,55,55,55,55,47,18,36,34,34,0,0],"gold":164,"neow_bonus":"TWO_FIFTY_GOLD","is_daily":false,"chose_seed":false,"campfire_upgraded":1,"win_rate":0.0,"timestamp":1609400712,"path_taken":["M","$","?","M","M","R","?","M","T","M","?","?","R","$","R","BOSS","M","?","$","?","M","E","R","E","T","E"],"items_purchased_type":["Card","Relic","Card","Card","Card","Card"],"build_version":"2020-12-22","purchased_purges":2,"victory":false,"max_hp_per_floor":[63,63,63,63,63,63,63,63,63,63,63,63,63,63,63,63,63,63,63,63,63,63,63,63,63,63,63,63],"card_choices":[{"not_picked":["Sucker Punch","PiercingWail","Setup"],"picked":"SKIP","floor":1},{"not_picked":["Flying Knee","Prepared","Bane"],"picked":"SKIP","floor":4},{"not_picked":["Calculated Gamble","Concentrate","Acrobatics"],"picked":"SKIP","floor":5},{"not_picked":["Crippling Poison","Terror"],"picked":"Slice","floor":8},{"not_picked":["Caltrops","Poisoned Stab","Setup"],"picked":"SKIP","floor":10},{"not_picked":["Poisoned Stab","Deadly Poison"],"picked":"Dagger Throw","floor":11},{"not_picked":["Malaise","Dagger Spray"],"picked":"Cloak And Dagger","floor":13},{"not_picked":["Cloak And Dagger","Deadly Poison"],"picked":"Infinite Blades","floor":15},{"not_picked":["Grand Finale","Bullet Time"],"picked":"Wraith Form v2","floor":16},{"not_picked":["Deflect","Prepared","Masterful Stab"],"picked":"SKIP","floor":18},{"not_picked":["Sucker Punch","Quick Slash","Bane"],"picked":"SKIP","floor":22},{"not_picked":["All Out Attack","Flying Knee"],"picked":"Cloak And Dagger","floor":23},{"not_picked":["Glass Knife","Quick Slash","Unload"],"picked":"SKIP","floor":25}],"player_experience":90356,"relics_obtained":[{"floor":9,"key":"Dream Catcher"},{"floor":23,"key":"Anchor"},{"floor":25,"key":"Shuriken"},{"floor":26,"key":"Singing Bowl"}],"event_choices":[{"damage_healed":0,"gold_gain":0,"player_choice":"Take Damage","damage_taken":15,"relics_obtained":["Golden Idol"],"max_hp_gain":0,"max_hp_loss":0,"event_name":"Golden Idol","floor":3,"gold_loss":0},{"damage_healed":0,"gold_gain":0,"player_choice":"Upgraded","damage_taken":0,"max_hp_gain":0,"max_hp_loss":0,"event_name":"Upgrade Shrine","floor":7,"gold_loss":0,"cards_upgraded":["Slice"]},{"damage_healed":0,"gold_gain":0,"player_choice":"Entered Light","damage_taken":13,"max_hp_gain":0,"max_hp_loss":0,"event_name":"Shining Light","floor":12,"gold_loss":0,"cards_upgraded":["Dagger Throw","Defend_G"]},{"damage_healed":0,"gold_gain":0,"player_choice":"Ignored","damage_taken":0,"max_hp_gain":0,"max_hp_loss":0,"event_name":"Vampires","floor":19,"gold_loss":0},{"damage_healed":0,"gold_gain":0,"player_choice":"Read","damage_taken":0,"max_hp_gain":0,"max_hp_loss":0,"event_name":"The Library","floor":21,"gold_loss":0,"cards_obtained":["Blade Dance"]}],"is_beta":false,"boss_relics":[{"not_picked":["Tiny House","SacredBark"],"picked":"SlaversCollar"}],"items_purged_floors":[2,14],"is_endless":false,"potions_floor_spawned":[4,10,11,16,18],"killed_by":"Slavers","ascension_level":1}}