{"host":"640uue19m79c7wbt","time":1609453251,"event":{"mods":["BaseMod","Colored Map","Googly Eyes","Highlight Path","Minty Spire (QoL Compilation)","Quick Restart","StSLib"],"gold_per_floor":[419,594,150,150,100,127,137,137,137],"floor_reached":8,"playtime":361,"items_purged":["Regret"],"score":62,"play_id":"34b13446-58df-4340-b948-4683180766bc","local_time":"20201231172051","is_ascension_mode":true,"campfire_choices":[],"circlet_count":0,"master_deck":["Strike_G","Strike_G","Strike_G","Strike_G","Defend_G","Defend_G","Defend_G","Defend_G","Defend_G","Survivor","Neutralize","Slice","Cloak And Dagger","Well Laid Plans","Outmaneuver+1","Concentrate+1"],"relics":["Ring of the Snake","Old Coin","Kunai","Toxic Egg 2"],"acts_visited":["Exordium"],"potions_floor_usage":[8,8],"damage_taken":[{"damage":0.0,"enemies":"Small Slimes","floor":1.0,"turns":3.0},{"damage":19.0,"enemies":"3 Sentries","floor":6.0,"turns":13.0},{"damage":9.0,"enemies":"2 Louse","floor":7.0,"turns":3.0},{"damage":36,"enemies":"Gremlin Nob","floor":8,"turns":5}],"seed_played":"-3057642665377388097","potions_obtained":[{"floor":1.0,"key":"SneckoOil"},{"floor":7.0,"key":"CunningPotion"}],"is_trial":false,"path_per_floor":["M","?","$","?","?","E","M","E"],"character_chosen":"THE_SILENT","items_purchased":["Kunai","Cloak And Dagger","Well Laid Plans"],"campfire_rested":0,"item_purchase_floors":[3,3,3],"current_hp_per_floor":[70,70,70,63,63,44,35,0,0],"gold":137,"neow_bonus":"ONE_RARE_RELIC","is_daily":false,"chose_seed":false,"campfire_upgraded":0,"win_rate":0.0,"timestamp":1609453251,"path_taken":["M","?","$","?","?","E","M","E"],"items_purchased_type":["Relic","Card","Card"],"build_version":"2020-12-22","purchased_purges":1,"victory":false,"max_hp_per_floor":[70,70,70,70,70,70,70,70,70],"card_choices":[{"not_picked":["Bane","Acrobatics"],"picked":"Slice","floor":1.0},{"not_picked":["Dodge and Roll+1","Dagger Throw"],"picked":"Outmaneuver+1","floor":6.0},{"not_picked":["Dagger Throw","Caltrops"],"picked":"Concentrate+1","floor":7.0}],"player_experience":538384,"relics_obtained":[{"floor":6.0,"key":"Toxic Egg 2"}],"event_choices":[{"damage_healed":0.0,"max_hp_gain":0.0,"max_hp_loss":0.0,"gold_gain":175.0,"event_name":"Liars Game","player_choice":"AGREE","floor":2.0,"gold_loss":0.0,"damage_taken":0.0,"cards_obtained":["Doubt"]},{"cards_removed":["Doubt"],"damage_healed":0.0,"max_hp_gain":0.0,"max_hp_loss":0.0,"gold_gain":0.0,"event_name":"Golden Wing","player_choice":"Card Removal","floor":4.0,"gold_loss":0.0,"damage_taken":7.0},{"cards_removed":["Strike_G"],"damage_healed":0.0,"max_hp_gain":0.0,"max_hp_loss":0.0,"gold_gain":0.0,"event_name":"The Cleric","player_choice":"Card Removal","floor":5.0,"gold_loss":50.0,"damage_taken":0.0}],"is_beta":false,"boss_relics":[],"items_purged_floors":[3],"is_endless":false,"potions_floor_spawned":[1,7],"killed_by":"Gremlin Nob","ascension_level":3}}