{"host":"se62q65hiqxz7cab","time":1609405635,"event":{"mods":["Act Like it!","BaseMod","Colored Map","Minty Spire (QoL Compilation)","Replay The Spire","StSLib","The Bug Knight","The Cursed"],"gold_per_floor":[109,123,134,134,154,154,165,165,165,182,182,107,107,7,7,112,112,123,123,134,233,246,246,257,257,257,257,269,304,304,315,315,417,417,436,14,28,47,47,47,64,64,64,83,102,27,43,43,43,43,43],"floor_reached":50,"playtime":2351,"items_purged":["HollowMod:NailStrikeStart","HollowMod:QuickDashStart","HollowMod:FocusHealStart"],"score":438,"play_id":"40b5d2c0-28cb-4502-b00a-80ca635a369b","local_time":"20201231170715","is_ascension_mode":false,"campfire_choices":[{"data":"HollowMod:CycloneSlash","floor":6,"key":"SMITH"},{"data":"HollowMod:CycloneSlash","floor":8,"key":"SMITH"},{"data":"HollowMod:SoulSplash","floor":15,"key":"SMITH"},{"data":"HollowMod:theNailsmith","floor":23,"key":"SMITH"},{"data":"HollowMod:ChannelNail","floor":25,"key":"SMITH"},{"data":"HollowMod:MantisMark","floor":27,"key":"SMITH"},{"floor":30,"key":"REST"},{"floor":32,"key":"REST"},{"floor":40,"key":"REST"},{"floor":42,"key":"REST"},{"floor":49,"key":"REST"}],"circlet_count":0,"master_deck":["HollowMod:NailStrikeStart","HollowMod:NailStrikeStart","HollowMod:NailStrikeStart","HollowMod:QuickDashStart","HollowMod:QuickDashStart+1","HollowMod:QuickDashStart","HollowMod:PogoStrike","HollowMod:CycloneSlash+1","HollowMod:CycloneSlash+1","HollowMod:DashSlash","HollowMod:HowlingWraiths","HollowMod:SoulSplash+1","HollowMod:CloakDash","HollowMod:theNailsmith+1","HollowMod:MantisMark","HollowMod:ChannelNail+1","HollowMod:MantisMark+1","HollowMod:CornifersMapStart","HollowMod:SoulSplash","HollowMod:CloakDash+1","HollowMod:SiblingsSouls+1","HollowMod:CycloneSlash+1"],"relics":["HollowMod:VesselMask","Divine Protection","Philosopher\u0027s Stone","Ancient Tea Set","Red Mask","ReplayFunnel","MealTicket","Mirror"],"acts_visited":["Exordium","TheCity","TheBeyond"],"potions_floor_usage":[29,33,50,50,50],"damage_taken":[{"damage":1,"enemies":"Jaw Worm","floor":1,"turns":3},{"damage":1,"enemies":"Cultist","floor":2,"turns":3},{"damage":0,"enemies":"Small Slimes","floor":3,"turns":4},{"damage":16,"enemies":"Exordium Wildlife","floor":5,"turns":5},{"damage":1,"enemies":"3 Louse","floor":7,"turns":2},{"damage":0,"enemies":"Lots of Slimes","floor":10,"turns":2},{"damage":45,"enemies":"The Guardian","floor":16,"turns":10},{"damage":8,"enemies":"2 Thieves","floor":18,"turns":4},{"damage":0,"enemies":"Shell Parasite","floor":20,"turns":4},{"damage":19,"enemies":"Snake Plant","floor":22,"turns":4},{"damage":0,"enemies":"3 Cultists","floor":24,"turns":4},{"damage":17,"enemies":"Snecko","floor":28,"turns":6},{"damage":32,"enemies":"Masked Bandits","floor":29,"turns":4},{"damage":0,"enemies":"Chosen and Byrds","floor":31,"turns":4},{"damage":35,"enemies":"HollowMod:NKGrimm","floor":33,"turns":8},{"damage":0,"enemies":"Orb Walker","floor":35,"turns":3},{"damage":21,"enemies":"3 Darklings","floor":37,"turns":3},{"damage":23,"enemies":"Sphere and 2 Shapes","floor":38,"turns":4},{"damage":14,"enemies":"4 Shapes","floor":41,"turns":4},{"damage":19,"enemies":"Spire Growth","floor":44,"turns":5},{"damage":10,"enemies":"Transient","floor":45,"turns":5},{"damage":37,"enemies":"Writhing Mass","floor":47,"turns":8},{"damage":59,"enemies":"Time Eater","floor":50,"turns":7}],"seed_played":"-3073860555911755283","potions_obtained":[{"floor":2,"key":"BlessingOfTheForge"},{"floor":7,"key":"Milkshake"},{"floor":10,"key":"Elixir"},{"floor":16,"key":"Block Potion"},{"floor":29,"key":"Energy Potion"},{"floor":33,"key":"Strength Potion"},{"floor":38,"key":"LiquidBronze"},{"floor":44,"key":"Dexterity Potion"}],"is_trial":false,"path_per_floor":["M","M","M","?","M","R","M","R","T","M","?","$","?","$","R","B",null,"M","$","M","?","M","R","M","R","T","R","M","?","R","M","R","B",null,"M","$","M","M","?","R","M","R","T","M","M","?","M","$","R","B"],"character_chosen":"THE_BUGKNIGHT","items_purchased":["ReplayFunnel","MealTicket"],"campfire_rested":5,"item_purchase_floors":[36,36],"current_hp_per_floor":[79,78,80,80,70,70,69,69,69,69,69,69,69,69,69,30,80,78,78,78,78,59,59,59,59,59,59,48,16,40,40,64,29,80,80,80,59,36,36,60,46,70,70,51,41,46,9,24,49,0,0],"gold":43,"neow_bonus":"RANDOM_EVENT","is_daily":false,"chose_seed":false,"campfire_upgraded":6,"win_rate":0.0,"timestamp":1609405635,"path_taken":["M","M","M","?","?","R","M","R","T","M","?","$","?","$","R","BOSS","M","$","M","?","M","R","M","R","T","R","M","?","R","M","R","BOSS","M","$","M","M","?","R","M","R","T","M","?","?","M","$","R","BOSS"],"items_purchased_type":["Relic","Relic"],"build_version":"2020-12-22","purchased_purges":3,"victory":false,"max_hp_per_floor":[80,80,80,80,80,80,80,80,80,80,80,80,80,80,80,80,80,80,80,80,80,80,80,80,80,80,80,80,80,80,80,80,80,80,80,80,80,80,80,80,80,80,80,80,80,85,85,85,85,85,85],"card_choices":[{"not_picked":["HollowMod:DreamGate","HollowMod:PureNailStrike"],"picked":"HollowMod:CycloneSlash","floor":1},{"not_picked":["HollowMod:WraithStrike","HollowMod:TaintedHusks"],"picked":"HollowMod:CycloneSlash","floor":2},{"not_picked":["HollowMod:InfectedAttack","HollowMod:FallenFury"],"picked":"HollowMod:DashSlash","floor":3},{"not_picked":["HollowMod:MawleksShell","HollowMod:SharpenedNail"],"picked":"HollowMod:HowlingWraiths","floor":5},{"not_picked":["HollowMod:WraithStrike","HollowMod:NewLittleFool"],"picked":"HollowMod:SoulSplash","floor":7},{"not_picked":["HollowMod:HeavyBlow","HollowMod:DungDefenderAura"],"picked":"HollowMod:CloakDash","floor":10},{"not_picked":["HollowMod:HornetsHelp","HollowMod:AwokenDreamNail"],"picked":"HollowMod:theNailsmith","floor":16},{"not_picked":["HollowMod:SharpenedNail","HollowMod:SiblingsSouls+1"],"picked":"HollowMod:MantisMark","floor":18},{"not_picked":["HollowMod:InfectedCysts","HollowMod:GrimmsGift","HollowMod:CoiledNail"],"picked":"SKIP","floor":20},{"not_picked":["HollowMod:HowlingWraiths","HollowMod:RecoilStrike"],"picked":"HollowMod:ChannelNail","floor":22},{"not_picked":["HollowMod:InfectedAttack+1","HollowMod:HeavyBlow+1"],"picked":"HollowMod:MantisMark","floor":24},{"not_picked":["HollowMod:ShadowDash","HollowMod:SharpenedNail+1","HollowMod:LordofShades"],"picked":"SKIP","floor":28},{"not_picked":["HollowMod:DashSlash","HollowMod:ShadowDash"],"picked":"HollowMod:CornifersMapStart","floor":31},{"not_picked":["HollowMod:InfectedCysts+1","HollowMod:HeavyBlow"],"picked":"HollowMod:SoulSplash","floor":35},{"not_picked":["HollowMod:VengefulSpirit+1","HollowMod:PerfectDash","HollowMod:CoiledNail+1"],"picked":"SKIP","floor":37},{"not_picked":["HollowMod:ShadowDash+1","HollowMod:GoodIntentions+1"],"picked":"HollowMod:CloakDash+1","floor":38},{"not_picked":["HollowMod:SoulShaman","HollowMod:SiblingsShadow"],"picked":"HollowMod:SiblingsSouls+1","floor":41},{"not_picked":["HollowMod:ShadowDash","HollowMod:RecoilStrike"],"picked":"HollowMod:CycloneSlash+1","floor":44},{"not_picked":["HollowMod:SoulStrike+1","HollowMod:DreamGate+1","HollowMod:DescendingDark"],"picked":"SKIP","floor":45},{"not_picked":["HollowMod:VengefulVoid+1","HollowMod:DungDefenderAura+1","HollowMod:TaintedHusks"],"picked":"SKIP","floor":47}],"player_experience":156793,"relics_obtained":[{"floor":9,"key":"Divine Protection"},{"floor":26,"key":"Ancient Tea Set"},{"floor":29,"key":"Red Mask"},{"floor":43,"key":"Mirror"}],"event_choices":[{"damage_healed":0,"gold_gain":0,"player_choice":"Donut","damage_taken":0,"max_hp_gain":5,"max_hp_loss":0,"event_name":"Big Fish","floor":0,"gold_loss":0},{"damage_healed":0,"gold_gain":0,"player_choice":"Ignored","damage_taken":0,"max_hp_gain":0,"max_hp_loss":0,"event_name":"NoteForYourself","floor":4,"gold_loss":0},{"damage_healed":0,"gold_gain":99,"player_choice":"Stole From Cult","damage_taken":0,"max_hp_gain":0,"max_hp_loss":0,"event_name":"Nest","floor":21,"gold_loss":0},{"damage_healed":0,"gold_gain":0,"player_choice":"Fought Bandits","damage_taken":0,"max_hp_gain":0,"max_hp_loss":0,"event_name":"Masked Bandits","floor":29,"gold_loss":0},{"damage_healed":0,"gold_gain":0,"player_choice":"Got Potions","damage_taken":0,"max_hp_gain":0,"max_hp_loss":0,"event_name":"Lab","floor":39,"gold_loss":0}],"is_beta":false,"boss_relics":[{"not_picked":["SacredBark","Runic Pyramid"],"picked":"Philosopher\u0027s Stone"},{"not_picked":["ReplayTheSpireMod:DimensionalGlitch","Replay:Ancient Bell","Replay:Grab Bag"]}],"items_purged_floors":[12,14,36],"is_endless":false,"potions_floor_spawned":[2,7,10,16,29,31,33,38,44,45],"killed_by":"Time Eater","ascension_level":0}}