{"host":"mi0eibewekhugwl1","time":1609419944,"event":{"mods":["AchievementEnabler","BaseMod","Colored Map","Colored Powertips","DeckTracker","Keyboard Shortcuts","Minty Spire (QoL Compilation)","Quick Restart","Rare Cards Sparkle","Relic Stats","StSLib","SuperFastMode","everything is the same but u backflip on backflip"],"gold_per_floor":[359,359,23,39,39,67,80,80,132,174,151,238,250,282,294,383,395,422,5,5,19,19,19],"floor_reached":22,"playtime":372,"items_purged":["Strike_R","Strike_R"],"score":384,"play_id":"83b7b41a-c14f-411a-a215-69cd32676502","local_time":"20201231220544","is_ascension_mode":true,"campfire_choices":[{"data":"Bash","floor":8,"key":"SMITH"},{"floor":13,"key":"REST"},{"data":"Fire Breathing","floor":15,"key":"SMITH"}],"circlet_count":0,"master_deck":["AscendersBane","Strike_R","Strike_R","Strike_R+1","Defend_R+1","Defend_R","Defend_R+1","Defend_R+1","Bash+1","Pommel Strike+1","Wild Strike","Cleave","Twin Strike","Battle Trance","Fire Breathing+1","Dropkick","Disarm+1","Corruption","Burning Pact+1","Second Wind+1"],"relics":["Burning Blood","Medical Kit","War Paint","MawBank","Toxic Egg 2","Sozu","Incense Burner"],"acts_visited":["Exordium","TheCity"],"potions_floor_usage":[6],"damage_taken":[{"damage":7,"enemies":"Cultist","floor":1,"turns":4},{"damage":3,"enemies":"Small Slimes","floor":4,"turns":3},{"damage":20,"enemies":"Lagavulin","floor":6,"turns":3},{"damage":4,"enemies":"Jaw Worm","floor":7,"turns":2},{"damage":32,"enemies":"Gremlin Nob","floor":10,"turns":4},{"damage":6,"enemies":"Large Slime","floor":14,"turns":4},{"damage":28,"enemies":"The Guardian","floor":16,"turns":15},{"damage":28,"enemies":"2 Thieves","floor":18,"turns":5},{"damage":27,"enemies":"Shell Parasite","floor":21,"turns":6},{"damage":20,"enemies":"Sentry and Sphere","floor":22,"turns":3}],"seed_played":"-7206257333245953594","potions_obtained":[{"floor":1,"key":"FearPotion"},{"floor":16,"key":"Weak Potion"}],"is_trial":false,"path_per_floor":["M","?","$","M","?","E","M","R","T","E","?","?","R","M","R","B",null,"M","$","?","M","M"],"character_chosen":"IRONCLAD","items_purchased":["Wild Strike","Medical Kit","Cleave","Incense Burner"],"campfire_rested":1,"item_purchase_floors":[3,3,3,19],"current_hp_per_floor":[67,67,67,68,48,34,36,36,36,10,27,16,36,36,36,14,55,33,33,33,12,0,0],"gold":19,"neow_bonus":"TWO_FIFTY_GOLD","is_daily":false,"chose_seed":false,"campfire_upgraded":2,"win_rate":0.0,"timestamp":1609419944,"path_taken":["M","?","$","?","?","E","M","R","T","E","?","?","R","M","R","BOSS","M","$","?","M","M"],"items_purchased_type":["Card","Relic","Card","Relic"],"build_version":"2020-12-22","purchased_purges":2,"victory":false,"max_hp_per_floor":[68,68,68,68,68,68,68,68,68,68,68,68,68,68,68,68,68,68,68,68,68,68,68],"relic_stats":{"Sozu":1,"counters":[10,49],"War Paint":["Defend_R","Defend_R"],"Medical Kit":[2],"MawBank":120,"obtain_stats":[{"Sozu":17,"Incense Burner":19,"War Paint":6,"Toxic Egg 2":10,"Medical Kit":3,"MawBank":9,"Burning Blood":0},{"Sozu":7,"Incense Burner":8,"War Paint":3,"Toxic Egg 2":5,"Medical Kit":1,"MawBank":4,"Burning Blood":0},{"Sozu":35,"Incense Burner":40,"War Paint":10,"Toxic Egg 2":16,"Medical Kit":4,"MawBank":12,"Burning Blood":0}],"Burning Blood":52},"card_choices":[{"not_picked":["Intimidate","Twin Strike"],"picked":"Pommel Strike","floor":1},{"not_picked":["Headbutt","Havoc"],"picked":"Twin Strike","floor":4},{"not_picked":["Whirlwind","Cleave"],"picked":"Battle Trance","floor":6},{"not_picked":["Twin Strike","Blood for Blood"],"picked":"Fire Breathing","floor":7},{"not_picked":["Cleave","Bludgeon"],"picked":"Dropkick","floor":10},{"not_picked":["Heavy Blade","Battle Trance+1"],"picked":"Disarm+1","floor":14},{"not_picked":["Berserk","Limit Break+1"],"picked":"Corruption","floor":16},{"not_picked":["Whirlwind","Blood for Blood"],"picked":"Burning Pact+1","floor":18},{"not_picked":["Armaments+1","Cleave"],"picked":"Second Wind+1","floor":21}],"player_experience":1727377,"relics_obtained":[{"floor":6,"key":"War Paint"},{"floor":9,"key":"MawBank"},{"floor":10,"key":"Toxic Egg 2"}],"event_choices":[{"damage_healed":0,"gold_gain":0,"player_choice":"Upgraded","damage_taken":0,"max_hp_gain":0,"max_hp_loss":0,"event_name":"Upgrade Shrine","floor":2,"gold_loss":0,"cards_upgraded":["Pommel Strike"]},{"damage_healed":0,"gold_gain":0,"player_choice":"Entered Light","damage_taken":20,"max_hp_gain":0,"max_hp_loss":0,"event_name":"Shining Light","floor":5,"gold_loss":0,"cards_upgraded":["Defend_R","Strike_R"]},{"damage_healed":17,"gold_gain":0,"player_choice":"Healed","damage_taken":0,"max_hp_gain":0,"max_hp_loss":0,"event_name":"The Cleric","floor":11,"gold_loss":35},{"damage_healed":0,"gold_gain":75,"player_choice":"Gather Gold","damage_taken":11,"max_hp_gain":0,"max_hp_loss":0,"event_name":"World of Goop","floor":12,"gold_loss":0},{"damage_healed":0,"gold_gain":0,"player_choice":"Ignored","damage_taken":0,"max_hp_gain":0,"max_hp_loss":0,"event_name":"Ghosts","floor":20,"gold_loss":0}],"is_beta":false,"boss_relics":[{"not_picked":["Busted Crown","Calling Bell"],"picked":"Sozu"}],"items_purged_floors":[3,19],"is_endless":false,"potions_floor_spawned":[1,16,21],"killed_by":"Sentry and Sphere","ascension_level":20}}