{"host":"0cgp910o8339lr91","time":1609385476,"event":{"mods":["BaseMod","Colored Map","Filter the Spire","Minty Spire (QoL Compilation)","Relic Stats","Slay-I","ojb\u0027s Better Paths Mod","ojb\u0027s Info Mod"],"gold_per_floor":[112,112,126,126,140,181,181,181,181,12,12,32,32,32],"floor_reached":13,"playtime":788,"items_purged":[],"score":166,"play_id":"0711b01b-e8a9-409c-b144-67c991f4bfdd","local_time":"20201231043116","is_ascension_mode":true,"campfire_choices":[{"data":"Well Laid Plans","floor":8,"key":"SMITH"}],"circlet_count":0,"master_deck":["AscendersBane","Strike_G","Strike_G","Strike_G","Strike_G","Defend_G","Defend_G+1","Defend_G","Defend_G","Defend_G","Survivor","Neutralize","Panache","Deflect","Well Laid Plans+1","Cloak And Dagger+1","Noxious Fumes","All Out Attack","Blade Dance"],"relics":["Ring of the Snake","Golden Idol","Snake Skull","Kunai","ClockworkSouvenir"],"acts_visited":["Exordium"],"potions_floor_usage":[6,13],"damage_taken":[{"damage":3.0,"enemies":"Jaw Worm","floor":1.0,"turns":4.0},{"damage":9.0,"enemies":"Small Slimes","floor":3.0,"turns":6.0},{"damage":2.0,"enemies":"Cultist","floor":5.0,"turns":5.0},{"damage":11,"enemies":"Lagavulin","floor":6,"turns":7},{"damage":0,"enemies":"Blue Slaver","floor":12,"turns":4},{"damage":8,"enemies":"Gremlin Nob","floor":13,"turns":3}],"seed_played":"-4086757373816567660","potions_obtained":[{"floor":1.0,"key":"EssenceOfSteel"},{"floor":3.0,"key":"SpeedPotion"},{"floor":5.0,"key":"CultistPotion"},{"floor":6,"key":"Poison Potion"}],"is_trial":false,"path_per_floor":["M","?","M","?","M","E","?","R","T","$","?","M","E"],"character_chosen":"THE_SILENT","items_purchased":["ClockworkSouvenir"],"campfire_rested":0,"item_purchase_floors":[10],"current_hp_per_floor":[56,56,47,40,38,27,9,9,9,9,9,9,1,1],"gold":32,"neow_bonus":"RANDOM_COLORLESS_2","is_daily":false,"chose_seed":false,"campfire_upgraded":1,"win_rate":0.0,"timestamp":1609385476,"path_taken":["M","?","M","?","M","E","?","R","T","$","?","M","E"],"items_purchased_type":["Relic"],"build_version":"2020-12-22","purchased_purges":0,"victory":false,"max_hp_per_floor":[66,60,60,60,60,60,60,60,60,60,60,60,60,60],"relic_stats":{"counters":[6,29],"Golden Idol":18,"Snake Skull":[3],"Kunai":[4],"obtain_stats":[{"Golden Idol":2,"Snake Skull":6,"Kunai":9,"Ring of the Snake":0,"ClockworkSouvenir":10},{"Golden Idol":1,"Snake Skull":4,"Kunai":4,"Ring of the Snake":0,"ClockworkSouvenir":4},{"Golden Idol":4,"Snake Skull":22,"Kunai":22,"Ring of the Snake":0,"ClockworkSouvenir":22}],"Ring of the Snake":[12]},"card_choices":[{"not_picked":["The Bomb","Sadistic Nature"],"picked":"Panache","floor":0.0},{"not_picked":["PiercingWail","Poisoned Stab"],"picked":"Deflect","floor":1.0},{"not_picked":["Masterful Stab","Bane"],"picked":"Well Laid Plans","floor":3.0},{"not_picked":["Flying Knee","Reflex"],"picked":"Cloak And Dagger","floor":5.0},{"not_picked":["Crippling Poison","Dodge and Roll"],"picked":"Noxious Fumes","floor":6},{"not_picked":["Well Laid Plans","Outmaneuver"],"picked":"Blade Dance","floor":12}],"player_experience":1277430,"relics_obtained":[{"floor":6,"key":"Snake Skull"},{"floor":9,"key":"Kunai"}],"event_choices":[{"damage_healed":0.0,"max_hp_gain":0.0,"max_hp_loss":6.0,"gold_gain":0.0,"event_name":"Golden Idol","player_choice":"Lose Max HP","floor":2.0,"gold_loss":0.0,"damage_taken":0.0,"relics_obtained":["Golden Idol"]},{"cards_removed":["Regret"],"damage_healed":0.0,"max_hp_gain":0.0,"max_hp_loss":0.0,"gold_gain":0.0,"event_name":"Golden Wing","player_choice":"Card Removal","floor":4.0,"gold_loss":0.0,"damage_taken":7.0},{"damage_healed":0,"gold_gain":0,"player_choice":"Entered Light","damage_taken":18,"max_hp_gain":0,"max_hp_loss":0,"event_name":"Shining Light","floor":7,"gold_loss":0,"cards_upgraded":["Cloak And Dagger","Defend_G"]},{"damage_healed":0,"gold_gain":0,"cards_transformed":["Strike_G"],"player_choice":"Change","damage_taken":0,"max_hp_gain":0,"max_hp_loss":0,"event_name":"Living Wall","floor":11,"gold_loss":0,"cards_obtained":["All Out Attack"]}],"is_beta":false,"boss_relics":[],"items_purged_floors":[],"is_endless":false,"potions_floor_spawned":[1,3,5,6],"killed_by":"Gremlin Nob","ascension_level":20}}