{"host":"lxgv1wbl12oya7hr","time":1609441345,"event":{"mods":["BaseMod","Minty Spire (QoL Compilation)","Permanent Neow","StSLib"],"gold_per_floor":[151,101,131,131,131,131,170,170,238,251,326,361,406,454,454,609,609,654,654,669,205,229,229,129,170,170,170,210,210,235,7,7,132,132,152,152,177,510,529,529,123,158,185,185,407,425,425,469,469,494,494],"floor_reached":50,"playtime":2486,"items_purged":["Strike_G","Strike_G","Defend_G"],"score":586,"play_id":"8f708a50-62a8-4218-bf67-19c97f036ea5","local_time":"20201231110225","is_ascension_mode":true,"campfire_choices":[{"floor":6.0,"key":"REST"},{"data":"HandOfGreed","floor":8.0,"key":"SMITH"},{"data":"Blade Dance","floor":15.0,"key":"SMITH"},{"data":"Blade Dance","floor":23.0,"key":"SMITH"},{"data":"Accuracy","floor":27.0,"key":"SMITH"},{"floor":32.0,"key":"RECALL"},{"data":"Mayhem","floor":40,"key":"SMITH"},{"data":"Phantasmal Killer","floor":44,"key":"SMITH"},{"data":"Infinite Blades","floor":47,"key":"SMITH"},{"floor":49,"key":"REST"}],"circlet_count":0,"master_deck":["Defend_G","Defend_G","Defend_G","Survivor","Neutralize","HandOfGreed+1","Blade Dance+1","Accuracy+1","Glass Knife","Blade Dance+1","Slice","Accuracy","Die Die Die","Blade Dance+1","Footwork+1","Swift Strike","Backstab+1","Flying Knee+1","Footwork","Phantasmal Killer+1","Cloak And Dagger","Bandage Up","Trip","Mayhem+1","Flying Knee+1","Envenom","Infinite Blades+1","Blade Dance"],"relics":["Ring of the Snake","Torii","Omamori","Empty Cage","TungstenRod","Pocketwatch","Pear","Red Mask","Lee\u0027s Waffle","Black Star","TwistedFunnel","Smiling Mask"],"acts_visited":["Exordium","TheCity","TheBeyond"],"potions_floor_usage":[39,46,48,50,50],"damage_taken":[{"damage":0.0,"enemies":"Small Slimes","floor":1.0,"turns":4.0},{"damage":0.0,"enemies":"Jaw Worm","floor":3.0,"turns":3.0},{"damage":0.0,"enemies":"Cultist","floor":7.0,"turns":2.0},{"damage":0.0,"enemies":"Large Slime","floor":10.0,"turns":3.0},{"damage":0.0,"enemies":"Gremlin Nob","floor":12.0,"turns":2.0},{"damage":1.0,"enemies":"Blue Slaver","floor":13.0,"turns":2.0},{"damage":3.0,"enemies":"3 Louse","floor":14.0,"turns":3.0},{"damage":10.0,"enemies":"Hexaghost","floor":16.0,"turns":7.0},{"damage":0.0,"enemies":"Spheric Guardian","floor":18.0,"turns":3.0},{"damage":1.0,"enemies":"2 Thieves","floor":20.0,"turns":3.0},{"damage":7.0,"enemies":"Sentry and Sphere","floor":22.0,"turns":5.0},{"damage":22.0,"enemies":"Book of Stabbing","floor":25.0,"turns":6.0},{"damage":31.0,"enemies":"Masked Bandits","floor":28.0,"turns":4.0},{"damage":0.0,"enemies":"Snake Plant","floor":30.0,"turns":2.0},{"damage":42.0,"enemies":"Automaton","floor":33.0,"turns":7.0},{"damage":6,"enemies":"3 Shapes","floor":35,"turns":3},{"damage":10,"enemies":"3 Darklings","floor":37,"turns":4},{"damage":15,"enemies":"Maw","floor":39,"turns":5},{"damage":4,"enemies":"4 Shapes","floor":42,"turns":5},{"damage":7,"enemies":"Spire Growth","floor":46,"turns":4},{"damage":28,"enemies":"Jaw Worm Horde","floor":48,"turns":3},{"damage":61,"enemies":"Awakened One","floor":50,"turns":5}],"seed_played":"4735146385508980963","potions_obtained":[{"floor":3.0,"key":"FearPotion"},{"floor":7.0,"key":"Fruit Juice"},{"floor":18.0,"key":"GhostInAJar"},{"floor":28.0,"key":"Weak Potion"},{"floor":30.0,"key":"Energy Potion"},{"floor":39,"key":"Fire Potion"},{"floor":42,"key":"SkillPotion"},{"floor":46,"key":"FearPotion"},{"floor":48,"key":"AttackPotion"}],"is_trial":false,"path_per_floor":["M","?","M","?","?","R","M","R","T","M","?","E","M","M","R","B",null,"M","?","M","$","M","R","$","E","T","R","?","?","M","$","R","B",null,"M","?","M","?","M","R","$","M","T","R","?","M","R","M","R","B"],"character_chosen":"THE_SILENT","items_purchased":["TungstenRod","Swift Strike","Lee\u0027s Waffle","Footwork","Envenom","TwistedFunnel"],"campfire_rested":2,"item_purchase_floors":[21,21,31,31,41,41],"current_hp_per_floor":[49,49,49,42,25,46,51,51,51,51,40,40,39,36,36,26,75,75,75,74,74,67,67,67,45,55,55,24,24,24,92,92,50,92,86,77,71,71,60,60,60,60,60,60,60,53,53,29,56,0,0],"gold":494,"neow_bonus":"RANDOM_COLORLESS_2","is_daily":false,"chose_seed":false,"campfire_upgraded":7,"win_rate":0.0,"timestamp":1609441345,"path_taken":["M","?","M","?","?","R","M","R","T","M","?","E","M","M","R","BOSS","M","?","M","$","?","R","$","E","T","R","?","?","M","$","R","BOSS","M","?","M","?","M","R","$","M","T","R","?","M","R","M","R","BOSS"],"items_purchased_type":["Relic","Card","Relic","Card","Card","Relic"],"build_version":"2020-12-22","purchased_purges":3,"victory":false,"max_hp_per_floor":[70,70,70,70,70,70,75,75,75,75,75,75,75,75,75,75,75,75,75,75,75,75,75,75,75,85,85,85,85,85,92,92,92,92,92,92,92,92,92,92,92,92,92,92,92,92,92,92,92,92,92],"card_choices":[{"not_picked":["Transmutation","Panache"],"picked":"HandOfGreed","floor":0.0},{"not_picked":["Outmaneuver","Poisoned Stab"],"picked":"Blade Dance","floor":1.0},{"not_picked":["Dagger Throw","Underhanded Strike"],"picked":"Accuracy","floor":3.0},{"not_picked":["Calculated Gamble","Setup"],"picked":"Glass Knife","floor":7.0},{"not_picked":["Poisoned Stab","Dagger Spray"],"picked":"Blade Dance","floor":10.0},{"not_picked":["Escape Plan","Flying Knee"],"picked":"Slice","floor":12.0},{"not_picked":["Prepared","Concentrate","Dash"],"picked":"SKIP","floor":13.0},{"not_picked":["Masterful Stab","Deflect"],"picked":"Accuracy","floor":14.0},{"not_picked":["Bullet Time","Corpse Explosion"],"picked":"Die Die Die","floor":16.0},{"not_picked":["Reflex","Setup","Bouncing Flask"],"picked":"SKIP","floor":18.0},{"not_picked":["Blur","PiercingWail"],"picked":"Footwork+1","floor":20.0},{"not_picked":["Concentrate+1","Flying Knee"],"picked":"Backstab+1","floor":22.0},{"not_picked":["Acrobatics","Terror","Dagger Throw"],"picked":"SKIP","floor":25.0},{"not_picked":["Underhanded Strike","Sucker Punch"],"picked":"Flying Knee+1","floor":30.0},{"not_picked":["Glass Knife","Grand Finale"],"picked":"Phantasmal Killer","floor":33.0},{"not_picked":["Backflip","Flying Knee"],"picked":"Cloak And Dagger","floor":35},{"not_picked":["Flash of Steel","Trip"],"picked":"Bandage Up","floor":36},{"not_picked":["Dark Shackles","PanicButton"],"picked":"Trip","floor":36},{"not_picked":["Panacea","PanicButton"],"picked":"Mayhem","floor":36},{"not_picked":["Bane","Sucker Punch","Deadly Poison+1"],"picked":"SKIP","floor":37},{"not_picked":["Distraction+1","Masterful Stab+1"],"picked":"Flying Knee+1","floor":39},{"not_picked":["Sucker Punch+1","Bane","Reflex+1"],"picked":"SKIP","floor":42},{"not_picked":["Dodge and Roll+1","Distraction+1"],"picked":"Infinite Blades","floor":46},{"not_picked":["Skewer+1","Dagger Spray"],"picked":"Blade Dance","floor":48}],"player_experience":2194007,"relics_obtained":[{"floor":12.0,"key":"Omamori"},{"floor":25.0,"key":"Pocketwatch"},{"floor":26.0,"key":"Pear"},{"floor":28.0,"key":"Red Mask"},{"floor":43,"key":"Smiling Mask"}],"event_choices":[{"cards_removed":["Strike_G"],"damage_healed":0.0,"max_hp_gain":0.0,"max_hp_loss":0.0,"gold_gain":0.0,"event_name":"The Cleric","player_choice":"Card Removal","floor":2.0,"gold_loss":50.0,"damage_taken":0.0},{"damage_healed":0.0,"max_hp_gain":0.0,"max_hp_loss":0.0,"gold_gain":0.0,"event_name":"Scrap Ooze","player_choice":"Success","floor":4.0,"gold_loss":0.0,"damage_taken":7.0,"relics_obtained":["Torii"]},{"damage_healed":0.0,"max_hp_gain":0.0,"max_hp_loss":0.0,"gold_gain":0.0,"event_name":"Golden Idol","player_choice":"Take Damage","floor":5.0,"gold_loss":0.0,"damage_taken":17.0,"relics_obtained":["Golden Idol"]},{"damage_healed":0.0,"max_hp_gain":0.0,"max_hp_loss":0.0,"gold_gain":75.0,"event_name":"World of Goop","player_choice":"Gather Gold","floor":11.0,"gold_loss":0.0,"damage_taken":11.0},{"damage_healed":0.0,"max_hp_gain":0.0,"max_hp_loss":0.0,"gold_gain":0.0,"event_name":"Duplicator","player_choice":"Copied","floor":19.0,"gold_loss":0.0,"damage_taken":0.0,"cards_obtained":["Blade Dance"]},{"damage_healed":0.0,"max_hp_gain":0.0,"max_hp_loss":0.0,"gold_gain":0.0,"event_name":"Masked Bandits","player_choice":"Fought Bandits","floor":28.0,"gold_loss":0.0,"damage_taken":0.0},{"cards_removed":["Defend_G"],"damage_healed":0.0,"max_hp_gain":0.0,"max_hp_loss":0.0,"gold_gain":0.0,"event_name":"Back to Basics","player_choice":"Elegance","floor":29.0,"gold_loss":0.0,"damage_taken":0.0},{"damage_healed":0,"gold_gain":0,"player_choice":"Memory 3","damage_taken":10,"max_hp_gain":0,"max_hp_loss":0,"event_name":"SensoryStone","floor":36,"gold_loss":0},{"damage_healed":0,"gold_gain":333,"player_choice":"Gave Idol","damage_taken":0,"max_hp_gain":0,"max_hp_loss":0,"event_name":"The Moai Head","floor":38,"relics_lost":["Golden Idol"],"gold_loss":0},{"damage_healed":0,"gold_gain":222,"player_choice":"Wore Mask","damage_taken":0,"max_hp_gain":0,"max_hp_loss":0,"event_name":"Tomb of Lord Red Mask","floor":45,"gold_loss":0}],"is_beta":false,"boss_relics":[{"not_picked":["Cursed Key","Tiny House"],"picked":"Empty Cage"},{"not_picked":["Runic Pyramid","HoveringKite"],"picked":"Black Star"}],"items_purged_floors":[21,24,41],"is_endless":false,"potions_floor_spawned":[3,7,18,28,30,39,42,46,48],"killed_by":"Awakened One","ascension_level":1}}