{"host":"qfskrnw3pl1q86j0","time":1609415936,"event":{"mods":["BaseMod","Block Reminder","Hermit","Marisa????????","Minty Spire (QoL Compilation)","Quick Restart","Random Character Button","Relic Stats","StSLib","The Poker Player","slay the spire mod where everything is the same but ironclad has a cowboy hat"],"gold_per_floor":[112,125,125,136,136,136,136,136,162,188,200,200,9,33,33,145,145,167,3,3,24,51,51,65,65,89,128,140,166,178,211,223,235,235],"floor_reached":33,"playtime":1252,"items_purged":["Defend_G"],"score":241,"play_id":"6c7d125c-6982-4747-ac37-e4bf680b9a74","local_time":"20201231125856","is_ascension_mode":false,"campfire_choices":[{"data":"Backstab","floor":6,"key":"SMITH"},{"data":"Survivor","floor":8,"key":"SMITH"},{"data":"Leg Sweep","floor":12,"key":"SMITH"},{"data":"Cloak And Dagger","floor":15,"key":"SMITH"},{"data":"Tools of the Trade","floor":23,"key":"SMITH"},{"data":"Choke","floor":28,"key":"SMITH"},{"data":"Underhanded Strike","floor":30,"key":"SMITH"},{"floor":32,"key":"REST"}],"circlet_count":0,"master_deck":["Strike_G","Strike_G","Strike_G","Strike_G","Defend_G","Defend_G","Defend_G+1","Survivor+1","Neutralize+1","Backstab+1","Blade Dance+1","Escape Plan","Leg Sweep+1","Cloak And Dagger+1","Backflip","Tools of the Trade+1","Backflip+1","Choke+1","Footwork+1","Blade Dance+1","Underhanded Strike+1","Blade Dance","Dagger Throw"],"relics":["Ring of the Snake","CeramicFish","ClockworkSouvenir","HoveringKite","MawBank"],"acts_visited":["Exordium","TheCity"],"potions_floor_usage":[16,16,29,33],"damage_taken":[{"damage":3,"enemies":"Jaw Worm","floor":1,"turns":4},{"damage":0,"enemies":"Small Slimes","floor":2,"turns":4},{"damage":0,"enemies":"2 Louse","floor":4,"turns":2},{"damage":4,"enemies":"Red Slaver","floor":10,"turns":3},{"damage":0,"enemies":"Lots of Slimes","floor":11,"turns":4},{"damage":4,"enemies":"Large Slime","floor":14,"turns":9},{"damage":12,"enemies":"Slime Boss","floor":16,"turns":11},{"damage":2,"enemies":"Chosen","floor":18,"turns":6},{"damage":1,"enemies":"2 Thieves","floor":21,"turns":4},{"damage":0,"enemies":"3 Cultists","floor":22,"turns":6},{"damage":6,"enemies":"Cultist and Chosen","floor":24,"turns":7},{"damage":0,"enemies":"Sentry and Sphere","floor":27,"turns":4},{"damage":4,"enemies":"Centurion and Healer","floor":29,"turns":5},{"damage":36,"enemies":"Snake Plant","floor":31,"turns":3},{"damage":48,"enemies":"Champ","floor":33,"turns":10}],"seed_played":"-6809283309830217038","potions_obtained":[{"floor":2,"key":"Swift Potion"},{"floor":4,"key":"Energy Potion"},{"floor":10,"key":"Strength Potion"},{"floor":18,"key":"LiquidBronze"},{"floor":24,"key":"Weak Potion"},{"floor":29,"key":"PowerPotion"}],"is_trial":false,"path_per_floor":["M","M","?","M","?","R","?","R","T","M","M","R","$","M","R","B",null,"M","$","?","M","M","R","M","?","T","M","R","M","R","M","R","B"],"character_chosen":"THE_SILENT","items_purchased":["ClockworkSouvenir","Cloak And Dagger","Choke","Footwork"],"campfire_rested":1,"item_purchase_floors":[13,13,19,19],"current_hp_per_floor":[67,67,53,53,58,58,58,58,58,54,54,54,54,50,50,38,75,73,73,73,72,72,72,66,66,66,66,66,62,62,26,48,0,0],"gold":235,"neow_bonus":"REMOVE_CARD","is_daily":false,"chose_seed":false,"campfire_upgraded":7,"win_rate":0.0,"timestamp":1609415936,"path_taken":["M","M","?","M","?","R","?","R","T","M","M","R","$","M","R","BOSS","M","$","?","M","M","R","?","?","T","M","R","?","R","M","R","BOSS"],"items_purchased_type":["Relic","Card","Card","Card"],"build_version":"2020-12-22","purchased_purges":1,"victory":false,"max_hp_per_floor":[70,70,70,70,75,75,75,75,75,75,75,75,75,75,75,75,75,75,75,75,75,75,75,75,75,75,75,75,75,75,75,75,75,75],"relic_stats":{"counters":[15,82],"CeramicFish":99,"HoveringKite":[27],"MawBank":84,"obtain_stats":[{"CeramicFish":9,"HoveringKite":17,"MawBank":26,"Ring of the Snake":0,"ClockworkSouvenir":13},{"CeramicFish":3,"HoveringKite":7,"MawBank":11,"Ring of the Snake":0,"ClockworkSouvenir":5},{"CeramicFish":10,"HoveringKite":37,"MawBank":60,"Ring of the Snake":0,"ClockworkSouvenir":17}],"Ring of the Snake":[30]},"card_choices":[{"not_picked":["Sucker Punch","Dash"],"picked":"Backstab","floor":1},{"not_picked":["Finisher","Catalyst"],"picked":"Blade Dance","floor":2},{"not_picked":["Skewer","Bane"],"picked":"Escape Plan","floor":4},{"not_picked":["Dodge and Roll","Deflect"],"picked":"Leg Sweep","floor":10},{"not_picked":["Deflect","Prepared","Outmaneuver"],"picked":"SKIP","floor":11},{"not_picked":["Deflect","Prepared","Outmaneuver"],"picked":"SKIP","floor":11},{"not_picked":["Catalyst","Dodge and Roll"],"picked":"Backflip","floor":14},{"not_picked":["Die Die Die","Wraith Form v2"],"picked":"Tools of the Trade","floor":16},{"not_picked":["Prepared","PiercingWail"],"picked":"Backflip+1","floor":18},{"not_picked":["Slice","Distraction"],"picked":"Blade Dance+1","floor":21},{"not_picked":["Blade Dance","Dagger Throw"],"picked":"Underhanded Strike","floor":22},{"not_picked":["Masterful Stab+1","Deflect","Cloak And Dagger"],"picked":"SKIP","floor":24},{"not_picked":["Caltrops","Distraction"],"picked":"Blade Dance","floor":27},{"not_picked":["Flying Knee","Bane","Die Die Die"],"picked":"SKIP","floor":29},{"not_picked":["Dagger Throw","Deflect+1","Poisoned Stab"],"picked":"SKIP","floor":31},{"not_picked":["Deflect+1","Poisoned Stab"],"picked":"Dagger Throw","floor":31}],"player_experience":882805,"relics_obtained":[{"floor":9,"key":"CeramicFish"},{"floor":26,"key":"MawBank"}],"event_choices":[{"damage_healed":0,"gold_gain":0,"player_choice":"Entered Light","damage_taken":14,"max_hp_gain":0,"max_hp_loss":0,"event_name":"Shining Light","floor":3,"gold_loss":0,"cards_upgraded":["Defend_G","Neutralize"]},{"damage_healed":0,"gold_gain":0,"player_choice":"Donut","damage_taken":0,"max_hp_gain":5,"max_hp_loss":0,"event_name":"Big Fish","floor":5,"gold_loss":0},{"damage_healed":0,"gold_gain":0,"player_choice":"Upgraded","damage_taken":0,"max_hp_gain":0,"max_hp_loss":0,"event_name":"Upgrade Shrine","floor":7,"gold_loss":0,"cards_upgraded":["Blade Dance"]},{"cards_removed":["Defend_G"],"damage_healed":0,"gold_gain":0,"player_choice":"Purged","damage_taken":0,"max_hp_gain":0,"max_hp_loss":0,"event_name":"Purifier","floor":20,"gold_loss":0},{"damage_healed":0,"gold_gain":0,"player_choice":"Upgraded","damage_taken":0,"max_hp_gain":0,"max_hp_loss":0,"event_name":"Upgrade Shrine","floor":25,"gold_loss":0,"cards_upgraded":["Footwork"]}],"is_beta":false,"boss_relics":[{"not_picked":["Runic Pyramid","Empty Cage"],"picked":"HoveringKite"}],"items_purged_floors":[19],"is_endless":false,"potions_floor_spawned":[2,4,10,14,18,24,29],"killed_by":"Champ","ascension_level":0}}