{"host":"Alvar","time":1609394100,"event":{"mods":["AchievementEnabler","Aspiration","BaseMod","Minty Spire (QoL Compilation)","StSLib"],"gold_per_floor":[117,117,117,130,148,148,175,175,201,213,213,238,238,255,255,332,332,351,351,351],"floor_reached":19,"playtime":657,"items_purged":[],"score":345,"play_id":"b5592db2-0688-4da3-882b-c5690ead5124","local_time":"20201231125500","is_ascension_mode":true,"campfire_choices":[{"data":"Poisoned Stab","floor":6.0,"key":"SMITH"},{"data":"Noxious Fumes","floor":11.0,"key":"SMITH"},{"data":"Dash","floor":13.0,"key":"SMITH"},{"data":"Deadly Poison","floor":15.0,"key":"SMITH"}],"circlet_count":0,"master_deck":["AscendersBane","Strike_G","Strike_G","Strike_G","Strike_G","Strike_G","Defend_G","Defend_G","Defend_G","Defend_G","Defend_G","Survivor","Neutralize","Deadly Poison+1","Dagger Spray","Poisoned Stab+1","Noxious Fumes+1","Dash+1","Escape Plan","A Thousand Cuts+1"],"relics":["Ring of the Snake","aspiration:Nostalgia","PureWater","Blood Vial","Bronze Scales","Frozen Egg 2","Fusion Hammer"],"acts_visited":["Exordium","TheCity"],"potions_floor_usage":[],"damage_taken":[{"damage":0.0,"enemies":"2 Louse","floor":1.0,"turns":3.0},{"damage":0.0,"enemies":"Small Slimes","floor":4.0,"turns":4.0},{"damage":0.0,"enemies":"Cultist","floor":5.0,"turns":3.0},{"damage":29.0,"enemies":"Lagavulin","floor":7.0,"turns":7.0},{"damage":0.0,"enemies":"3 Louse","floor":10.0,"turns":2.0},{"damage":25.0,"enemies":"3 Sentries","floor":12.0,"turns":7.0},{"damage":0.0,"enemies":"Lots of Slimes","floor":14.0,"turns":2.0},{"damage":37.0,"enemies":"Slime Boss","floor":16.0,"turns":10.0},{"damage":27.0,"enemies":"Shell Parasite","floor":18.0,"turns":5.0}],"seed_played":"-1304076413382964939","potions_obtained":[{"floor":4.0,"key":"SkillPotion"},{"floor":5.0,"key":"FearPotion"},{"floor":14.0,"key":"DistilledChaos"},{"floor":16.0,"key":"Fire Potion"}],"is_trial":false,"path_per_floor":["M","?","?","M","M","R","E","?","T","M","R","E","R","M","R","B",null,"M","$"],"character_chosen":"THE_SILENT","items_purchased":[],"campfire_rested":0,"item_purchase_floors":[],"current_hp_per_floor":[59,59,59,59,59,59,30,66,66,66,66,41,41,43,43,8,52,27,27,27],"gold":351,"neow_bonus":"NOSTALGIA","is_daily":false,"chose_seed":false,"campfire_upgraded":4,"win_rate":0.0,"timestamp":1609394100,"path_taken":["M","?","?","M","M","R","E","?","T","M","R","E","R","?","R","BOSS","M","$"],"items_purchased_type":[],"build_version":"2020-12-18","purchased_purges":0,"victory":false,"max_hp_per_floor":[66,66,66,66,66,66,66,66,66,66,66,66,66,66,66,66,66,66,66,66],"card_choices":[{"not_picked":["Backflip","Escape Plan"],"picked":"Deadly Poison","floor":1.0},{"not_picked":["Reflex","Slice"],"picked":"Dagger Spray","floor":4.0},{"not_picked":["Masterful Stab","Distraction"],"picked":"Poisoned Stab","floor":5.0},{"not_picked":["Tactician","Cloak And Dagger"],"picked":"Noxious Fumes","floor":7.0},{"not_picked":["Cloak And Dagger","Deadly Poison"],"picked":"Dash","floor":10.0},{"not_picked":["Deadly Poison","Prepared","Underhanded Strike"],"picked":"SKIP","floor":12.0},{"not_picked":["Slice","Dagger Spray"],"picked":"Escape Plan","floor":14.0},{"not_picked":["Burst","After Image+1"],"picked":"A Thousand Cuts+1","floor":16.0},{"not_picked":["Underhanded Strike","Dodge and Roll","Blade Dance"],"picked":"SKIP","floor":18.0}],"player_experience":757552,"relics_obtained":[{"floor":7.0,"key":"Blood Vial"},{"floor":9.0,"key":"Bronze Scales"},{"floor":12.0,"key":"Frozen Egg 2"}],"event_choices":[{"damage_healed":0.0,"max_hp_gain":0.0,"max_hp_loss":0.0,"gold_gain":0.0,"event_name":"Liars Game","player_choice":"Ignored","floor":2.0,"gold_loss":0.0,"damage_taken":0.0},{"damage_healed":0.0,"max_hp_gain":0.0,"max_hp_loss":0.0,"gold_gain":0.0,"event_name":"The Cleric","player_choice":"Leave","floor":3.0,"gold_loss":0.0,"damage_taken":0.0},{"damage_healed":36.0,"max_hp_gain":0.0,"max_hp_loss":0.0,"gold_gain":0.0,"event_name":"Wheel of Change","player_choice":"Full Heal","floor":8.0,"gold_loss":0.0,"damage_taken":0.0}],"is_beta":true,"boss_relics":[{"not_picked":["Empty Cage","aspiration:RitualDagger"],"picked":"Fusion Hammer"}],"items_purged_floors":[],"is_endless":false,"potions_floor_spawned":[4,5,14,16],"ascension_level":19}}