{"host":"9n6i2vl93jt4o42q","time":1609415667,"event":{"mods":["BaseMod","Minty Spire (QoL Compilation)","Relic Stats"],"gold_per_floor":[114,39,50,50,50,76,76,76,76],"floor_reached":8,"playtime":398,"items_purged":["Writhe"],"score":108,"play_id":"3194d5fd-3155-4f53-9895-ab9326a5a4d1","local_time":"20201231125427","is_ascension_mode":true,"campfire_choices":[{"floor":7.0,"key":"REST"}],"circlet_count":0,"master_deck":["AscendersBane","Strike_G","Strike_G","Strike_G","Strike_G","Strike_G","Defend_G","Defend_G","Defend_G","Defend_G","Defend_G","Survivor","Neutralize","Bouncing Flask","Acrobatics","Unload"],"relics":["Ring of the Snake","Peace Pipe","PreservedInsect","Pen Nib"],"acts_visited":["Exordium"],"potions_floor_usage":[8],"damage_taken":[{"damage":3.0,"enemies":"Small Slimes","floor":1.0,"turns":5.0},{"damage":3.0,"enemies":"Jaw Worm","floor":3.0,"turns":4.0},{"damage":7.0,"enemies":"Lagavulin","floor":6.0,"turns":5.0},{"damage":35,"enemies":"3 Sentries","floor":8,"turns":6}],"seed_played":"2218379537978910150","potions_obtained":[{"floor":1.0,"key":"Weak Potion"},{"floor":6.0,"key":"FearPotion"}],"is_trial":false,"path_per_floor":["M","$","M","?","?","E","R","E"],"character_chosen":"THE_SILENT","items_purchased":[],"campfire_rested":1,"item_purchase_floors":[],"current_hp_per_floor":[56,56,53,18,18,11,30,0,0],"gold":76,"neow_bonus":"ONE_RARE_RELIC","is_daily":false,"chose_seed":false,"campfire_upgraded":0,"win_rate":0.0,"timestamp":1609415667,"path_taken":["M","$","M","?","?","E","R","E"],"items_purchased_type":[],"build_version":"2020-12-22","purchased_purges":1,"victory":false,"max_hp_per_floor":[66,66,66,66,66,66,66,66,66],"relic_stats":{"Peace Pipe":0,"counters":[4,20],"PreservedInsect":60,"Pen Nib":[0],"obtain_stats":[{"Peace Pipe":0,"PreservedInsect":4,"Pen Nib":6,"Ring of the Snake":0},{"Peace Pipe":0,"PreservedInsect":2,"Pen Nib":3,"Ring of the Snake":0},{"Peace Pipe":0,"PreservedInsect":9,"Pen Nib":14,"Ring of the Snake":0}],"Ring of the Snake":[8]},"card_choices":[{"not_picked":["Leg Sweep","Infinite Blades"],"picked":"Bouncing Flask","floor":1.0},{"not_picked":["Setup","Dodge and Roll"],"picked":"Acrobatics","floor":3.0},{"not_picked":["Blade Dance","Dagger Throw"],"picked":"Unload","floor":6.0}],"player_experience":1998163,"relics_obtained":[{"floor":6.0,"key":"Pen Nib"}],"event_choices":[{"damage_healed":0.0,"max_hp_gain":0.0,"max_hp_loss":0.0,"gold_gain":0.0,"event_name":"Scrap Ooze","player_choice":"Success","floor":4.0,"gold_loss":0.0,"damage_taken":35.0,"relics_obtained":["PreservedInsect"]},{"damage_healed":0.0,"max_hp_gain":0.0,"max_hp_loss":0.0,"gold_gain":0.0,"event_name":"Liars Game","player_choice":"Ignored","floor":5.0,"gold_loss":0.0,"damage_taken":0.0}],"is_beta":false,"boss_relics":[],"items_purged_floors":[2],"is_endless":false,"potions_floor_spawned":[1,6],"killed_by":"3 Sentries","ascension_level":20}}