{"host":"6to8m083wj0ro91z","time":1609453656,"event":{"mods":["BaseMod","Better Third Choice","BetterRewards","CatGirl Mod","ChefMod","Friendly Minions","GungeonMod","Hubris","Mad Scientist","Marisa????????","Minty Spire (QoL Compilation)","Shade Mod","Spicy Shops","StSLib","The Blackbeard","The Death Knight","The Dragon Tamer","The Gatherer","The Marked","The Mystic","The Necromancer","The Servant 0.9.4"],"gold_per_floor":[110,124,124,141,154,189,189,218,245,255,255,286,286,300,300,398,398,410,21,36,47,66,93,113,113,113,113,125,140,159,172,184,184,184,283,283,299,124,138,156,156,191,191,205,251,251,261,274,288,302,302,302,302,302,63,94,94],"floor_reached":58,"playtime":4452,"items_purged":["theMarked:Strike","theMarked:Strike","theMarked:Strike","theMarked:Strike","theMarked:Strike"],"score":1185,"play_id":"486af88e-16e5-4c3a-83ea-aa02eb087a74","local_time":"20201231232736","is_ascension_mode":true,"campfire_choices":[{"data":"theMarked:BanishingStrike","floor":7,"key":"SMITH"},{"data":"theMarked:WardOff","floor":13,"key":"SMITH"},{"data":"theMarked:SoldierOfQuellstein","floor":15,"key":"SMITH"},{"data":"theMarked:Levitate","floor":25,"key":"SMITH"},{"data":"theMarked:BindingBlade","floor":27,"key":"SMITH"},{"data":"theMarked:BanishingWave","floor":33,"key":"SMITH"},{"data":"theMarked:BindingBlade","floor":46,"key":"SMITH"},{"floor":51,"key":"RECALL"},{"data":"theMarked:DeterminationOfTheMarked","floor":54,"key":"SMITH"}],"circlet_count":0,"master_deck":["theMarked:Defend","theMarked:Defend","theMarked:Defend","theMarked:Defend","theMarked:SoldierOfQuellstein+1","theMarked:BanishingStrike+1","theMarked:Seal+1","theMarked:WardOff+1","theMarked:DeterminationOfTheMarked+1","theMarked:BindingBlade+1","theMarked:MysticalArsenal+1","theMarked:BanishingWave+1","theMarked:Levitate+1","theMarked:TwofoldDefense","theMarked:BindingBlade+1","Madness","Madness","theMarked:WardOff+1"],"relics":["theMarked:ArtifactOfAir","ClockworkSouvenir","Singing Bowl","DemoMod:SerJunkan","DemoMod:Junk","DemoMod:PinkGuonStone","hubris:VirtuousBlindfold","Frozen Egg 2","DemoMod:RatBoots","DemoMod:ResourcefulSack","DemoMod:PartiallyEatenCheese","Coffee Dripper","hubris:Towel","InkBottle","theMarked:DemonDagger"],"acts_visited":["Exordium","TheCity","TheCity","TheBeyond","TheEnding"],"potions_floor_usage":[6,23,23,31,34,57,57,57],"damage_taken":[{"damage":0,"enemies":"Cultist","floor":1,"turns":4},{"damage":2,"enemies":"Small Slimes","floor":2,"turns":4},{"damage":1,"enemies":"Jaw Worm","floor":4,"turns":2},{"damage":1,"enemies":"2 Fungi Beasts","floor":5,"turns":3},{"damage":16,"enemies":"3 Sentries","floor":6,"turns":9},{"damage":9,"enemies":"Gremlin Nob","floor":8,"turns":3},{"damage":0,"enemies":"Lots of Slimes","floor":10,"turns":6},{"damage":5,"enemies":"3 Sentries","floor":12,"turns":9},{"damage":0,"enemies":"Large Slime","floor":14,"turns":2},{"damage":0,"enemies":"Slime Boss","floor":16,"turns":6},{"damage":0,"enemies":"Chosen","floor":18,"turns":3},{"damage":0,"enemies":"Spheric Guardian","floor":20,"turns":3},{"damage":0,"enemies":"Snecko","floor":21,"turns":2},{"damage":0,"enemies":"Snake Plant","floor":22,"turns":2},{"damage":4,"enemies":"Slavers","floor":23,"turns":4},{"damage":0,"enemies":"Cultist and Chosen","floor":24,"turns":3},{"damage":0,"enemies":"DemoMod:2_Veteran_bullet_kins_and_red_shotgun_kin","floor":28,"turns":3},{"damage":0,"enemies":"DemoMod:4_Bullet_Kins","floor":29,"turns":4},{"damage":9,"enemies":"DemoMod:Veteran_shot_gun_kin_and_blue_shotgun_kin_with_gunsinger","floor":30,"turns":4},{"damage":0,"enemies":"DemoMod:Red_and_blue_shotgun_kin_with_gunsinger","floor":31,"turns":3},{"damage":1,"enemies":"DemoMod:Veteran_shot_gun_kin_and_red_shotgun_kin_with_gunsinger","floor":32,"turns":2},{"damage":3,"enemies":"DemoMod:ResourcefulRat","floor":35,"turns":9},{"damage":0,"enemies":"3 Darklings","floor":37,"turns":2},{"damage":0,"enemies":"3 Shapes","floor":39,"turns":2},{"damage":0,"enemies":"Jaw Worm Horde","floor":40,"turns":3},{"damage":0,"enemies":"Giant Head","floor":42,"turns":5},{"damage":0,"enemies":"Spire Growth","floor":44,"turns":1},{"damage":0,"enemies":"Sphere and 2 Shapes","floor":47,"turns":3},{"damage":0,"enemies":"4 Shapes","floor":48,"turns":3},{"damage":0,"enemies":"Transient","floor":49,"turns":5},{"damage":0,"enemies":"Sphere and 2 Shapes","floor":50,"turns":3},{"damage":0,"enemies":"Donu and Deca","floor":52,"turns":6},{"damage":19,"enemies":"Shield and Spear","floor":56,"turns":4},{"damage":13,"enemies":"The Heart","floor":57,"turns":7}],"seed_played":"5783094128946738878","potions_obtained":[{"floor":2,"key":"Dexterity Potion"},{"floor":5,"key":"Swift Potion"},{"floor":8,"key":"SpeedPotion"},{"floor":14,"key":"Explosive Potion"},{"floor":24,"key":"Fire Potion"},{"floor":32,"key":"SpeedPotion"},{"floor":35,"key":"theMarked:ChargePotion"},{"floor":39,"key":"DuplicationPotion"},{"floor":49,"key":"LiquidBronze"}],"is_trial":false,"path_per_floor":["M","M","?","M","M","E","R","E","T","M","T","E","R","M","R","B",null,"M","$","M","M","M","E","M","R","T","R","M","M","M","M","M","R","B","B",null,"M","$","M","M","?","E","?","M","T","R","M","M","M","M","R","B",null,"R","$","E","B",null],"character_chosen":"THE_DEFAULT","items_purchased":["ClockworkSouvenir","Singing Bowl","theMarked:BanishingStrike","DemoMod:GnawedKey","Frozen Egg 2","InkBottle"],"campfire_rested":0,"item_purchase_floors":[0,0,0,0,19,55],"current_hp_per_floor":[38,38,38,37,38,24,24,15,15,17,24,21,21,23,23,23,89,91,91,91,91,93,89,89,89,93,93,95,97,90,92,93,93,78,77,107,109,109,111,113,99,99,99,101,101,101,103,105,107,109,109,109,123,123,123,106,93],"gold":94,"neow_bonus":"","is_daily":false,"chose_seed":false,"campfire_upgraded":8,"win_rate":0.0,"timestamp":1609453656,"path_taken":["M","?","?","?","M","E","R","E","T","M","?","E","R","M","R","BOSS","M","$","M","M","M","E","M","R","T","R","M","M","M","M","M","R","BOSS","BOSS","M","$","M","M","?","E","?","M","T","R","M","M","M","M","R","BOSS","R","$","E","BOSS"],"items_purchased_type":["Relic","Relic","Card","Relic","Relic","Relic"],"build_version":"2020-12-22","purchased_purges":5,"victory":true,"max_hp_per_floor":[70,72,72,72,74,76,76,76,76,78,85,87,87,89,89,89,89,91,91,91,91,93,93,93,93,93,93,95,97,99,101,103,103,103,105,107,109,109,111,113,113,113,113,115,115,115,117,119,121,123,123,123,123,123,123,125,125],"card_choices":[{"not_picked":["theMarked:Standoff","theMarked:StartUp"],"picked":"theMarked:Seal","floor":1},{"not_picked":["theMarked:ElementalBlade","theMarked:TwofoldDefense","theMarked:WastefulDefense"],"picked":"Singing Bowl","floor":2},{"not_picked":["theMarked:ComboAttacks","theMarked:Aftermath"],"picked":"theMarked:WardOff","floor":4},{"not_picked":["theMarked:TakeOffHeels","theMarked:EmpowerWeapon","theMarked:Parkour"],"picked":"Singing Bowl","floor":5},{"not_picked":["theMarked:Generate","theMarked:Indomitable","theMarked:SoldierForm"],"picked":"Singing Bowl","floor":6},{"not_picked":["theMarked:Parry","theMarked:WastefulDefense"],"picked":"theMarked:DeterminationOfTheMarked","floor":8},{"not_picked":["theMarked:Opportunist","theMarked:Improvise","theMarked:TunnelVision"],"picked":"Singing Bowl","floor":10},{"not_picked":["theMarked:Aftermath","theMarked:Opportunist","theMarked:RogueSparks"],"picked":"Singing Bowl","floor":12},{"not_picked":["theMarked:WastefulDefense","theMarked:ElectricStrings","theMarked:RepellingDischarge"],"picked":"Singing Bowl","floor":14},{"not_picked":["theMarked:TurnInvisible","theMarked:Snap"],"picked":"theMarked:BindingBlade","floor":16},{"not_picked":["theMarked:Parry","theMarked:ElementalBlade","theMarked:Improvise"],"picked":"Singing Bowl","floor":18},{"not_picked":["theMarked:Aftermath","theMarked:Opportunist+1"],"picked":"theMarked:MysticalArsenal+1","floor":20},{"not_picked":["theMarked:ComboAttacks+1","theMarked:EmpowerWeapon"],"picked":"theMarked:BanishingWave","floor":21},{"not_picked":["theMarked:PowerFlow","theMarked:ContemptForTheProud","theMarked:Generate"],"picked":"Singing Bowl","floor":22},{"not_picked":["theMarked:ShockingTouch","theMarked:WastefulDefense"],"picked":"theMarked:Levitate","floor":23},{"not_picked":["theMarked:WastefulDefense","theMarked:MysticalArsenal+1"],"picked":"theMarked:TwofoldDefense","floor":24},{"not_picked":["theMarked:Improvise+1","theMarked:Parkour","theMarked:SelfDefenseTraining"],"picked":"Singing Bowl","floor":28},{"not_picked":["theMarked:MaelstromOfLightning","theMarked:Improvise+1","theMarked:Standoff+1"],"picked":"Singing Bowl","floor":29},{"not_picked":["theMarked:RogueSparks+1","theMarked:Indomitable+1","theMarked:TakeCover+1"],"picked":"Singing Bowl","floor":30},{"not_picked":["theMarked:EternalStudent","theMarked:Polarize","theMarked:EmpowerWeapon+1"],"picked":"Singing Bowl","floor":31},{"not_picked":["theMarked:TwofoldDefense+1","theMarked:Improvise","theMarked:EmpowerWeapon"],"picked":"Singing Bowl","floor":32},{"not_picked":["DemoMod:Elimentaler"],"picked":"Singing Bowl","floor":35},{"not_picked":["theMarked:Defy","theMarked:Abjuration"],"picked":"theMarked:BindingBlade","floor":35},{"not_picked":["theMarked:RepellingDischarge+1","theMarked:WardOff","theMarked:Parry+1"],"picked":"Singing Bowl","floor":36},{"not_picked":["theMarked:WastefulDefense","theMarked:Convert+1","theMarked:TakeCover+1"],"picked":"Singing Bowl","floor":37},{"not_picked":["theMarked:Aftermath+1","theMarked:ParalyzingBlade+1","theMarked:TakeCover"],"picked":"Singing Bowl","floor":39},{"not_picked":["theMarked:WastefulAttack","theMarked:ComboAttacks+1","theMarked:MysticalArsenal+1"],"picked":"Singing Bowl","floor":40},{"not_picked":["theMarked:WastefulAttack","theMarked:DispelDoubt"],"picked":"theMarked:WardOff+1","floor":42},{"not_picked":["theMarked:BanishingStrike+1","theMarked:Frustration+1","theMarked:Polarize+1"],"picked":"Singing Bowl","floor":44},{"not_picked":["theMarked:ElectricStrings","theMarked:Aftermath","theMarked:Improvise+1"],"picked":"Singing Bowl","floor":47},{"not_picked":["theMarked:SelfDefenseTraining","theMarked:Abjuration","theMarked:SwordAndMagic+1"],"picked":"Singing Bowl","floor":48},{"not_picked":["theMarked:ShockingTouch+1","theMarked:Frustration+1","theMarked:WastefulDefense+1"],"picked":"Singing Bowl","floor":49},{"not_picked":["theMarked:ParalyzingBlade","theMarked:Frustration+1","theMarked:MaelstromOfLightning+1"],"picked":"Singing Bowl","floor":50},{"not_picked":["theMarked:RogueSparks+1","theMarked:EmpowerWeapon+1","theMarked:DispelDoubt"],"picked":"Singing Bowl","floor":56}],"player_experience":1065676,"relics_obtained":[{"floor":6,"key":"DemoMod:SerJunkan"},{"floor":8,"key":"DemoMod:Junk"},{"floor":11,"key":"DemoMod:PinkGuonStone"},{"floor":12,"key":"DemoMod:Junk"},{"floor":23,"key":"DemoMod:Junk"},{"floor":36,"key":"DemoMod:RatBoots"},{"floor":36,"key":"DemoMod:ResourcefulSack"},{"floor":36,"key":"DemoMod:PartiallyEatenCheese"},{"floor":36,"key":"Coffee Dripper"},{"floor":42,"key":"DemoMod:Junk"},{"floor":45,"key":"DemoMod:Junk"},{"floor":56,"key":"theMarked:DemonDagger"}],"event_choices":[{"damage_healed":0,"gold_gain":0,"player_choice":"Upgraded","damage_taken":0,"max_hp_gain":0,"max_hp_loss":0,"event_name":"Upgrade Shrine","floor":3,"gold_loss":0,"cards_upgraded":["theMarked:Seal"]},{"damage_healed":0,"gold_gain":0,"player_choice":"Embrace Madness","damage_taken":14,"max_hp_gain":0,"max_hp_loss":0,"event_name":"Winding Halls","floor":41,"gold_loss":0,"cards_obtained":["Madness","Madness"]}],"is_beta":false,"boss_relics":[{"not_picked":["Astrolabe","Pandora\u0027s Box"],"picked":"hubris:VirtuousBlindfold"},{"not_picked":[]}],"items_purged_floors":[0,0,0,19,38],"is_endless":false,"potions_floor_spawned":[2,5,8,14,20,22,24,32,35,39,44,47,49,56],"ascension_level":1}}