{"host":"h5golg54dem4i27y","time":1609380084,"event":{"mods":["BaseMod","Colored Map","Colored Powertips","Minty Spire (QoL Compilation)","Replay The Spire","StSLib","SuperFastMode","The Hierophant"],"gold_per_floor":[215,32,32,49,62,96,114,147,223,74,93,93,103,103,103,103,103],"floor_reached":16,"playtime":1611,"items_purged":["Strike_G","Defend_G"],"score":179,"play_id":"8149c0e1-e766-4b13-aa4e-5f2ec509e9ff","local_time":"20201231110124","is_ascension_mode":true,"campfire_choices":[{"data":"Masterful Stab","floor":15,"key":"SMITH"}],"circlet_count":0,"master_deck":["AscendersBane","Strike_G","Strike_G","Strike_G","Defend_G","Defend_G","Defend_G","Survivor","Neutralize","Dagger Throw","Masterful Stab+1","ReplayTheSpireMod:IOU","Masterful Stab+1","Acrobatics","Outmaneuver"],"relics":["Ring of the Snake","Replay:Wax Seal","Question Card","Lizard Tail","Blue Candle"],"acts_visited":["Exordium"],"potions_floor_usage":[6,7,8,16,16],"damage_taken":[{"damage":7.0,"enemies":"2 Louse","floor":1.0,"turns":4.0},{"damage":3,"enemies":"Small Slimes","floor":4,"turns":3},{"damage":0,"enemies":"Cultist","floor":5,"turns":3},{"damage":22,"enemies":"3 Sentries","floor":6,"turns":6},{"damage":0,"enemies":"Exordium Wildlife","floor":7,"turns":3},{"damage":25,"enemies":"Lagavulin","floor":8,"turns":6},{"damage":0,"enemies":"Exordium Thugs","floor":11,"turns":5},{"damage":0,"enemies":"Looter","floor":13,"turns":3},{"damage":40,"enemies":"The Guardian","floor":16,"turns":7}],"seed_played":"-8355531129471847240","potions_obtained":[{"floor":4,"key":"Death Potion"},{"floor":6,"key":"Swift Potion"},{"floor":8,"key":"PowerPotion"}],"is_trial":false,"path_per_floor":["M","$","?","M","M","E","M","E","T","$","M","?","M","?","R","B"],"character_chosen":"THE_SILENT","items_purchased":["Replay:Wax Seal","Masterful Stab","Explosive Potion","FearPotion"],"campfire_rested":0,"item_purchase_floors":[2,2,2,10],"current_hp_per_floor":[56,56,56,53,53,31,31,6,6,6,6,6,6,35,35,0,0],"gold":103,"neow_bonus":"HUNDRED_GOLD","is_daily":false,"chose_seed":false,"campfire_upgraded":1,"win_rate":0.0,"timestamp":1609380084,"path_taken":["M","$","?","M","M","E","M","E","T","$","M","?","?","?","R","BOSS"],"items_purchased_type":["Relic","Card","Potion","Potion"],"build_version":"2020-12-22","purchased_purges":2,"victory":false,"max_hp_per_floor":[70,70,70,70,70,70,70,70,70,70,70,70,70,70,70,70,70],"card_choices":[{"not_picked":["ReplayTheSpireMod:Exploit Weakness","Infinite Blades"],"picked":"Dagger Throw","floor":1.0},{"not_picked":["PiercingWail","Quick Slash"],"picked":"Masterful Stab","floor":4},{"not_picked":["ReplayTheSpireMod:Tripwire","PiercingWail","Flying Knee"],"picked":"SKIP","floor":5},{"not_picked":["Outmaneuver","Dagger Throw","Bane"],"picked":"SKIP","floor":6},{"not_picked":["Blur","Masterful Stab","Dash"],"picked":"Acrobatics","floor":7},{"not_picked":["Outmaneuver","Bane","Acrobatics","Poison Darts"],"picked":"SKIP","floor":8},{"not_picked":["Bane","Blade Dance","Sucker Punch","Slice"],"picked":"SKIP","floor":11},{"not_picked":["ReplayTheSpireMod:Scrap Shanks","Finisher","Slice","Skewer"],"picked":"SKIP","floor":13}],"player_experience":635720,"relics_obtained":[{"floor":6,"key":"Question Card"},{"floor":8,"key":"Lizard Tail"},{"floor":9,"key":"Blue Candle"}],"event_choices":[{"damage_healed":0,"gold_gain":0,"cards_transformed":["Strike_G"],"player_choice":"Transformed","damage_taken":0,"max_hp_gain":0,"max_hp_loss":0,"event_name":"Transmorgrifier","floor":12,"gold_loss":0,"cards_obtained":["Outmaneuver"]},{"cards_removed":["Defend_G"],"damage_healed":0,"gold_gain":0,"player_choice":"Card Removal","damage_taken":7,"max_hp_gain":0,"max_hp_loss":0,"event_name":"Golden Wing","floor":14,"gold_loss":0}],"is_beta":false,"boss_relics":[],"items_purged_floors":[2,10],"is_endless":false,"potions_floor_spawned":[4,6,8,13],"killed_by":"The Guardian","ascension_level":12}}