{"host":"wghdsg8ym2wc7ov9","time":1609427743,"event":{"mods":["A Magickal Journey","AchievementEnabler","Astrologer","BaseMod","Beaked The Cultist","Better Altar","Better Note","Colored Map","Hermit","Highlight Path","Jorbs\u0027s Wanderer Trilogy","KinomotoSakuraMod(????)","Minty Spire (QoL Compilation)","Random Character Button","Relic Stats","SIMod","Shop Mod","StSLib","The Blackbeard","The Bladedancer","The Construct","The Cursed","The Death Knight","The Gatherer","The Hierophant","The Marked","The Mystic","The Necromancer","The Runesmith","The Senshi","The Servant 0.9.4","The Vixen"],"gold_per_floor":[119,119,134,158,158,197,197,216,241,25,46,46,99,132,132,132,132],"floor_reached":16,"playtime":2226,"items_purged":[],"score":162,"play_id":"9596b1cb-3043-4550-8d9b-b733a48f5e12","local_time":"20201231071543","is_ascension_mode":false,"campfire_choices":[{"floor":7,"key":"REST"},{"data":"Discovery","floor":12,"key":"SMITH"},{"floor":15,"key":"REST"}],"circlet_count":0,"master_deck":["Strike_AJ","Strike_TS","Strike_RR","Strike_RD","Defend_TS","Defend_PP","Defend_FS","Defend_AJ","ConcertedEfforts","HarmonyShield","AllByMyself","Anxiousness","CleanLibrary","FriendOfNature","Magic_Beam","PinkiePromise","MirrorLake","ThunderCloud","PartyAlone","Yay","Discovery+1","Boundary","Perfectionism","FollowTherRainbow","FarmExpert","InspirationRecovery","TakeTheLead","Lasso","Boundary","Batlization"],"relics":["The_element_of_harmony","Golden Idol","Hyacinth","Bronze Scales","CeramicFish"],"acts_visited":["Exordium"],"potions_floor_usage":[16,16],"damage_taken":[{"damage":3,"enemies":"2 Louse","floor":1,"turns":4},{"damage":2,"enemies":"Small Slimes","floor":3,"turns":4},{"damage":7,"enemies":"Cultist","floor":4,"turns":4},{"damage":56,"enemies":"Gremlin Nob","floor":6,"turns":5},{"damage":0,"enemies":"Exordium Wildlife","floor":8,"turns":4},{"damage":6,"enemies":"Looter","floor":11,"turns":2},{"damage":44,"enemies":"3 Sentries","floor":13,"turns":9},{"damage":12,"enemies":"Exordium Thugs","floor":14,"turns":4},{"damage":68,"enemies":"Slime Boss","floor":16,"turns":12}],"seed_played":"2372360702450888237","potions_obtained":[{"floor":8,"key":"Dexterity Potion"},{"floor":11,"key":"FearPotion"}],"is_trial":false,"path_per_floor":["M","?","M","M","?","E","R","M","T","$","M","R","E","M","R","B"],"character_chosen":"TWI_CLASS","items_purchased":["Discovery","Boundary","Perfectionism","FollowTherRainbow"],"campfire_rested":2,"item_purchase_floors":[10,10,10,10],"current_hp_per_floor":[87,87,85,81,81,25,52,57,57,57,51,51,29,17,44,0,0],"gold":132,"neow_bonus":"TEN_PERCENT_HP_BONUS","is_daily":false,"chose_seed":false,"campfire_upgraded":1,"win_rate":0.0,"timestamp":1609427743,"path_taken":["M","?","M","M","?","E","R","?","T","$","M","R","E","M","R","BOSS"],"items_purchased_type":["Card","Card","Card","Card"],"build_version":"2020-12-22","purchased_purges":0,"victory":false,"max_hp_per_floor":[90,90,90,90,90,90,90,90,90,90,90,90,90,90,90,180,180],"relic_stats":{"counters":[9,48],"Golden Idol":34,"Bronze Scales":[57],"CeramicFish":36,"obtain_stats":[{"Golden Idol":2,"Bronze Scales":9,"CeramicFish":13,"The_element_of_harmony":0,"Hyacinth":6},{"Golden Idol":1,"Bronze Scales":5,"CeramicFish":7,"The_element_of_harmony":0,"Hyacinth":4},{"Golden Idol":4,"Bronze Scales":21,"CeramicFish":32,"The_element_of_harmony":0,"Hyacinth":17}]},"card_choices":[{"not_picked":["Return_To_Past"],"picked":"AllByMyself","floor":1},{"not_picked":["PartyTime"],"picked":"Anxiousness","floor":1},{"not_picked":["Anxiousness"],"picked":"CleanLibrary","floor":3},{"not_picked":["Louder"],"picked":"FriendOfNature","floor":3},{"not_picked":["GemstoneDetection"],"picked":"Magic_Beam","floor":4},{"not_picked":["HideCarefully"],"picked":"PinkiePromise","floor":4},{"not_picked":["Yay"],"picked":"MirrorLake","floor":6},{"not_picked":["Mischief"],"picked":"ThunderCloud","floor":6},{"not_picked":["Dear_Princess"],"picked":"PartyAlone","floor":8},{"not_picked":["Charge"],"picked":"Yay","floor":8},{"not_picked":["Yay"],"picked":"FarmExpert","floor":11},{"not_picked":["KillingWithKindness"],"picked":"InspirationRecovery","floor":11},{"not_picked":["Return_To_Past"],"picked":"TakeTheLead","floor":13},{"not_picked":["BehindTheScene"],"picked":"Lasso","floor":13},{"not_picked":["PinkiePromise"],"picked":"Boundary","floor":14},{"not_picked":["Celebrities"],"picked":"Batlization","floor":14}],"player_experience":562504,"relics_obtained":[{"floor":6,"key":"Hyacinth"},{"floor":9,"key":"Bronze Scales"},{"floor":13,"key":"CeramicFish"}],"event_choices":[{"damage_healed":0,"gold_gain":0,"player_choice":"Take Wound","damage_taken":0,"relics_obtained":["Golden Idol"],"max_hp_gain":0,"max_hp_loss":0,"event_name":"Golden Idol","floor":2,"gold_loss":0,"cards_obtained":["Injury"]},{"cards_removed":["Injury"],"damage_healed":0,"gold_gain":0,"player_choice":"Card Removal","damage_taken":0,"max_hp_gain":0,"max_hp_loss":0,"event_name":"Wheel of Change","floor":5,"gold_loss":0}],"is_beta":false,"boss_relics":[],"items_purged_floors":[],"is_endless":false,"potions_floor_spawned":[8,11],"killed_by":"Slime Boss","ascension_level":0}}