{"host":"ql2ou8pbwhrolc4x","time":1609391436,"event":{"mods":["2.2 Compatiblity","Act Like it!","Arknights The Spire","BaseMod","Better Third Choice","Colored Map","Colored Powertips","Gensokyo","Hallownest","Hubris","Infinite Spire","Lobotomy","LobotomyExtend","Marisa£¨Ùöéë¡¡Øª×âÞÞ£©","Minty Spire (QoL Compilation)","Random Character Button","Replay The Spire","Spicy Shops","StSLib","The Jungle","WarShipGirlsR/??á´Ò³R mod","vexMod","¡¼?Úª?ø«¡½REMEMod"],"gold_per_floor":[113,113,132,51,62,62,92,92,115,115,126,126,126,144,144,174,174],"floor_reached":16,"playtime":562,"items_purged":[],"score":100,"play_id":"97eb3835-672c-4a7a-b0ab-fcb719ea4cd7","local_time":"20201231141036","is_ascension_mode":false,"campfire_choices":[{"data":"ats:Emotion Absorption","floor":6,"key":"SMITH"},{"data":"ats:Ignite","floor":8,"key":"SMITH"},{"data":"ats:Sword Rain","floor":10,"key":"SMITH"},{"data":"ats:Rat Pack","floor":15,"key":"SMITH"}],"circlet_count":0,"master_deck":["ats:Strike C","ats:Strike G","ats:Strike V","ats:Armor Crushing Shot","ats:Defend","ats:Defend","ats:Defend","ats:Defend","ats:Emotion Absorption+1","Die Die Die","ats:Shell Defense","ats:Sword Rain+1","ats:Ignite+1","ats:Rat Pack+1","ats:Explosion Area Strengthen","ats:Very Hot Blade"],"relics":["ats:Sanity","REME_ComplimentaryCards","Replay:Rubber Ducky","LetterFromLob","GremlinMask","hubris:CuriousFeather","ats:Originium","Ancient Tea Set","Bronze Scales","Matryoshka"],"acts_visited":["Exordium"],"potions_floor_usage":[16],"damage_taken":[{"damage":15,"enemies":"Jaw Worm","floor":1,"turns":6},{"damage":0,"enemies":"Cultist","floor":3,"turns":4},{"damage":2,"enemies":"2 Louse","floor":5,"turns":2},{"damage":12,"enemies":"3 Sentries","floor":7,"turns":8},{"damage":5,"enemies":"Looter","floor":11,"turns":2},{"damage":13,"enemies":"Lots of Slimes","floor":14,"turns":2},{"damage":39,"enemies":"The Guardian","floor":16,"turns":10}],"seed_played":"-3210626130785488486","potions_obtained":[{"floor":3,"key":"SteroidPotion"},{"floor":7,"key":"REME_GoldPotion"}],"is_trial":false,"path_per_floor":["M","?","M","$","M","R","E","R","T","R","M","?","?","M","R","B"],"character_chosen":"DOCTOR_CLASS","items_purchased":["hubris:CuriousFeather"],"campfire_rested":0,"item_purchase_floors":[4],"current_hp_per_floor":[57,57,62,62,60,60,51,51,51,51,46,46,46,33,33,0,0],"gold":174,"neow_bonus":"RANDOM_COMMON_RELIC","is_daily":false,"chose_seed":false,"campfire_upgraded":4,"win_rate":0.0,"timestamp":1609391436,"path_taken":["M","?","?","$","M","R","E","R","T","R","M","?","?","?","R","BOSS"],"items_purchased_type":["Relic"],"build_version":"2020-12-22","purchased_purges":0,"victory":false,"max_hp_per_floor":[72,72,72,72,72,72,72,72,72,72,72,72,72,72,72,72,72],"card_choices":[{"not_picked":["ats:Flexible Camouflage","ats:Ignite"],"picked":"ats:Shell Defense","floor":1},{"not_picked":["ats:Apocalypse","ats:Shell Defense"],"picked":"ats:Sword Rain","floor":3},{"not_picked":["ats:Childhood Dance","ats:Cat Scratch"],"picked":"ats:Ignite","floor":5},{"not_picked":["ats:Cat Scratch","ats:Blood Oath"],"picked":"ats:Rat Pack","floor":7},{"not_picked":["ats:Assault Order","ats:Encircling Forest"],"picked":"ats:Explosion Area Strengthen","floor":11},{"not_picked":["ats:Thermite Blade","ats:Apocalypse"],"picked":"ats:Very Hot Blade","floor":14}],"player_experience":914209,"relics_obtained":[{"floor":1,"key":"LetterFromLob"},{"floor":7,"key":"ats:Originium"},{"floor":7,"key":"Ancient Tea Set"},{"floor":9,"key":"Bronze Scales"}],"event_choices":[{"damage_healed":0,"gold_gain":0,"player_choice":"Trade","damage_taken":0,"relics_obtained":["GremlinMask"],"max_hp_gain":0,"max_hp_loss":0,"event_name":"FaceTrader","floor":2,"gold_loss":0},{"damage_healed":0,"gold_gain":0,"player_choice":"Gave Potion","damage_taken":0,"relics_obtained":["Matryoshka"],"max_hp_gain":0,"max_hp_loss":0,"event_name":"WeMeetAgain","floor":13,"gold_loss":0}],"is_beta":false,"boss_relics":[],"items_purged_floors":[],"is_endless":false,"potions_floor_spawned":[3,7],"killed_by":"The Guardian","ascension_level":0}}