{"host":"0nndazl0keusavit","time":1609431671,"event":{"mods":["AchievementEnabler","BaseMod","Colored Map","Curses Come First","Highlight Path","Minty Spire (QoL Compilation)","Relic Stats","StSLib"],"gold_per_floor":[11,27,127,146,146,146,159,159,182,182,132,132,132,144,144,246,246,262,273,293,293,243,254,254,273,342,342,342,358,308,323,323,323,323],"floor_reached":33,"playtime":975,"items_purged":["Defend_R","Defend_R+1","Defend_R+1"],"score":239,"play_id":"151aefa2-72b5-4796-befe-f717a6ae612d","local_time":"20201231122111","is_ascension_mode":false,"campfire_choices":[{"data":"Bash","floor":6.0,"key":"SMITH"},{"data":"Strike_R","floor":10.0,"key":"SMITH"},{"data":"Flame Barrier","floor":13.0,"key":"SMITH"},{"data":"Defend_R","floor":15.0,"key":"SMITH"},{"floor":28.0,"key":"REST"},{"floor":32,"key":"REST"}],"circlet_count":0,"master_deck":["Strike_R+1","Strike_R+1","Bash+1","Flame Barrier+1","Double Tap+1"],"relics":["Burning Blood","Smiling Mask","MutagenicStrength","Bottled Lightning"],"acts_visited":["Exordium","TheCity"],"potions_floor_usage":[33],"damage_taken":[{"damage":1.0,"enemies":"Cultist","floor":1.0,"turns":3.0},{"damage":6.0,"enemies":"Jaw Worm","floor":2.0,"turns":3.0},{"damage":7.0,"enemies":"Small Slimes","floor":4.0,"turns":3.0},{"damage":0.0,"enemies":"Blue Slaver","floor":7.0,"turns":4.0},{"damage":7.0,"enemies":"3 Louse","floor":14.0,"turns":3.0},{"damage":28.0,"enemies":"The Guardian","floor":16.0,"turns":12.0},{"damage":10.0,"enemies":"Chosen","floor":18.0,"turns":4.0},{"damage":14.0,"enemies":"Spheric Guardian","floor":19.0,"turns":6.0},{"damage":12.0,"enemies":"Centurion and Healer","floor":20.0,"turns":5.0},{"damage":13.0,"enemies":"Snecko","floor":23.0,"turns":4.0},{"damage":9.0,"enemies":"Snake Plant","floor":25.0,"turns":4.0},{"damage":23.0,"enemies":"Cultist and Chosen","floor":29.0,"turns":7.0},{"damage":16.0,"enemies":"Centurion and Healer","floor":31.0,"turns":7.0},{"damage":93,"enemies":"Automaton","floor":33,"turns":6}],"seed_played":"6857524849144606989","potions_obtained":[{"floor":1.0,"key":"Swift Potion"},{"floor":4.0,"key":"ColorlessPotion"},{"floor":18.0,"key":"SkillPotion"},{"floor":19.0,"key":"DuplicationPotion"},{"floor":25.0,"key":"CultistPotion"}],"is_trial":false,"path_per_floor":["M","M","?","M","?","R","M","?","T","R","$","?","R","M","R","B",null,"M","M","M","?","$","M","?","M","T","?","R","M","$","M","R","B"],"character_chosen":"IRONCLAD","items_purchased":[],"campfire_rested":2,"item_purchase_floors":[],"current_hp_per_floor":[80,80,80,79,63,63,69,69,69,69,69,69,69,68,68,46,80,76,68,62,62,62,55,55,52,52,52,76,59,59,49,73,0,0],"gold":323,"neow_bonus":"REMOVE_TWO","is_daily":false,"chose_seed":false,"campfire_upgraded":4,"win_rate":0.0,"timestamp":1609431671,"path_taken":["M","?","?","?","?","R","M","?","T","R","$","?","R","?","R","BOSS","M","M","M","?","$","M","?","M","T","?","R","M","$","M","R","BOSS"],"items_purchased_type":[],"build_version":"2020-12-22","purchased_purges":3,"victory":false,"max_hp_per_floor":[80,80,80,80,80,80,80,80,80,80,80,80,80,80,80,80,80,80,80,80,80,80,80,80,80,80,80,80,80,80,80,80,80,80],"relic_stats":{"counters":[14,71],"Smiling Mask":150,"obtain_stats":[{"MutagenicStrength":21,"Bottled Lightning":26,"Smiling Mask":9,"Burning Blood":0},{"MutagenicStrength":9,"Bottled Lightning":11,"Smiling Mask":4,"Burning Blood":0},{"MutagenicStrength":43,"Bottled Lightning":51,"Smiling Mask":13,"Burning Blood":0}],"Burning Blood":73},"card_choices":[{"not_picked":["Spot Weakness","Shockwave","Blood for Blood"],"picked":"SKIP","floor":1.0},{"not_picked":["Perfected Strike","True Grit","Body Slam"],"picked":"SKIP","floor":2.0},{"not_picked":["Whirlwind","Reckless Charge","Wild Strike"],"picked":"SKIP","floor":4.0},{"not_picked":["Heavy Blade","Clothesline","Entrench"],"picked":"SKIP","floor":7.0},{"not_picked":["Sever Soul","Headbutt","Flex"],"picked":"SKIP","floor":14.0},{"not_picked":["Immolate","Fiend Fire"],"picked":"Double Tap","floor":16.0},{"not_picked":["Whirlwind","True Grit","Armaments"],"picked":"SKIP","floor":18.0},{"not_picked":["Rupture","Entrench+1","Cleave"],"picked":"SKIP","floor":19.0},{"not_picked":["Rampage+1","Clash+1","Sword Boomerang"],"picked":"SKIP","floor":20.0},{"not_picked":["Blood for Blood","Shrug It Off","Havoc"],"picked":"SKIP","floor":23.0},{"not_picked":["Twin Strike+1","Body Slam","Burning Pact"],"picked":"SKIP","floor":25.0},{"not_picked":["Spot Weakness","Pummel","True Grit+1"],"picked":"SKIP","floor":29.0},{"not_picked":["Heavy Blade","Warcry","Flame Barrier"],"picked":"SKIP","floor":31.0}],"player_experience":864239,"relics_obtained":[{"floor":9.0,"key":"Smiling Mask"},{"floor":26.0,"key":"Bottled Lightning"}],"event_choices":[{"damage_healed":0.0,"max_hp_gain":0.0,"max_hp_loss":0.0,"gold_gain":100.0,"event_name":"Golden Shrine","player_choice":"Pray","floor":3.0,"gold_loss":0.0,"damage_taken":0.0},{"damage_healed":0.0,"max_hp_gain":0.0,"max_hp_loss":0.0,"gold_gain":0.0,"event_name":"Shining Light","player_choice":"Entered Light","floor":5.0,"gold_loss":0.0,"damage_taken":16.0,"cards_upgraded":["Defend_R","Strike_R"]},{"cards_removed":["Strike_R"],"damage_healed":0.0,"max_hp_gain":0.0,"max_hp_loss":0.0,"gold_gain":0.0,"event_name":"Living Wall","player_choice":"Forget","floor":8.0,"gold_loss":0.0,"damage_taken":0.0},{"damage_healed":0.0,"max_hp_gain":0.0,"max_hp_loss":0.0,"gold_gain":0.0,"cards_transformed":["Strike_R"],"event_name":"Transmorgrifier","player_choice":"Transformed","floor":12.0,"gold_loss":0.0,"damage_taken":0.0,"cards_obtained":["Flame Barrier"]},{"damage_healed":0.0,"max_hp_gain":0.0,"max_hp_loss":0.0,"gold_gain":0.0,"event_name":"Drug Dealer","player_choice":"Inject Mutagens","floor":21.0,"gold_loss":0.0,"damage_taken":0.0,"relics_obtained":["MutagenicStrength"]},{"damage_healed":0.0,"max_hp_gain":0.0,"max_hp_loss":0.0,"gold_gain":0.0,"event_name":"Vampires","player_choice":"Ignored","floor":24.0,"gold_loss":0.0,"damage_taken":0.0},{"damage_healed":0.0,"max_hp_gain":0.0,"max_hp_loss":0.0,"gold_gain":0.0,"event_name":"Upgrade Shrine","player_choice":"Upgraded","floor":27.0,"gold_loss":0.0,"damage_taken":0.0,"cards_upgraded":["Double Tap"]}],"is_beta":false,"boss_relics":[{"not_picked":["Busted Crown","Mark of Pain","Velvet Choker"]}],"items_purged_floors":[11,22,30],"is_endless":false,"potions_floor_spawned":[1,4,18,19,25],"killed_by":"Automaton","ascension_level":0}}