{"host":"egkmzmldr8t233lo","time":1609427189,"event":{"mods":["Act Like it!","BaseMod","Colored Powertips","Minty Spire (QoL Compilation)","Replay The Spire","StSLib","The Hierophant","¡¾ÒÅÎï¿¨ÅÆ¡¿REMEMod"],"gold_per_floor":[116,161,174,174,193,193,226,226],"floor_reached":7,"playtime":376,"items_purged":[],"score":51,"play_id":"65117717-5554-4b7f-a3b8-5c80bdc4f210","local_time":"20201231230629","is_ascension_mode":false,"campfire_choices":[{"data":"hierophant:ChurchCoffers","floor":6,"key":"SMITH"}],"circlet_count":0,"master_deck":["hierophant:Strike_Hierophant","hierophant:Strike_Hierophant","hierophant:Strike_Hierophant","hierophant:Strike_Hierophant","hierophant:Punish","hierophant:Defend_Hierophant","hierophant:Defend_Hierophant","hierophant:Defend_Hierophant","hierophant:ChurchCoffers+1","Omniscience","hierophant:Martyrdom","hierophant:Racketeering"],"relics":["REME_ComplimentaryCards","REME_DuelDisc","Matryoshka"],"acts_visited":["Exordium"],"potions_floor_usage":[7],"damage_taken":[{"damage":5.0,"enemies":"Cultist","floor":1.0,"turns":4.0},{"damage":0,"enemies":"Small Slimes","floor":3,"turns":2},{"damage":0,"enemies":"2 Louse","floor":5,"turns":2},{"damage":33,"enemies":"Lagavulin","floor":7,"turns":7}],"seed_played":"5700468699026476437","potions_obtained":[{"floor":2.0,"key":"Weak Potion"},{"floor":2.0,"key":"Cursed Concoction"},{"floor":2.0,"key":"Energy Potion"},{"floor":7,"key":"Swift Potion"}],"is_trial":false,"path_per_floor":["M","?","M","?","M","R","E"],"character_chosen":"HIEROPHANT","items_purchased":[],"campfire_rested":0,"item_purchase_floors":[],"current_hp_per_floor":[70,70,70,70,70,70,37,37],"gold":226,"neow_bonus":"BOSS_RELIC","is_daily":false,"chose_seed":false,"campfire_upgraded":1,"win_rate":0.0,"timestamp":1609427189,"path_taken":["M","?","M","?","M","R","E"],"items_purchased_type":[],"build_version":"2020-12-22","purchased_purges":0,"victory":false,"max_hp_per_floor":[75,75,75,75,75,75,75,75],"card_choices":[{"not_picked":["hierophant:Doomsaying","hierophant:Endure"],"picked":"hierophant:Martyrdom","floor":1.0},{"not_picked":["hierophant:AuricBeam","hierophant:HammerAndAnvil","hierophant:CoinFling"],"picked":"SKIP","floor":3},{"not_picked":["hierophant:Rebuild","hierophant:Zeal"],"picked":"hierophant:Racketeering","floor":5}],"player_experience":247789,"relics_obtained":[{"floor":7,"key":"Matryoshka"}],"event_choices":[{"cards_removed":["hierophant:Defend_Hierophant"],"damage_healed":0,"gold_gain":0,"player_choice":"Purged","damage_taken":0,"max_hp_gain":0,"max_hp_loss":0,"event_name":"Purifier","floor":4,"gold_loss":0}],"is_beta":false,"boss_relics":[],"items_purged_floors":[],"is_endless":false,"potions_floor_spawned":[3,7],"killed_by":"Lagavulin","ascension_level":0}}