{"host":"uikxj58mzlixykyi","time":1609407562,"event":{"mods":["AchievementEnabler","BaseMod","BetterRewards","Colored Map","Colored Powertips","Downfall","Highlight Path","Minty Spire (QoL Compilation)","Rare Cards Sparkle","Replay The Spire","Shop Mod","StSLib"],"gold_per_floor":[99,99,99,99,119,119,174,208,208,239,327,338,357,632,650,754,754,754,769,785,785,804,804,831,842,842,859,1059,700,700,716,727,832,832,832,851,851,851,617,628,708,708,722,772,772,148,148,198,212,212],"floor_reached":51,"playtime":2140,"items_purged":["hexamod:Haunted","Parasite","Voices"],"score":926,"play_id":"24f556d4-6c7d-4e28-b5f4-b271df98d8ae","local_time":"20201231113922","is_ascension_mode":true,"campfire_choices":[{"data":"Slimebound:CorrosiveSpit","floor":1.0,"key":"SMITH"},{"floor":18.0,"key":"DIG"},{"floor":23.0,"key":"DIG"},{"floor":35,"key":"DIG"},{"floor":42,"key":"DIG"},{"floor":45,"key":"DIG"},{"floor":47,"key":"DIG"}],"circlet_count":0,"master_deck":["Slimebound:Strike_Slimebound","Slimebound:Strike_Slimebound","Slimebound:Strike_Slimebound","Slimebound:Tackle","Slimebound:Defend_Slimebound+1","Slimebound:Defend_Slimebound+1","Slimebound:Defend_Slimebound+1","Slimebound:Defend_Slimebound+1","Slimebound:Split","Slimebound:CorrosiveSpit+1","Slimebound:SplitMire","Slimebound:DivideAndConquer","Slimebound:ProtectTheBoss","Slimebound:SlimeTap","Slimebound:SlimeBarrage","Slimebound:Overexert","Slimebound:SplitLeeching+1","Slimebound:RejuvenatingLick+1","Slimebound:SamplingLick+1","Slimebound:SlimeSpikes+1","Slimebound:SlimeSpikes+1","Slimebound:OozeBath+1","CurseOfTheBell","Slimebound:ServeAndProtect+1","Slimebound:SplitBruiser+1","Slimebound:SlimeSpikes+1","Slimebound:Repurpose+1","Slimebound:SlimeSpikes+1","Slimebound:SplitLeeching+1","Slimebound:SplitLeeching+1","Slimebound:SlimeTap+1","Slimebound:SplitAcid+1","Slimebound:SplitBruiser+1","Slimebound:Darklings+1","Slimebound:Replication+1","Slimebound:Darklings+1","Secret Technique+1","Slimebound:SplitAcid+1","Slimebound:SplitAcid+1","Slimebound:SamplingLick+1","Slimebound:LeechLife+1","Slimebound:SplitSpecialist+1","Slimebound:SplitSpecialist+1","Slimebound:PrepareCrush+1"],"relics":["Slimebound:AbsorbEndCombat","downfall:HeartsMalice","Garlic","Pen Nib","Toxic Egg 2","Sundial","Calling Bell","Happy Flower","Replay:Bottled Steam","Shovel","Darkstone Periapt","Replay:WaspNest","Strawberry","ClockworkSouvenir","FaceOfCleric","Coffee Dripper","Blue Doll","Pantograph","Replay:Bottled Eggs","Bag of Preparation","Ring of Hypnosis","Ring of Greed","Golden Egg","MealTicket","Bag of Marbles","HornCleat","Medical Kit","Omamori","Replay:Kaleidoscope"],"acts_visited":["Exordium","TheCity","TheBeyond"],"potions_floor_usage":[49,50],"damage_taken":[{"damage":0.0,"enemies":"Small Slimes","floor":2.0,"turns":1.0},{"damage":0.0,"enemies":"2 Louse","floor":3.0,"turns":1.0},{"damage":0.0,"enemies":"Cultist","floor":4.0,"turns":1.0},{"damage":11.0,"enemies":"2 Fungi Beasts","floor":5.0,"turns":3.0},{"damage":17.0,"enemies":"Replay:BlueRogue","floor":8.0,"turns":5.0},{"damage":41.0,"enemies":"3 Sentries","floor":10.0,"turns":8.0},{"damage":9.0,"enemies":"Lots of Slimes","floor":12.0,"turns":2.0},{"damage":26.0,"enemies":"Exordium Wildlife","floor":13.0,"turns":3.0},{"damage":10.0,"enemies":"Red Slaver","floor":15.0,"turns":4.0},{"damage":85.0,"enemies":"downfall:Silent","floor":16.0,"turns":11.0},{"damage":35.0,"enemies":"Spheric Guardian","floor":19.0,"turns":6.0},{"damage":21.0,"enemies":"3 Byrds","floor":20.0,"turns":5.0},{"damage":31.0,"enemies":"Centurion and Healer","floor":22.0,"turns":5.0},{"damage":24.0,"enemies":"Snake Plant","floor":25.0,"turns":3.0},{"damage":11.0,"enemies":"Snecko","floor":27.0,"turns":3.0},{"damage":16,"enemies":"downfall:FleeingMerchant","floor":29,"turns":4},{"damage":28,"enemies":"Sentry and Sphere","floor":31,"turns":5},{"damage":12,"enemies":"Chosen and Byrds","floor":32,"turns":4},{"damage":32,"enemies":"downfall:Defect","floor":33,"turns":7},{"damage":18,"enemies":"3 Shapes","floor":36,"turns":3},{"damage":40,"enemies":"downfall:FleeingMerchant","floor":39,"turns":3},{"damage":12,"enemies":"3 Darklings","floor":40,"turns":3},{"damage":36,"enemies":"Spire Growth","floor":43,"turns":3},{"damage":40,"enemies":"Mind Bloom Boss Battle","floor":48,"turns":4},{"damage":56,"enemies":"Maw","floor":49,"turns":5},{"damage":35,"enemies":"downfall:Watcher","floor":50,"turns":5}],"seed_played":"7928516177922853400","potions_obtained":[{"floor":5.0,"key":"GamblersBrew"},{"floor":8.0,"key":"Explosive Potion"},{"floor":12.0,"key":"ColorlessPotion"},{"floor":15.0,"key":"Elixir"},{"floor":16.0,"key":"EssenceOfSteel"},{"floor":19.0,"key":"Elixir"},{"floor":25.0,"key":"ColorlessPotion"},{"floor":26.0,"key":"Doom Potion"},{"floor":26.0,"key":"Guardian:BlockOnCardUsePotion"},{"floor":49,"key":"Weak Potion"}],"is_trial":false,"path_per_floor":["R","M","M","M","M","?","T","E","?","E","?","M","M","?","M","B",null,"R","M","M","?","M","R","T","M","?","M","?","$","?","M","M","B",null,"R","M","?","?","$","M","T","R","M","?","R","$","R","?","M","B",null],"character_chosen":"SLIMEBOUND","items_purchased":["ClockworkSouvenir","Slimebound:SplitLeeching+1","Slimebound:SlimeTap+1","Pantograph","Secret Technique+1","Slimebound:SplitAcid+1","Slimebound:LeechLife","Slimebound:SplitSpecialist+1","HornCleat","Medical Kit"],"campfire_rested":0,"item_purchase_floors":[29,29,29,39,39,39,46,46,46,46],"current_hp_per_floor":[60,60,60,60,60,53,53,56,60,35,35,44,40,40,48,9,60,60,47,48,48,43,43,50,48,48,49,55,69,69,74,75,76,76,76,75,75,75,75,76,76,76,73,79,79,83,83,84,85,82],"gold":212,"neow_bonus":"THREE_ENEMY_KILL","is_daily":false,"chose_seed":false,"campfire_upgraded":1,"win_rate":0.0,"timestamp":1609407562,"path_taken":["R","M","M","M","M","?","T","E","?","E","?","M","M","?","M","BOSS","R","M","M","?","M","R","T","M","?","?","?","$","?","?","M","BOSS","R","M","?","?","$","M","T","R","M","?","R","$","R","?","M","BOSS"],"items_purchased_type":["Relic","Card","Card","Relic","Card","Card","Card","Card","Relic","Relic"],"build_version":"2020-12-22","purchased_purges":3,"victory":true,"max_hp_per_floor":[60,60,60,60,60,60,60,60,60,60,60,60,60,60,60,60,60,60,60,60,60,60,60,67,67,67,67,73,73,73,74,75,76,76,76,77,77,77,75,76,76,76,77,83,83,83,83,84,85,86],"card_choices":[{"not_picked":["Slimebound:RollThrough","Slimebound:Grow"],"picked":"Slimebound:SplitMire","floor":2.0},{"not_picked":["Slimebound:SlimeSpikes","Slimebound:Repurpose"],"picked":"Slimebound:DivideAndConquer","floor":3.0},{"not_picked":["Slimebound:SlimeSpikes","Slimebound:Prepare"],"picked":"Slimebound:ProtectTheBoss","floor":4.0},{"not_picked":["Slimebound:SplitAcid","Slimebound:SlimeBrawl"],"picked":"Slimebound:SlimeTap","floor":5.0},{"not_picked":["Slimebound:RollThrough","Slimebound:ItLooksTasty"],"picked":"Slimebound:SlimeBarrage","floor":8.0},{"not_picked":["Slimebound:SamplingLick+1","Slimebound:ComboTackle"],"picked":"Slimebound:Overexert","floor":10.0},{"not_picked":["Slimebound:FlameTackle","Slimebound:ForwardTackle"],"picked":"Slimebound:SplitLeeching+1","floor":11.0},{"not_picked":["Slimebound:GrowthPunch","Slimebound:BestDefense"],"picked":"Slimebound:RejuvenatingLick+1","floor":11.0},{"not_picked":["Slimebound:ForwardTackle","Slimebound:SplitSpecialist+1"],"picked":"Slimebound:SamplingLick+1","floor":12.0},{"not_picked":["Slimebound:ServeAndProtect+1","Slimebound:AcidTongue"],"picked":"Slimebound:SlimeSpikes+1","floor":13.0},{"not_picked":["Slimebound:RainOfGoop+1","Slimebound:Recollect+1"],"picked":"Slimebound:SlimeSpikes+1","floor":15.0},{"not_picked":["Slimebound:DouseInSlime+1","Slimebound:CheckThePlaybook+1"],"picked":"Slimebound:OozeBath+1","floor":16.0},{"not_picked":["Slimebound:GrowthPunch","Slimebound:RollThrough"],"picked":"Slimebound:ServeAndProtect+1","floor":19.0},{"not_picked":["Slimebound:ProtectTheBoss","Slimebound:ViciousTackle"],"picked":"Slimebound:SplitBruiser+1","floor":20.0},{"not_picked":["Slimebound:SplitMire+1","Slimebound:SplitBruiser+1"],"picked":"Slimebound:SlimeSpikes+1","floor":22.0},{"not_picked":["Slimebound:SplitSpecialist+1","Slimebound:SplitBruiser+1"],"picked":"Slimebound:Repurpose+1","floor":25.0},{"not_picked":["Slimebound:CheckThePlaybook+1","Slimebound:PressTheAttack"],"picked":"Slimebound:SlimeSpikes+1","floor":27.0},{"not_picked":["Slimebound:PrepareCrush+1","Slimebound:TongueLash"],"picked":"Slimebound:SplitLeeching+1","floor":29},{"not_picked":["Slimebound:ServeAndProtect+1","Slimebound:BestDefense+1"],"picked":"Slimebound:SplitAcid+1","floor":31},{"not_picked":["Slimebound:RollThrough","Slimebound:SlimeSpikes+1"],"picked":"Slimebound:SplitBruiser+1","floor":32},{"not_picked":["Slimebound:LeechLife","Slimebound:MinionMaster"],"picked":"Slimebound:Darklings+1","floor":33},{"not_picked":["Slimebound:SplitMire+1","Slimebound:LeechingTouch"],"picked":"Slimebound:Replication+1","floor":36},{"not_picked":["Slimebound:PressTheAttack","Slimebound:ViciousTackle","Slimebound:DisruptingSlam"],"picked":"SKIP","floor":39},{"not_picked":["Slimebound:DivideAndConquer+1","Slimebound:FormOfPuddle+1"],"picked":"Slimebound:SamplingLick+1","floor":40},{"not_picked":["Slimebound:AcidTongue+1","Slimebound:GrowthPunch+1","Slimebound:Schlurp+1"],"picked":"SKIP","floor":43},{"not_picked":["Slimebound:ViciousTackle","Slimebound:DisruptingSlam+1"],"picked":"Slimebound:PrepareCrush+1","floor":48},{"not_picked":["Slimebound:ServeAndProtect+1","Slimebound:Schlurp+1","Slimebound:ComboTackle"],"picked":"SKIP","floor":49}],"player_experience":77694,"relics_obtained":[{"floor":7.0,"key":"Pen Nib"},{"floor":8.0,"key":"Toxic Egg 2"},{"floor":10.0,"key":"Sundial"},{"floor":17.0,"key":"Happy Flower"},{"floor":17.0,"key":"Replay:Bottled Steam"},{"floor":17.0,"key":"Shovel"},{"floor":18.0,"key":"Darkstone Periapt"},{"floor":23.0,"key":"Replay:WaspNest"},{"floor":24.0,"key":"Strawberry"},{"floor":35,"key":"Blue Doll"},{"floor":41,"key":"Replay:Bottled Eggs"},{"floor":42,"key":"Bag of Preparation"},{"floor":44,"key":"Ring of Hypnosis"},{"floor":44,"key":"Ring of Greed"},{"floor":44,"key":"Golden Egg"},{"floor":44,"key":"MealTicket"},{"floor":45,"key":"Bag of Marbles"},{"floor":47,"key":"Omamori"},{"floor":48,"key":"Replay:Kaleidoscope"}],"event_choices":[{"damage_healed":0.0,"max_hp_gain":0.0,"max_hp_loss":0.0,"gold_gain":0.0,"event_name":"Scrap Ooze","player_choice":"Success","floor":6.0,"gold_loss":0.0,"damage_taken":7.0,"relics_obtained":["Garlic"]},{"damage_healed":15.0,"max_hp_gain":0.0,"max_hp_loss":0.0,"gold_gain":0.0,"event_name":"Mushrooms","player_choice":"Healed and dodged fight","floor":9.0,"gold_loss":0.0,"damage_taken":0.0,"cards_obtained":["Parasite"]},{"cards_removed":["Regret"],"damage_healed":0.0,"max_hp_gain":0.0,"max_hp_loss":0.0,"gold_gain":0.0,"event_name":"Back to Basics","player_choice":"Elegance","floor":21.0,"gold_loss":0.0,"damage_taken":0.0},{"damage_healed":0.0,"max_hp_gain":0.0,"max_hp_loss":0.0,"gold_gain":0.0,"event_name":"Lab","player_choice":"Got Potions","floor":26.0,"gold_loss":0.0,"damage_taken":0.0},{"damage_healed":0,"gold_gain":0,"player_choice":"Trade","damage_taken":0,"relics_obtained":["FaceOfCleric"],"max_hp_gain":0,"max_hp_loss":0,"event_name":"FaceTrader","floor":30,"gold_loss":0}],"is_beta":false,"boss_relics":[{"not_picked":["Honey Jar","ChewingGum"],"picked":"Calling Bell"},{"not_picked":["Tiny House","SacredBark"],"picked":"Coffee Dripper"}],"items_purged_floors":[29,39,46],"is_endless":false,"potions_floor_spawned":[5,8,12,15,16,19,25,27,32,36,40,49],"ascension_level":4}}