{"host":"8by3m8mve9y2rhh4","time":1609435551,"event":{"mods":["BaseMod","Minty Spire (QoL Compilation)","Quick Restart"],"gold_per_floor":[116,128,144,144,159,185,198,23,23,23,57,57,83,105,105,205,205,224,235,235,16,16,43,43,78,78,78,3,29,45,62,62,162,162,179,192,209,221,231,231,256,256,309,37,62,80,97,125,125,125,125,125,7,34,34],"floor_reached":56,"playtime":6483,"items_purged":["Shame"],"score":1448,"play_id":"88ea58e7-4363-4705-9980-6f826e7e2d33","local_time":"20201231172551","is_ascension_mode":true,"campfire_choices":[{"floor":10,"key":"REST"},{"data":"1","floor":12,"key":"LIFT"},{"floor":15,"key":"REST"},{"data":"2","floor":24,"key":"LIFT"},{"data":"3","floor":27,"key":"LIFT"},{"floor":32,"key":"REST"},{"floor":40,"key":"REST"},{"floor":42,"key":"REST"},{"floor":49,"key":"RECALL"},{"data":"After Image","floor":52,"key":"SMITH"}],"circlet_count":0,"master_deck":["Survivor","Neutralize","Doppelganger","Setup","Finisher","Catalyst","Sucker Punch","Acrobatics","Skewer","Blade Dance","Noxious Fumes","Escape Plan","Cloak And Dagger","Flying Knee","Cloak And Dagger","Neutralize","Corpse Explosion","Deflect","Dodge and Roll","Panache","Prepared","Noxious Fumes","Deflect","Venomology","Cloak And Dagger","Choke","Writhe","A Thousand Cuts","Concentrate","After Image+1","CurseOfTheBell","Riddle With Holes","Regret","Footwork","Infinite Blades+1","Accuracy","Footwork+1"],"relics":["Pandora\u0027s Box","Girya","Paper Crane","Blue Candle","Ninja Scroll","Odd Mushroom","Cursed Key","Art of War","Bag of Marbles","The Specimen","Gambling Chip","InkBottle","Calipers","Calling Bell","Potion Belt","Mercury Hourglass","Torii","TungstenRod","Toy Ornithopter","Lee\u0027s Waffle","Anchor","Gremlin Horn","Bottled Lightning"],"acts_visited":["Exordium","TheCity","TheBeyond","TheEnding"],"potions_floor_usage":[6,16,23,25,25,33,36,37,38,38,38,41,45,46,48,50,54,54,55,55,55,55,55,55,55,55,55,55],"damage_taken":[{"damage":0,"enemies":"Cultist","floor":1,"turns":2},{"damage":0,"enemies":"Small Slimes","floor":2,"turns":3},{"damage":0,"enemies":"2 Louse","floor":3,"turns":2},{"damage":7,"enemies":"Looter","floor":5,"turns":2},{"damage":26,"enemies":"Gremlin Nob","floor":6,"turns":4},{"damage":8,"enemies":"Exordium Wildlife","floor":7,"turns":4},{"damage":0,"enemies":"Lagavulin","floor":11,"turns":4},{"damage":6,"enemies":"3 Sentries","floor":13,"turns":3},{"damage":0,"enemies":"The Mushroom Lair","floor":14,"turns":3},{"damage":29,"enemies":"Slime Boss","floor":16,"turns":6},{"damage":0,"enemies":"3 Byrds","floor":18,"turns":2},{"damage":0,"enemies":"Shell Parasite","floor":19,"turns":2},{"damage":0,"enemies":"Gremlin Leader","floor":23,"turns":2},{"damage":0,"enemies":"Slavers","floor":25,"turns":1},{"damage":4,"enemies":"Gremlin Leader","floor":29,"turns":4},{"damage":4,"enemies":"Shelled Parasite and Fungi","floor":30,"turns":3},{"damage":8,"enemies":"Snake Plant","floor":31,"turns":3},{"damage":43,"enemies":"Automaton","floor":33,"turns":8},{"damage":3,"enemies":"3 Shapes","floor":35,"turns":6},{"damage":0,"enemies":"Orb Walker","floor":36,"turns":2},{"damage":0,"enemies":"Jaw Worm Horde","floor":37,"turns":1},{"damage":0,"enemies":"Spire Growth","floor":38,"turns":4},{"damage":25,"enemies":"Writhing Mass","floor":39,"turns":5},{"damage":32,"enemies":"Reptomancer","floor":41,"turns":4},{"damage":15,"enemies":"Nemesis","floor":45,"turns":5},{"damage":16,"enemies":"Maw","floor":46,"turns":6},{"damage":0,"enemies":"Jaw Worm Horde","floor":47,"turns":3},{"damage":0,"enemies":"Reptomancer","floor":48,"turns":5},{"damage":18,"enemies":"Donu and Deca","floor":50,"turns":6},{"damage":21,"enemies":"Shield and Spear","floor":54,"turns":5},{"damage":42,"enemies":"The Heart","floor":55,"turns":10}],"seed_played":"-8344677242000639757","potions_obtained":[{"floor":3,"key":"CunningPotion"},{"floor":6,"key":"EssenceOfSteel"},{"floor":11,"key":"FearPotion"},{"floor":13,"key":"Block Potion"},{"floor":16,"key":"DistilledChaos"},{"floor":23,"key":"SteroidPotion"},{"floor":25,"key":"GamblersBrew"},{"floor":35,"key":"BlessingOfTheForge"},{"floor":36,"key":"EntropicBrew"},{"floor":39,"key":"DuplicationPotion"},{"floor":48,"key":"GhostInAJar"}],"is_trial":false,"path_per_floor":["M","M","M","?","M","E","M","$","T","R","E","R","E","?","R","B",null,"M","M","?","$","?","E","R","E","T","R","?","E","M","M","R","B",null,"M","M","M","M","M","R","E","R","T","$","E","M","M","E","R","B",null,"R","$","E","B",null],"character_chosen":"THE_SILENT","items_purchased":["Panache","Bag of Marbles","Footwork","Lee\u0027s Waffle","PowerPotion","Accuracy","Strength Potion"],"campfire_rested":5,"item_purchase_floors":[8,21,44,44,44,53,53],"current_hp_per_floor":[70,70,70,70,63,37,29,29,29,50,50,50,44,44,65,36,70,70,70,70,70,70,70,70,70,70,70,70,66,62,54,70,27,70,67,67,67,67,42,63,31,52,52,77,62,51,51,56,56,43,77,77,77,61,52],"gold":34,"neow_bonus":"BOSS_RELIC","is_daily":false,"chose_seed":false,"campfire_upgraded":1,"win_rate":0.0,"timestamp":1609435551,"path_taken":["M","M","?","?","M","E","?","?","T","R","E","R","E","?","R","BOSS","M","M","?","$","?","E","R","E","T","R","?","E","M","?","R","BOSS","M","M","M","M","M","R","E","R","T","$","E","M","M","E","R","BOSS","R","$","E","BOSS"],"items_purchased_type":["Card","Relic","Card","Relic","Potion","Card","Potion"],"build_version":"2020-12-22","purchased_purges":1,"victory":true,"max_hp_per_floor":[70,70,70,70,70,70,70,70,70,70,70,70,70,70,70,70,70,70,70,70,70,70,70,70,70,70,70,70,70,70,70,70,70,70,70,70,70,70,70,70,70,70,70,77,77,77,77,77,77,77,77,77,77,77,77],"card_choices":[{"not_picked":["Acrobatics","Outmaneuver"],"picked":"Cloak And Dagger","floor":1},{"not_picked":["PiercingWail","Blade Dance"],"picked":"Flying Knee","floor":2},{"not_picked":["Underhanded Strike","Dash"],"picked":"Cloak And Dagger","floor":3},{"not_picked":["Underhanded Strike","Riddle With Holes"],"picked":"Corpse Explosion","floor":5},{"not_picked":["Blade Dance","Riddle With Holes"],"picked":"Deflect","floor":6},{"not_picked":["Predator","Deflect"],"picked":"Dodge and Roll","floor":7},{"not_picked":["Acrobatics","Corpse Explosion"],"picked":"Prepared","floor":11},{"not_picked":["Heel Hook","Quick Slash"],"picked":"Noxious Fumes","floor":13},{"not_picked":["Quick Slash","Catalyst"],"picked":"Deflect","floor":14},{"not_picked":["Bullet Time","Envenom"],"picked":"Venomology","floor":16},{"not_picked":["Dagger Spray","Dash+1"],"picked":"Cloak And Dagger","floor":18},{"not_picked":["Concentrate","Poisoned Stab"],"picked":"Choke","floor":19},{"not_picked":["Dagger Throw","Dagger Spray"],"picked":"A Thousand Cuts","floor":23},{"not_picked":["Cloak And Dagger","Eviscerate+1","Deadly Poison"],"picked":"SKIP","floor":25},{"not_picked":["Prepared","Caltrops","Reflex"],"picked":"SKIP","floor":29},{"not_picked":["Endless Agony","Slice"],"picked":"Concentrate","floor":30},{"not_picked":["Expertise","Acrobatics","Sucker Punch"],"picked":"SKIP","floor":31},{"not_picked":["Adrenaline","Doppelganger"],"picked":"After Image","floor":33},{"not_picked":["Expertise+1","Dagger Spray+1","Backflip+1"],"picked":"SKIP","floor":35},{"not_picked":["Reflex+1","PiercingWail+1","Endless Agony+1"],"picked":"SKIP","floor":36},{"not_picked":["Prepared","Underhanded Strike+1","Bane"],"picked":"SKIP","floor":37},{"not_picked":["Poisoned Stab","Dodge and Roll+1"],"picked":"Riddle With Holes","floor":38},{"not_picked":["All Out Attack","Night Terror","Bane+1"],"picked":"SKIP","floor":39},{"not_picked":["PiercingWail","Masterful Stab+1","Backflip"],"picked":"SKIP","floor":41},{"not_picked":["Deadly Poison","Storm of Steel","Outmaneuver+1"],"picked":"SKIP","floor":45},{"not_picked":["Eviscerate+1","Dagger Throw","Dagger Spray"],"picked":"SKIP","floor":46},{"not_picked":["Endless Agony+1","Flechettes","PiercingWail"],"picked":"SKIP","floor":47},{"not_picked":["A Thousand Cuts","Deadly Poison"],"picked":"Infinite Blades+1","floor":48},{"not_picked":["Riddle With Holes+1","Outmaneuver"],"picked":"Footwork+1","floor":54}],"player_experience":629025,"relics_obtained":[{"floor":6,"key":"Girya"},{"floor":9,"key":"Paper Crane"},{"floor":11,"key":"Blue Candle"},{"floor":13,"key":"Ninja Scroll"},{"floor":14,"key":"Odd Mushroom"},{"floor":23,"key":"Gambling Chip"},{"floor":25,"key":"InkBottle"},{"floor":29,"key":"Calipers"},{"floor":34,"key":"Potion Belt"},{"floor":34,"key":"Mercury Hourglass"},{"floor":34,"key":"Torii"},{"floor":41,"key":"TungstenRod"},{"floor":43,"key":"Toy Ornithopter"},{"floor":45,"key":"Anchor"},{"floor":48,"key":"Gremlin Horn"},{"floor":54,"key":"Bottled Lightning"}],"event_choices":[{"damage_healed":0,"gold_gain":0,"player_choice":"1 cards matched","damage_taken":0,"max_hp_gain":0,"max_hp_loss":0,"event_name":"Match and Keep!","floor":4,"gold_loss":0,"cards_obtained":["Neutralize"]},{"damage_healed":0,"gold_gain":0,"player_choice":"Fought Mushrooms","damage_taken":0,"max_hp_gain":0,"max_hp_loss":0,"event_name":"Mushrooms","floor":14,"gold_loss":0},{"damage_healed":0,"gold_gain":0,"player_choice":"Stole Relic","damage_taken":0,"relics_obtained":["Art of War"],"max_hp_gain":0,"max_hp_loss":0,"event_name":"Addict","floor":20,"gold_loss":0,"cards_obtained":["Shame"]},{"damage_healed":0,"gold_gain":0,"player_choice":"Opened","damage_taken":0,"relics_obtained":["The Specimen"],"max_hp_gain":0,"max_hp_loss":0,"event_name":"The Mausoleum","floor":22,"gold_loss":0,"cards_obtained":["Writhe"]},{"cards_removed":["Doubt"],"damage_healed":0,"gold_gain":0,"player_choice":"Gave Gold","damage_taken":0,"max_hp_gain":0,"max_hp_loss":0,"event_name":"Beggar","floor":28,"gold_loss":75}],"is_beta":false,"boss_relics":[{"not_picked":["Runic Pyramid","Coffee Dripper"],"picked":"Cursed Key"},{"not_picked":["HoveringKite","Velvet Choker"],"picked":"Calling Bell"}],"items_purged_floors":[21],"is_endless":false,"potions_floor_spawned":[3,6,11,13,16,23,25,29,30,31,35,36,39,48],"ascension_level":1}}