{"host":"6yklbc9za0aylqsj","time":1609428060,"event":{"mods":["AchievementEnabler","BaseMod","Bestiary","Colored Map","Colored Powertips","Minty Spire (QoL Compilation)","Rare Cards Sparkle","Relic Stats","Slay-I","StSLib"],"gold_per_floor":[114,132,132,90,104,134,134,150,150,160,194,194,194,214,214,288,288,303,303,218,218,234,234,234,81,104,130,130,130,146,180,180,180,180],"floor_reached":33,"playtime":1395,"items_purged":["Strike_G"],"score":550,"play_id":"d211f602-71a3-4e15-8d61-cb942adff0de","local_time":"20201231162100","is_ascension_mode":true,"campfire_choices":[{"data":"Cloak And Dagger","floor":7,"key":"SMITH"},{"floor":13,"key":"REST"},{"data":"Noxious Fumes","floor":15,"key":"SMITH"},{"data":"Bane","floor":23,"key":"SMITH"},{"data":"Catalyst","floor":28,"key":"SMITH"},{"floor":32,"key":"REST"}],"circlet_count":0,"master_deck":["AscendersBane","Strike_G","Defend_G","Defend_G+1","Defend_G","Defend_G+1","Defend_G","Survivor","Neutralize","Sucker Punch","Noxious Fumes+1","Cloak And Dagger+1","Die Die Die","Footwork","Bane+1","Unload","Crippling Poison+1","Blade Dance","Dash+1","Catalyst+1","Backflip"],"relics":["Ring of the Snake","NeowsBlessing","War Paint","Tiny Chest","Kunai","CaptainsWheel","Empty Cage","Blood Vial","Darkstone Periapt","CeramicFish","Pocketwatch"],"acts_visited":["Exordium","TheCity"],"potions_floor_usage":[6,10,11,31,33],"damage_taken":[{"damage":0,"enemies":"Small Slimes","floor":1,"turns":1},{"damage":0,"enemies":"Cultist","floor":2,"turns":1},{"damage":0,"enemies":"2 Louse","floor":5,"turns":1},{"damage":38,"enemies":"Gremlin Nob","floor":6,"turns":5},{"damage":0,"enemies":"Looter","floor":8,"turns":4},{"damage":0,"enemies":"2 Fungi Beasts","floor":10,"turns":3},{"damage":9,"enemies":"3 Sentries","floor":11,"turns":7},{"damage":4,"enemies":"Lots of Slimes","floor":14,"turns":3},{"damage":24,"enemies":"The Guardian","floor":16,"turns":13},{"damage":5,"enemies":"Chosen","floor":18,"turns":5},{"damage":10,"enemies":"Shell Parasite","floor":22,"turns":7},{"damage":1,"enemies":"Chosen and Byrds","floor":27,"turns":4},{"damage":0,"enemies":"Cultist and Chosen","floor":30,"turns":4},{"damage":32,"enemies":"Slavers","floor":31,"turns":6},{"damage":52,"enemies":"Champ","floor":33,"turns":19}],"seed_played":"-624271668260006705","potions_obtained":[{"floor":2,"key":"DuplicationPotion"},{"floor":5,"key":"BlessingOfTheForge"},{"floor":6,"key":"Strength Potion"},{"floor":18,"key":"Weak Potion"},{"floor":22,"key":"GamblersBrew"},{"floor":29,"key":"Block Potion"},{"floor":30,"key":"PowerPotion"}],"is_trial":false,"path_per_floor":["M","M","?","$","M","E","R","M","T","M","E","T","R","M","R","B",null,"M","?","?","T","M","R","?","$","T","M","R","?","M","E","R","B"],"character_chosen":"THE_SILENT","items_purchased":["Noxious Fumes","Catalyst"],"campfire_rested":2,"item_purchase_floors":[4,25],"current_hp_per_floor":[59,59,59,59,59,21,21,21,21,21,12,12,31,27,27,3,50,45,45,45,45,37,37,37,37,37,38,38,38,40,10,29,0,0],"gold":180,"neow_bonus":"THREE_ENEMY_KILL","is_daily":false,"chose_seed":false,"campfire_upgraded":4,"win_rate":0.0,"timestamp":1609428060,"path_taken":["M","M","?","?","?","E","R","M","T","M","E","?","R","M","R","BOSS","M","?","?","?","M","R","?","$","T","?","R","?","M","E","R","BOSS"],"items_purchased_type":["Card","Card"],"build_version":"2020-12-22","purchased_purges":1,"victory":false,"max_hp_per_floor":[66,66,66,66,66,66,66,66,66,66,66,66,66,66,66,66,66,66,66,66,66,66,66,66,66,66,66,66,66,66,66,66,66,66],"relic_stats":{"Blood Vial":10,"Darkstone Periapt":0,"counters":[15,83],"CeramicFish":9,"Tiny Chest":1,"Kunai":[31],"War Paint":["Defend_G","Defend_G"],"obtain_stats":[{"Blood Vial":20,"Darkstone Periapt":21,"CaptainsWheel":12,"NeowsBlessing":0,"CeramicFish":26,"Tiny Chest":9,"Kunai":11,"War Paint":6,"Empty Cage":17,"Ring of the Snake":0,"Pocketwatch":31},{"Blood Vial":10,"Darkstone Periapt":10,"CaptainsWheel":7,"NeowsBlessing":0,"CeramicFish":11,"Tiny Chest":5,"Kunai":7,"War Paint":4,"Empty Cage":9,"Ring of the Snake":0,"Pocketwatch":14},{"Blood Vial":43,"Darkstone Periapt":43,"CaptainsWheel":22,"NeowsBlessing":0,"CeramicFish":50,"Tiny Chest":12,"Kunai":22,"War Paint":8,"Empty Cage":38,"Ring of the Snake":0,"Pocketwatch":64}],"Ring of the Snake":[30],"Pocketwatch":[24]},"card_choices":[{"not_picked":["Prepared","Deadly Poison"],"picked":"Sucker Punch","floor":1},{"not_picked":["Bane","Prepared","Skewer"],"picked":"SKIP","floor":2},{"not_picked":["Outmaneuver","Quick Slash"],"picked":"Cloak And Dagger","floor":5},{"not_picked":["Leg Sweep","Prepared"],"picked":"Die Die Die","floor":6},{"not_picked":["Choke","Deadly Poison","Prepared"],"picked":"SKIP","floor":8},{"not_picked":["Cloak And Dagger","Leg Sweep"],"picked":"Footwork","floor":10},{"not_picked":["Accuracy","Acrobatics"],"picked":"Bane","floor":11},{"not_picked":["Dagger Throw","Bane","Bouncing Flask"],"picked":"SKIP","floor":14},{"not_picked":["Grand Finale","Doppelganger"],"picked":"Unload","floor":16},{"not_picked":["Deflect","Skewer"],"picked":"Crippling Poison","floor":18},{"not_picked":["Prepared","Dagger Spray+1"],"picked":"Dash+1","floor":22},{"not_picked":["Dagger Throw","Choke+1"],"picked":"Backflip","floor":27},{"not_picked":["Bane","Calculated Gamble","Endless Agony"],"picked":"SKIP","floor":30},{"not_picked":["Outmaneuver","Dagger Throw","Expertise"],"picked":"SKIP","floor":31}],"player_experience":689956,"relics_obtained":[{"floor":6,"key":"War Paint"},{"floor":9,"key":"Tiny Chest"},{"floor":11,"key":"Kunai"},{"floor":12,"key":"CaptainsWheel"},{"floor":21,"key":"Darkstone Periapt"},{"floor":26,"key":"CeramicFish"},{"floor":31,"key":"Pocketwatch"}],"event_choices":[{"cards_removed":["Strike_G"],"damage_healed":0,"gold_gain":0,"player_choice":"Offered Basic","damage_taken":0,"max_hp_gain":0,"max_hp_loss":0,"event_name":"Bonfire Elementals","floor":3,"gold_loss":0},{"damage_healed":0,"gold_gain":0,"player_choice":"Read","damage_taken":0,"max_hp_gain":0,"max_hp_loss":0,"event_name":"The Library","floor":19,"gold_loss":0,"cards_obtained":["Blade Dance"]},{"damage_healed":0,"gold_gain":0,"player_choice":"Obtained Relic","damage_taken":0,"relics_obtained":["Blood Vial"],"max_hp_gain":0,"max_hp_loss":0,"event_name":"Addict","floor":20,"gold_loss":85},{"damage_healed":0,"gold_gain":0,"player_choice":"Upgraded","damage_taken":0,"max_hp_gain":0,"max_hp_loss":0,"event_name":"Upgrade Shrine","floor":24,"gold_loss":0,"cards_upgraded":["Crippling Poison"]},{"damage_healed":0,"gold_gain":0,"player_choice":"Got Potions","damage_taken":0,"max_hp_gain":0,"max_hp_loss":0,"event_name":"Lab","floor":29,"gold_loss":0}],"is_beta":false,"boss_relics":[{"not_picked":["Runic Pyramid","Fusion Hammer"],"picked":"Empty Cage"}],"items_purged_floors":[25],"is_endless":false,"potions_floor_spawned":[2,5,6,8,18,22,30],"killed_by":"Champ","ascension_level":20}}