{"host":"fbnuysr7liutbh5n","time":1609381522,"event":{"mods":["2.2 Compatiblity","Act Like it!","Arknights The Spire","Astrologer","Bard","BaseMod","Better Match","BetterRewards","Block Reminder","Booster Modes","CCEM","CapriCore","ChefMod","Conspire","Custom Start","Dio Mod","Dota2Spire","Downfall","Fireblade Mod","GifTheSpireLib","GungeonMod","Hallownest","Hermit","Hero for Fun","Highlight Path","Hubris","Hyrulean Relics","Infinite Spire","KomeijiMod","Kratos Character Expansion","Luminous","Magitek Elite","Mathematician","Melee Mod","Mimic Mod","Minty Spire (QoL Compilation)","Potion Indicator Mod","QueenMod","Random Character Button","RatMod","Relic Stats","Replay The Spire","Robot Space Explorer","Small Relic Pack","Spicy Shops","StSLib","Swap Starting Deck Mod","The Administrix","The Animator","The Blackbeard","The Bladedancer","The Blue Laboratory","The Bug Knight","The Disciple","The Dragon Tamer","The Exalted","The Florist","The Forsaken","The Hayseed","The Hierophant","The Judge","The Kombatant","The Mystic","The Necromancer","The Poker Player","The Problem Sleuth","The Runesmith","The Saiyan","The Trickster","The Wild Card","TheBandit","TheHero","TheLocksmith","Trackpad","thorton","vexMod","??????REMEMod"],"gold_per_floor":[115,115,3,3,3,3,39,80,80,93,111,111,135,0,0,126,126,147,133,151,256,256,297,316,316,316,41,41,60,60,60,60],"floor_reached":31,"playtime":2679,"items_purged":[],"score":278,"play_id":"8e419477-3ce1-4c7f-abb4-5fbfd54888fc","local_time":"20201230202522","is_ascension_mode":false,"campfire_choices":[{"floor":6,"key":"RECALL"},{"data":"Heavy Blade","floor":12,"key":"SMITH"},{"data":"Flex","floor":15,"key":"SMITH"},{"floor":25,"key":"REST"}],"circlet_count":0,"master_deck":["dioMod:Strike","dioMod:Strike","dioMod:Strike","dioMod:Strike","Bite","dioMod:Defend","dioMod:Defend","dioMod:Defend","dioMod:Defend","REME_BuildACard","dioMod:DoubleTime","dioMod:LaserVision","dioMod:Minions","dioMod:Roundabout","Heavy Blade+1","dioMod:BloodSuck","dioMod:Diversion","Thunderclap","REME_MagicPocketWatch","Flex+1","dioMod:SevenPageMuda","dioMod:SadisticLaugh+1","dioMod:Muda","dioMod:CautiousMuda","dioMod:GoodbyeJojo+1","dioMod:SlashThroughTime+1","dioMod:RoadRoller","dioMod:Muda","dioMod:BloodTransfusion+1","dioMod:SecretPlan+1","dioMod:SadisticLaugh+1","dioMod:BloodSuck+1","dioMod:ComposedMuda+1"],"relics":["m_GuardianBlood","REME_ComplimentaryCards","NeowsBlessing","infinitespire:Cubic Diamond","hubris:Towel","Golden Idol","ats:Originium","Matryoshka","CCEMRelics:Sandal","Vajra","Ring of Chaos","Bromod:ArcaneNullifier","infinitespire:WardingShard","Bromod:ArcaneMomentum","HollowMod:StagPassRelic","Dota2Spire:Vanguard","trackpad:HandOfMidas","theForsaken:Kindling"],"acts_visited":["Exordium","TheCity"],"potions_floor_usage":[18,23,23,31],"damage_taken":[{"damage":0,"enemies":"Jaw Worm","floor":1,"turns":1},{"damage":0,"enemies":"HollowMod:MossKnight","floor":7,"turns":1},{"damage":0,"enemies":"conspire:MimicChest","floor":8,"turns":1},{"damage":0,"enemies":"2 Louse","floor":10,"turns":3},{"damage":3,"enemies":"Small Slimes","floor":11,"turns":2},{"damage":10,"enemies":"Looter","floor":13,"turns":2},{"damage":53,"enemies":"Fading Forest","floor":16,"turns":12},{"damage":16,"enemies":"conspire:FuzzyDice","floor":18,"turns":5},{"damage":34,"enemies":"2 Thieves","floor":19,"turns":4},{"damage":51,"enemies":"Centurion and Healer","floor":20,"turns":5},{"damage":22,"enemies":"HollowMod:Nosk","floor":23,"turns":7},{"damage":0,"enemies":"Sentry and Sphere","floor":24,"turns":2},{"damage":31,"enemies":"Snake Plant","floor":29,"turns":4},{"damage":10,"enemies":"Centurion and Healer","floor":31,"turns":1}],"seed_played":"4781508357530276547","potions_obtained":[{"floor":1,"key":"blueLaboratory:AbyssPotion"},{"floor":10,"key":"blueLaboratory:RememoryPotion"},{"floor":11,"key":"DemoMod:LeadSkinPotion"},{"floor":13,"key":"EssenceOfSteel"},{"floor":21,"key":"blueLaboratory:ArtificerPotion"},{"floor":24,"key":"Ancient Potion"}],"is_trial":false,"path_per_floor":["M","?","$","?","?","R","E","?","T","M","M","R","M","$","R","B",null,"M","M","M","?","?","E","M","R","T","$","?","M","$","M"],"character_chosen":"THE_DEFAULT","items_purchased":["dioMod:LaserVision","dioMod:Minions","REME_MagicPocketWatch","Flex","dioMod:SecretPlan","dioMod:SadisticLaugh+1","Dota2Spire:Vanguard","dioMod:BloodSuck","trackpad:HandOfMidas","theForsaken:Kindling"],"campfire_rested":1,"item_purchase_floors":[3,3,14,14,27,27,27,27,30,30],"current_hp_per_floor":[75,75,75,75,57,57,63,69,69,75,75,75,75,75,75,40,75,75,62,28,10,13,11,17,40,40,40,40,47,8,0,0],"gold":60,"neow_bonus":"THREE_ENEMY_KILL","is_daily":false,"chose_seed":false,"campfire_upgraded":2,"win_rate":0.0,"timestamp":1609381522,"path_taken":["M","?","$","?","?","R","E","?","T","M","?","R","M","$","R","BOSS","M","M","M","?","?","E","M","R","T","$","?","?","?","M"],"items_purchased_type":["Card","Card","Card","Card","Card","Card","Relic","Card","Relic","Relic"],"build_version":"2020-12-22","purchased_purges":0,"victory":false,"max_hp_per_floor":[75,75,75,75,75,75,75,75,75,75,75,75,75,75,75,75,75,75,75,75,75,78,78,78,78,78,78,78,78,78,78,78],"relic_stats":{"counters":[14,50],"Golden Idol":100,"obtain_stats":[{"NeowsBlessing":0,"Bromod:ArcaneNullifier":21,"trackpad:HandOfMidas":30,"Golden Idol":5,"Vajra":9,"DemoMod:GlassGuonStoneRelic":1,"infinitespire:Cubic Diamond":2,"Ring of Chaos":17,"Dota2Spire:Vanguard":27,"hubris:Towel":4,"m_GuardianBlood":2,"HollowMod:StagPassRelic":26,"Bromod:ArcaneMomentum":23,"Matryoshka":7,"ats:Originium":7,"infinitespire:WardingShard":21,"dioMod:VampireBlood":0,"theForsaken:Kindling":30,"CCEMRelics:Sandal":8,"REME_ComplimentaryCards":0},{"NeowsBlessing":0,"Bromod:ArcaneNullifier":10,"trackpad:HandOfMidas":13,"Golden Idol":1,"Vajra":3,"DemoMod:GlassGuonStoneRelic":1,"infinitespire:Cubic Diamond":1,"Ring of Chaos":7,"Dota2Spire:Vanguard":12,"hubris:Towel":1,"m_GuardianBlood":1,"HollowMod:StagPassRelic":12,"Bromod:ArcaneMomentum":11,"Matryoshka":2,"ats:Originium":2,"infinitespire:WardingShard":10,"dioMod:VampireBlood":0,"theForsaken:Kindling":13,"CCEMRelics:Sandal":3,"REME_ComplimentaryCards":0},{"NeowsBlessing":0,"Bromod:ArcaneNullifier":36,"trackpad:HandOfMidas":49,"Golden Idol":1,"Vajra":3,"DemoMod:GlassGuonStoneRelic":1,"infinitespire:Cubic Diamond":1,"Ring of Chaos":22,"Dota2Spire:Vanguard":45,"hubris:Towel":1,"m_GuardianBlood":1,"HollowMod:StagPassRelic":45,"Bromod:ArcaneMomentum":43,"Matryoshka":2,"ats:Originium":2,"infinitespire:WardingShard":36,"dioMod:VampireBlood":0,"theForsaken:Kindling":49,"CCEMRelics:Sandal":3,"REME_ComplimentaryCards":0}]},"card_choices":[{"not_picked":["dioMod:HeavyLifting","dioMod:DisarmingVoice"],"picked":"dioMod:DoubleTime","floor":1},{"not_picked":["dioMod:Despair","dioMod:BloodSplash"],"picked":"dioMod:Roundabout","floor":7},{"not_picked":["dioMod:DarkRebirth","Guardian:RefractedBeam"],"picked":"Heavy Blade","floor":8},{"not_picked":["dioMod:DaggerSpree","dioMod:Hiss"],"picked":"dioMod:BloodSuck","floor":10},{"not_picked":["dioMod:LaserVision","dioMod:Minions"],"picked":"dioMod:Diversion","floor":11},{"not_picked":["dioMod:Regeneration","dioMod:LaserVision"],"picked":"Thunderclap","floor":13},{"not_picked":["Guardian:HyperBeam_Guardian","dioMod:Regeneration"],"picked":"dioMod:SevenPageMuda","floor":16},{"not_picked":["dioMod:DaggerToss+1","dioMod:FlyAway"],"picked":"dioMod:SadisticLaugh+1","floor":18},{"not_picked":["dioMod:DaggerToss","dioMod:Roundabout+1"],"picked":"dioMod:Muda","floor":19},{"not_picked":["dioMod:BloodShield+1","dioMod:BloodSplash"],"picked":"dioMod:CautiousMuda","floor":20},{"not_picked":["dioMod:Roundabout","dioMod:FlyAway"],"picked":"dioMod:GoodbyeJojo+1","floor":21},{"not_picked":["dioMod:CoffinBath+1","dioMod:Muda"],"picked":"dioMod:SlashThroughTime+1","floor":21},{"not_picked":["dioMod:ComposedMuda+1","dioMod:BlendIn"],"picked":"dioMod:RoadRoller","floor":21},{"not_picked":["dioMod:MudaMudaMuda","dioMod:WRYYY"],"picked":"dioMod:Muda","floor":23},{"not_picked":["dioMod:MudaMudaMuda","dioMod:DarkRebirth"],"picked":"dioMod:BloodTransfusion+1","floor":24},{"not_picked":["dioMod:ComboFever","dioMod:StreetSign"],"picked":"dioMod:ComposedMuda+1","floor":29}],"player_experience":26731,"relics_obtained":[{"floor":7,"key":"ats:Originium"},{"floor":7,"key":"Matryoshka"},{"floor":8,"key":"CCEMRelics:Sandal"},{"floor":9,"key":"Vajra"},{"floor":21,"key":"Bromod:ArcaneNullifier"},{"floor":21,"key":"infinitespire:WardingShard"},{"floor":23,"key":"ats:Originium"},{"floor":23,"key":"Bromod:ArcaneMomentum"},{"floor":26,"key":"HollowMod:StagPassRelic"}],"event_choices":[{"damage_healed":0,"gold_gain":0,"player_choice":"Take Damage","damage_taken":18,"relics_obtained":["Golden Idol"],"max_hp_gain":0,"max_hp_loss":0,"event_name":"Golden Idol","floor":5,"gold_loss":0},{"damage_healed":0,"gold_gain":0,"player_choice":"Ignored","damage_taken":0,"max_hp_gain":0,"max_hp_loss":0,"event_name":"NoteForYourself","floor":28,"gold_loss":0}],"is_beta":false,"boss_relics":[{"not_picked":["Philosopher\u0027s Stone","vexMod:TanglingVine"],"picked":"Ring of Chaos"}],"items_purged_floors":[],"is_endless":false,"potions_floor_spawned":[1,10,11,13,24],"killed_by":"Centurion and Healer","ascension_level":0}}