{"host":"0cgp910o8339lr91","time":1609401732,"event":{"mods":["BaseMod","Colored Map","Filter the Spire","Minty Spire (QoL Compilation)","Relic Stats","Slay-I","ojb\u0027s Better Paths Mod","ojb\u0027s Info Mod"],"gold_per_floor":[119,137,153,153,153,179,203,203,203,183,213,231,256,271,271,344,344,361,374,385,385,396,426,426,426,426,453,467,467,497,110,110,185,185,185,1184,1184,1196,475,475,129,141,191,191,191,241,272,283,283,283,283,283,283,133,167,167],"floor_reached":57,"playtime":5001,"items_purged":["Defend_G","Normality","Normality","Defend_G"],"score":2791,"play_id":"176a485e-53fe-49f3-abc5-d160a879ae46","local_time":"20201231090212","is_ascension_mode":true,"campfire_choices":[{"data":"Neutralize","floor":8.0,"key":"SMITH"},{"data":"1","floor":15.0,"key":"LIFT"},{"data":"2","floor":29.0,"key":"LIFT"},{"data":"3","floor":32.0,"key":"LIFT"},{"data":"After Image","floor":40.0,"key":"SMITH"},{"data":"After Image","floor":44.0,"key":"SMITH"},{"floor":49.0,"key":"RECALL"},{"data":"Terror","floor":53.0,"key":"SMITH"}],"circlet_count":0,"master_deck":["AscendersBane","Strike_G","Strike_G","Strike_G","Strike_G","Defend_G","Defend_G","Defend_G","Survivor","Neutralize+1","Slice","PiercingWail","Dagger Throw","Dash","Slice","Underhanded Strike","Cloak And Dagger","Terror+1","After Image+1","Acrobatics","Blur","Backflip","Storm of Steel","Blade Dance","Blade Dance","Accuracy","After Image+1","Cloak And Dagger","Adrenaline","Slice","Flechettes"],"relics":["Ring of the Snake","Vajra","Strawberry","Centennial Puzzle","Torii","Bronze Scales","Girya","WristBlade","Eternal Feather","MutagenicStrength","Letter Opener","Ornamental Fan","Bag of Preparation","StrikeDummy","Runic Pyramid","Mercury Hourglass","Frozen Eye","OrangePellets","Thread and Needle","Du-Vu Doll","Nunchaku"],"acts_visited":["Exordium","TheCity","TheBeyond","TheEnding"],"potions_floor_usage":[56],"damage_taken":[{"damage":7.0,"enemies":"2 Louse","floor":1.0,"turns":5.0},{"damage":0.0,"enemies":"Small Slimes","floor":2.0,"turns":3.0},{"damage":1.0,"enemies":"Jaw Worm","floor":3.0,"turns":3.0},{"damage":32.0,"enemies":"Lagavulin","floor":6.0,"turns":7.0},{"damage":2.0,"enemies":"3 Sentries","floor":11.0,"turns":7.0},{"damage":0.0,"enemies":"3 Louse","floor":12.0,"turns":2.0},{"damage":1.0,"enemies":"Gremlin Nob","floor":13.0,"turns":3.0},{"damage":1.0,"enemies":"Exordium Thugs","floor":14.0,"turns":3.0},{"damage":3.0,"enemies":"The Guardian","floor":16.0,"turns":12.0},{"damage":7.0,"enemies":"3 Byrds","floor":18.0,"turns":3.0},{"damage":0.0,"enemies":"Chosen","floor":19.0,"turns":4.0},{"damage":1.0,"enemies":"Centurion and Healer","floor":20.0,"turns":7.0},{"damage":7.0,"enemies":"Snake Plant","floor":22.0,"turns":2.0},{"damage":24.0,"enemies":"Slavers","floor":23.0,"turns":8.0},{"damage":1.0,"enemies":"Gremlin Leader","floor":27.0,"turns":4.0},{"damage":1.0,"enemies":"Cultist and Chosen","floor":28.0,"turns":4.0},{"damage":0.0,"enemies":"Slavers","floor":30.0,"turns":3.0},{"damage":50.0,"enemies":"Automaton","floor":33.0,"turns":8.0},{"damage":1.0,"enemies":"3 Shapes","floor":35.0,"turns":2.0},{"damage":1.0,"enemies":"Orb Walker","floor":38.0,"turns":3.0},{"damage":1.0,"enemies":"Sphere and 2 Shapes","floor":42.0,"turns":3.0},{"damage":0.0,"enemies":"2 Orb Walkers","floor":46.0,"turns":3.0},{"damage":1.0,"enemies":"Reptomancer","floor":47.0,"turns":4.0},{"damage":0.0,"enemies":"Transient","floor":48.0,"turns":6.0},{"damage":49.0,"enemies":"Awakened One","floor":50.0,"turns":8.0},{"damage":0.0,"enemies":"Donu and Deca","floor":51.0,"turns":6.0},{"damage":10.0,"enemies":"Shield and Spear","floor":55.0,"turns":6.0},{"damage":62,"enemies":"The Heart","floor":56,"turns":8}],"seed_played":"-7459352200900018642","potions_obtained":[{"floor":2.0,"key":"AttackPotion"},{"floor":3.0,"key":"ColorlessPotion"},{"floor":10.0,"key":"SteroidPotion"},{"floor":11.0,"key":"SmokeBomb"},{"floor":23.0,"key":"BlessingOfTheForge"},{"floor":30.0,"key":"BlessingOfTheForge"},{"floor":46.0,"key":"SpeedPotion"},{"floor":48.0,"key":"CunningPotion"},{"floor":55.0,"key":"PowerPotion"}],"is_trial":false,"path_per_floor":["M","M","M","?","?","E","T","R","T","?","E","M","E","M","R","B",null,"M","M","M","$","M","E","?","?","T","E","M","R","E","$","R","B",null,"M","?","?","M","$","R","$","M","T","R","?","?","E","M","R","B","B",null,"R","$","E","B",null],"character_chosen":"THE_SILENT","items_purchased":["StrikeDummy","Accuracy","Mercury Hourglass","Frozen Eye","Adrenaline","OrangePellets","BlessingOfTheForge"],"campfire_rested":0,"item_purchase_floors":[31,31,39,39,39,41,41],"current_hp_per_floor":[52,52,51,56,56,31,31,31,31,31,29,29,28,27,27,24,65,58,58,57,57,50,26,26,26,26,25,24,39,39,39,54,4,60,59,59,59,58,58,76,76,75,75,78,74,74,73,73,74,25,25,62,74,74,64,2],"gold":167,"neow_bonus":"RANDOM_COMMON_RELIC","is_daily":false,"chose_seed":false,"campfire_upgraded":4,"win_rate":0.0,"timestamp":1609401732,"path_taken":["M","M","M","?","?","E","?","R","T","?","E","M","E","M","R","BOSS","M","M","M","$","M","E","?","?","T","E","M","R","E","?","R","BOSS","M","?","?","?","$","R","$","M","T","R","?","?","E","M","R","BOSS","BOSS","R","$","E","BOSS"],"items_purchased_type":["Relic","Card","Relic","Relic","Card","Relic","Potion"],"build_version":"2020-12-22","purchased_purges":4,"victory":true,"max_hp_per_floor":[66,66,66,71,71,78,78,78,78,78,78,78,78,78,78,78,78,78,78,78,78,78,78,78,78,78,78,78,78,78,78,78,78,78,78,78,78,78,78,78,78,78,78,78,74,74,74,74,74,74,74,74,74,74,74,74],"relic_stats":{"Torii":68,"counters":[28,136],"Eternal Feather":64,"Bag of Preparation":[22],"Letter Opener":[116],"Mercury Hourglass":[168],"OrangePellets":[11],"Centennial Puzzle":[52],"Nunchaku":[2],"Ornamental Fan":[228],"Bronze Scales":[427],"obtain_stats":[{"Girya":13,"Torii":9,"Vajra":0,"Eternal Feather":23,"Thread and Needle":46,"Bag of Preparation":30,"Letter Opener":26,"Mercury Hourglass":39,"Du-Vu Doll":47,"Frozen Eye":39,"OrangePellets":41,"Centennial Puzzle":7,"Nunchaku":55,"WristBlade":17,"Ornamental Fan":27,"Strawberry":6,"Bronze Scales":11,"MutagenicStrength":25,"StrikeDummy":31,"Ring of the Snake":0,"Runic Pyramid":34},{"Girya":7,"Torii":4,"Vajra":0,"Eternal Feather":14,"Thread and Needle":22,"Bag of Preparation":17,"Letter Opener":14,"Mercury Hourglass":20,"Du-Vu Doll":23,"Frozen Eye":20,"OrangePellets":20,"Centennial Puzzle":4,"Nunchaku":27,"WristBlade":9,"Ornamental Fan":15,"Strawberry":4,"Bronze Scales":5,"MutagenicStrength":14,"StrikeDummy":17,"Ring of the Snake":0,"Runic Pyramid":18},{"Girya":30,"Torii":18,"Vajra":0,"Eternal Feather":69,"Thread and Needle":98,"Bag of Preparation":80,"Letter Opener":69,"Mercury Hourglass":93,"Du-Vu Doll":102,"Frozen Eye":93,"OrangePellets":93,"Centennial Puzzle":18,"Nunchaku":128,"WristBlade":45,"Ornamental Fan":73,"Strawberry":18,"Bronze Scales":25,"MutagenicStrength":69,"StrikeDummy":80,"Ring of the Snake":0,"Runic Pyramid":88}],"Ring of the Snake":[56]},"card_choices":[{"not_picked":["Calculated Gamble","Catalyst"],"picked":"Slice","floor":1.0},{"not_picked":["Deflect","Bane"],"picked":"PiercingWail","floor":2.0},{"not_picked":["Acrobatics","Sucker Punch"],"picked":"Dagger Throw","floor":3.0},{"not_picked":["Caltrops","PiercingWail"],"picked":"Slice","floor":6.0},{"not_picked":["Burst","Dodge and Roll"],"picked":"Underhanded Strike","floor":11.0},{"not_picked":["Dagger Throw","Flying Knee"],"picked":"Cloak And Dagger","floor":12.0},{"not_picked":["Concentrate","Prepared","Flechettes"],"picked":"SKIP","floor":13.0},{"not_picked":["Bane","Catalyst"],"picked":"Terror","floor":14.0},{"not_picked":["Corpse Explosion","Envenom"],"picked":"After Image","floor":16.0},{"not_picked":["Poisoned Stab","Underhanded Strike"],"picked":"Acrobatics","floor":18.0},{"not_picked":["Quick Slash","Masterful Stab"],"picked":"Blur","floor":19.0},{"not_picked":["Dagger Throw","Masterful Stab","Accuracy"],"picked":"SKIP","floor":20.0},{"not_picked":["Dodge and Roll","Acrobatics"],"picked":"Backflip","floor":22.0},{"not_picked":["Quick Slash","Dagger Throw+1"],"picked":"Storm of Steel","floor":23.0},{"not_picked":["Calculated Gamble","Deflect"],"picked":"Blade Dance","floor":27.0},{"not_picked":["Bane","Quick Slash","Deflect"],"picked":"SKIP","floor":28.0},{"not_picked":["Outmaneuver","Crippling Poison+1","Deflect"],"picked":"SKIP","floor":30.0},{"not_picked":["Dagger Spray","Finisher"],"picked":"Cloak And Dagger","floor":38.0},{"not_picked":["Flying Knee","Deadly Poison","Sucker Punch"],"picked":"SKIP","floor":42.0},{"not_picked":["Flying Knee+1","Sucker Punch"],"picked":"Slice","floor":46.0},{"not_picked":["Flying Knee","Outmaneuver"],"picked":"Flechettes","floor":47.0},{"not_picked":["Dagger Throw","Flying Knee+1","All Out Attack"],"picked":"SKIP","floor":48.0},{"not_picked":["Dagger Throw+1","Riddle With Holes","Caltrops"],"picked":"SKIP","floor":55.0}],"player_experience":1286825,"relics_obtained":[{"floor":6.0,"key":"Strawberry"},{"floor":7.0,"key":"Centennial Puzzle"},{"floor":9.0,"key":"Torii"},{"floor":11.0,"key":"Bronze Scales"},{"floor":13.0,"key":"Girya"},{"floor":23.0,"key":"Eternal Feather"},{"floor":26.0,"key":"Letter Opener"},{"floor":27.0,"key":"Ornamental Fan"},{"floor":30.0,"key":"Bag of Preparation"},{"floor":46.0,"key":"Thread and Needle"},{"floor":47.0,"key":"Du-Vu Doll"},{"floor":55.0,"key":"Nunchaku"}],"event_choices":[{"damage_healed":0.0,"max_hp_gain":5.0,"max_hp_loss":0.0,"gold_gain":0.0,"event_name":"Big Fish","player_choice":"Donut","floor":4.0,"gold_loss":0.0,"damage_taken":0.0},{"damage_healed":0.0,"max_hp_gain":0.0,"max_hp_loss":0.0,"gold_gain":0.0,"cards_transformed":["Strike_G"],"event_name":"Living Wall","player_choice":"Change","floor":5.0,"gold_loss":0.0,"damage_taken":0.0,"cards_obtained":["Dash"]},{"damage_healed":0.0,"max_hp_gain":0.0,"max_hp_loss":0.0,"gold_gain":0.0,"event_name":"The Woman in Blue","player_choice":"Bought 1 Potion","floor":10.0,"gold_loss":0.0,"damage_taken":0.0},{"damage_healed":0.0,"max_hp_gain":0.0,"max_hp_loss":0.0,"gold_gain":0.0,"event_name":"The Library","player_choice":"Read","floor":24.0,"gold_loss":0.0,"damage_taken":0.0,"cards_obtained":["Blade Dance"]},{"damage_healed":0.0,"max_hp_gain":0.0,"max_hp_loss":0.0,"gold_gain":0.0,"event_name":"Drug Dealer","player_choice":"Inject Mutagens","floor":25.0,"gold_loss":0.0,"damage_taken":0.0,"relics_obtained":["MutagenicStrength"]},{"damage_healed":0.0,"max_hp_gain":0.0,"max_hp_loss":0.0,"gold_gain":999.0,"event_name":"MindBloom","player_choice":"Gold","floor":36.0,"gold_loss":0.0,"damage_taken":0.0,"cards_obtained":["Normality","Normality"]},{"damage_healed":0.0,"max_hp_gain":0.0,"max_hp_loss":0.0,"gold_gain":0.0,"event_name":"Duplicator","player_choice":"Copied","floor":37.0,"gold_loss":0.0,"damage_taken":0.0,"cards_obtained":["After Image"]},{"damage_healed":0.0,"max_hp_gain":0.0,"max_hp_loss":4.0,"gold_gain":0.0,"event_name":"Winding Halls","player_choice":"Max HP","floor":45.0,"gold_loss":0.0,"damage_taken":0.0},{"damage_healed":0.0,"max_hp_gain":0.0,"max_hp_loss":0.0,"gold_gain":0.0,"event_name":"Mysterious Sphere","player_choice":"Fight","floor":46.0,"gold_loss":0.0,"damage_taken":0.0}],"is_beta":false,"boss_relics":[{"not_picked":["Tiny House","Ectoplasm"],"picked":"WristBlade"},{"not_picked":["Empty Cage","SacredBark"],"picked":"Runic Pyramid"}],"items_purged_floors":[31,39,41,54],"is_endless":false,"potions_floor_spawned":[2,3,11,23,28,30,46,48,55],"ascension_level":20}}