{"host":"1hppsasng8mkn0s8","time":1609410946,"event":{"mods":["BaseMod","Downfall","Minty Spire (QoL Compilation)","StSLib"],"gold_per_floor":[99,99,99,99,199,124,193,228,240,90,109,119,119,119,138,236,236,236,246,246,246,78,78,103,13,28,38,57,57,83,95,110,205,205,205,218,228,228,278,46,124,150,163,91,91,91,103,76,89,89,89,89,89,89],"floor_reached":52,"playtime":3325,"items_purged":[],"score":750,"play_id":"ab7e7d5d-d29b-48e9-a6ff-58e1b6c685c6","local_time":"20201231183546","is_ascension_mode":false,"campfire_choices":[{"floor":1.0,"key":"RECALL"},{"data":"Guardian:TwinSlam","floor":6.0,"key":"SMITH"},{"data":"Guardian:VentSteam","floor":10.0,"key":"SMITH"},{"data":"Guardian:CurlUp","floor":13.0,"key":"SMITH"},{"floor":29.0,"key":"REST"},{"data":"Guardian:AncientConstruct","floor":35,"key":"SMITH"},{"data":"Guardian:Repulse","floor":45,"key":"SMITH"}],"circlet_count":0,"master_deck":["Guardian:Strike_Guardian","Guardian:Strike_Guardian","Guardian:Strike_Guardian","Guardian:Strike_Guardian","Guardian:Defend_Guardian","Guardian:Defend_Guardian","Guardian:Defend_Guardian","Guardian:CurlUp+1","Guardian:TwinSlam+1","Guardian:VentSteam+1","Guardian:PrismaticBarrier","Guardian:ChargeUp","Guardian:TemporalStrike","Guardian:ExploitGems","Guardian:TemporalStrike","Slimebound:CheckThePlaybook","Slimebound:Icky","Guardian:Repulse+1","Guardian:PrismaticBeam","Guardian:DecasProtection+1","Guardian:Suspension","Guardian:ExploitGems","Guardian:PiercingHide","Guardian:TimeCapacitor","Guardian:AncientConstruct+1","Guardian:ArmoredProtocol+1","Guardian:BronzeOrb+1","Guardian:WalkerClaw+1","Guardian:ShieldSpikes+1","Guardian:CrystalBeam+1","Guardian:FloatingOrbs+1","Guardian:TimeBomb+1","Guardian:Gem_Green","Guardian:TimeBomb+1"],"relics":["Guardian:ModeShifterPlus","downfall:HeartsMalice","downfall:ShatteredFragment","downfall:HeartBlessingRed","Bottled Lightning","downfall:HeartBlessingGreen","downfall:HeartBlessingBlue","Guardian:PickAxe","Black Star","Guardian:BottledStasis","Centennial Puzzle","Blood Vial","Nunchaku","Calipers","Ice Cream","Mercury Hourglass","Frozen Egg 2","Regal Pillow","PreservedInsect"],"acts_visited":["Exordium","TheCity","TheBeyond","TheEnding"],"potions_floor_usage":[30,33,33,33],"damage_taken":[{"damage":0.0,"enemies":"Jaw Worm","floor":2.0,"turns":1.0},{"damage":0.0,"enemies":"Cultist","floor":3.0,"turns":1.0},{"damage":0.0,"enemies":"Lagavulin","floor":8.0,"turns":1.0},{"damage":6.0,"enemies":"2 Louse","floor":9.0,"turns":2.0},{"damage":0.0,"enemies":"Large Slime","floor":11.0,"turns":2.0},{"damage":0.0,"enemies":"Blue Slaver","floor":12.0,"turns":2.0},{"damage":4.0,"enemies":"Blue Slaver","floor":14.0,"turns":4.0},{"damage":0.0,"enemies":"Large Slime","floor":15.0,"turns":4.0},{"damage":10.0,"enemies":"downfall:Watcher","floor":16.0,"turns":7.0},{"damage":12.0,"enemies":"Spheric Guardian","floor":19.0,"turns":5.0},{"damage":7.0,"enemies":"downfall:FleeingMerchant","floor":22.0,"turns":4.0},{"damage":12.0,"enemies":"downfall:FleeingMerchant","floor":25.0,"turns":4.0},{"damage":3.0,"enemies":"Chosen","floor":26.0,"turns":4.0},{"damage":21.0,"enemies":"Snake Plant","floor":27.0,"turns":4.0},{"damage":0.0,"enemies":"Cultist and Chosen","floor":28.0,"turns":4.0},{"damage":22,"enemies":"Slavers","floor":30,"turns":4},{"damage":9,"enemies":"Sentry and Sphere","floor":31,"turns":4},{"damage":15,"enemies":"Shelled Parasite and Fungi","floor":32,"turns":4},{"damage":13,"enemies":"downfall:Silent","floor":33,"turns":4},{"damage":0,"enemies":"3 Shapes","floor":36,"turns":4},{"damage":5,"enemies":"3 Darklings","floor":37,"turns":5},{"damage":1,"enemies":"Mind Bloom Boss Battle","floor":39,"turns":6},{"damage":0,"enemies":"downfall:FleeingMerchant","floor":40,"turns":4},{"damage":0,"enemies":"Reptomancer","floor":42,"turns":4},{"damage":0,"enemies":"Transient","floor":43,"turns":5},{"damage":0,"enemies":"Spire Growth","floor":47,"turns":4},{"damage":0,"enemies":"3 Darklings","floor":49,"turns":5},{"damage":18,"enemies":"downfall:Ironclad","floor":50,"turns":10},{"damage":127,"enemies":"downfall:CharBossMerchant","floor":52,"turns":8}],"seed_played":"-80073918157356182","potions_obtained":[{"floor":8.0,"key":"Fire Potion"},{"floor":11.0,"key":"Energy Potion"},{"floor":12.0,"key":"Strength Potion"},{"floor":26.0,"key":"DuplicationPotion"},{"floor":27.0,"key":"Regen Potion"},{"floor":28.0,"key":"Strength Potion"},{"floor":30,"key":"CultistPotion"},{"floor":39,"key":"Ancient Potion"},{"floor":42,"key":"SpeedPotion"}],"is_trial":false,"path_per_floor":["R","M","M","?","?","R","T","E","M","R","M","M","R","?","M","B",null,"R","M","?","?","$","R","T","$","M","M","M","R","E","M","M","B",null,"R","M","M","?","?","?","T","E","M","$","R","?","M","$","M","B",null,"E"],"character_chosen":"GUARDIAN","items_purchased":["Guardian:BottledStasis","Guardian:PrismaticBeam","Ice Cream","Mercury Hourglass","Guardian:FloatingOrbs+1","Guardian:Gem_Green"],"campfire_rested":1,"item_purchase_floors":[22,25,40,40,44,48],"current_hp_per_floor":[80,80,80,56,56,56,56,56,50,60,60,60,60,44,44,34,90,90,78,60,60,53,53,53,41,38,17,29,57,35,28,15,4,95,95,95,90,90,91,93,93,95,95,95,95,95,95,95,95,77,95,0,0,0],"gold":89,"neow_bonus":"THREE_ENEMY_KILL","is_daily":false,"chose_seed":false,"campfire_upgraded":5,"win_rate":0.0,"timestamp":1609410946,"path_taken":["R","M","M","?","?","R","T","E","M","R","M","?","R","?","M","BOSS","R","M","?","?","$","R","T","$","M","M","M","R","E","M","M","BOSS","R","M","M","?","?","?","T","E","M","$","R","?","M","$","M","BOSS","E"],"items_purchased_type":["Relic","Card","Relic","Relic","Card","Card"],"build_version":"2020-12-22","purchased_purges":0,"victory":false,"max_hp_per_floor":[80,80,80,80,80,80,80,80,80,90,90,90,90,90,90,90,90,90,90,95,95,95,95,95,95,95,95,95,95,95,95,95,95,95,95,95,95,95,95,95,95,95,95,95,95,95,95,95,95,95,95,95,95,95],"card_choices":[{"not_picked":["Guardian:Recover","Guardian:ArmoredProtocol"],"picked":"Guardian:VentSteam","floor":2.0},{"not_picked":["Guardian:RefractedBeam","Guardian:VentSteam"],"picked":"Guardian:PrismaticBarrier","floor":3.0},{"not_picked":["Guardian:Planning","Guardian:Suspension"],"picked":"Guardian:Gem_Fragmented","floor":8.0},{"not_picked":["Guardian:BronzeArmor","Guardian:RollAttack"],"picked":"Guardian:ChargeUp","floor":9.0},{"not_picked":["Guardian:ChargeCore","Guardian:Gem_Crimson"],"picked":"Guardian:Gem_Cyan","floor":11.0},{"not_picked":["Guardian:Emergency","Guardian:Gem_Lightblue"],"picked":"Guardian:TemporalStrike","floor":12.0},{"not_picked":["Guardian:Clone","Guardian:PolyBeam"],"picked":"Guardian:Gem_Crimson","floor":15.0},{"not_picked":["Guardian:HyperBeam_Guardian","Guardian:Gem_Orange"],"picked":"Guardian:ExploitGems","floor":16.0},{"not_picked":["Guardian:PrismaticBarrier","Guardian:Gem_Lightblue"],"picked":"Guardian:TemporalStrike","floor":19.0},{"not_picked":["Guardian:Gem_Crimson","Guardian:PiercingHide"],"picked":"Guardian:Gem_White","floor":22.0},{"not_picked":["Guardian:ShieldSpikes+1","Guardian:Incinerate"],"picked":"Guardian:Repulse","floor":25.0},{"not_picked":["Guardian:Suspension","Guardian:Gem_White"],"picked":"Guardian:Gem_Red","floor":26.0},{"not_picked":["Guardian:Gem_Red","Guardian:Gem_Blue"],"picked":"Guardian:DecasProtection+1","floor":27.0},{"not_picked":["Guardian:Gem_Blue","Guardian:RollAttack+1"],"picked":"Guardian:Suspension","floor":28.0},{"not_picked":["Guardian:Planning","Guardian:Incinerate"],"picked":"Guardian:ExploitGems","floor":30},{"not_picked":["Guardian:Gem_Green","Guardian:DecasProtection"],"picked":"Guardian:PiercingHide","floor":31},{"not_picked":["Guardian:Recover","Guardian:Gem_Crimson"],"picked":"Guardian:TimeCapacitor","floor":32},{"not_picked":["Guardian:SphericShield","Guardian:ConstructionForm"],"picked":"Guardian:AncientConstruct","floor":33},{"not_picked":["Guardian:Gem_Red","Guardian:ShieldCharger"],"picked":"Guardian:ArmoredProtocol+1","floor":36},{"not_picked":["Guardian:BronzeArmor+1","Guardian:GuardianWhirl"],"picked":"Guardian:BronzeOrb+1","floor":37},{"not_picked":["Guardian:Incinerate+1","Guardian:Gem_Crimson"],"picked":"Guardian:WalkerClaw+1","floor":39},{"not_picked":["Guardian:TemporalShield","Guardian:WalkerClaw"],"picked":"Guardian:Gem_Fragmented","floor":40},{"not_picked":["Guardian:Gem_Green","Guardian:ShieldCharger"],"picked":"Guardian:ShieldSpikes+1","floor":42},{"not_picked":["Guardian:RefractedBeam+1","Guardian:Gem_Green"],"picked":"Guardian:CrystalBeam+1","floor":43},{"not_picked":["Guardian:TemporalShield","Guardian:Gem_Green"],"picked":"Guardian:TimeBomb+1","floor":47},{"not_picked":["Guardian:WalkerClaw","Guardian:Gem_Green"],"picked":"Guardian:TimeBomb+1","floor":49}],"player_experience":188165,"relics_obtained":[{"floor":8.0,"key":"Bottled Lightning"},{"floor":24.0,"key":"Centennial Puzzle"},{"floor":30,"key":"Blood Vial"},{"floor":30,"key":"Nunchaku"},{"floor":39,"key":"Calipers"},{"floor":41,"key":"Frozen Egg 2"},{"floor":42,"key":"Regal Pillow"},{"floor":42,"key":"PreservedInsect"}],"event_choices":[{"damage_healed":0.0,"max_hp_gain":0.0,"max_hp_loss":0.0,"gold_gain":100.0,"event_name":"Wheel of Change","player_choice":"Gold","floor":5.0,"gold_loss":0.0,"damage_taken":0.0},{"cards_removed":["Guardian:Defend_Guardian"],"damage_healed":0,"gold_gain":0,"player_choice":"Offered Basic","damage_taken":0,"max_hp_gain":0,"max_hp_loss":0,"event_name":"Bonfire Elementals","floor":46,"gold_loss":0}],"is_beta":false,"boss_relics":[{"not_picked":["SacredBark","Snecko Eye"],"picked":"Black Star"},{"not_picked":["Pandora\u0027s Box","Guardian:StasisSlotReductionRelic"],"picked":"Guardian:ModeShifterPlus"}],"items_purged_floors":[],"is_endless":false,"potions_floor_spawned":[8,11,12,14,26,27,28,30,32,39,42],"killed_by":"downfall:CharBossMerchant","ascension_level":0}}