{"host":"6pgtslebjnyv5xmi","time":1609389391,"event":{"mods":["AchievementEnabler","BaseMod","Colored Map","Minty Spire (QoL Compilation)","Rare Cards Sparkle","StSLib","SuperFastMode","everything is the same but u backflip on backflip"],"gold_per_floor":[115,43,56,71,91,91,117,117,140,65,84,98,98,109,109,109,109],"floor_reached":16,"playtime":454,"items_purged":["Strike_G"],"score":151,"play_id":"38da8da9-121d-4dd3-8890-993cdcfb7363","local_time":"20201231133631","is_ascension_mode":true,"campfire_choices":[{"data":"Corpse Explosion","floor":6,"key":"SMITH"},{"floor":8,"key":"REST"},{"data":"A Thousand Cuts","floor":15,"key":"SMITH"}],"circlet_count":0,"master_deck":["Strike_G","Strike_G","Strike_G","Strike_G","Defend_G","Defend_G","Defend_G","Defend_G","Defend_G","Survivor","Neutralize","Corpse Explosion+1","Catalyst","Bane","Catalyst+1","Terror+1","A Thousand Cuts+1"],"relics":["Ring of the Snake","Anchor","MealTicket"],"acts_visited":["Exordium"],"potions_floor_usage":[7,7,16],"damage_taken":[{"damage":0,"enemies":"Cultist","floor":1,"turns":5},{"damage":4,"enemies":"Small Slimes","floor":3,"turns":5},{"damage":3,"enemies":"Jaw Worm","floor":4,"turns":5},{"damage":11,"enemies":"Looter","floor":5,"turns":3},{"damage":30,"enemies":"Lagavulin","floor":7,"turns":4},{"damage":0,"enemies":"Exordium Wildlife","floor":11,"turns":2},{"damage":3,"enemies":"3 Louse","floor":12,"turns":2},{"damage":0,"enemies":"2 Fungi Beasts","floor":14,"turns":2},{"damage":33,"enemies":"Slime Boss","floor":16,"turns":3}],"seed_played":"3507377042222831084","potions_obtained":[{"floor":4,"key":"BlessingOfTheForge"},{"floor":5,"key":"AttackPotion"},{"floor":12,"key":"Energy Potion"}],"is_trial":false,"path_per_floor":["M","$","M","M","M","R","E","R","T","$","M","M","?","M","R","B"],"character_chosen":"THE_SILENT","items_purchased":["Catalyst"],"campfire_rested":1,"item_purchase_floors":[2],"current_hp_per_floor":[63,63,59,56,45,45,15,33,33,48,48,45,32,32,32,0,0],"gold":109,"neow_bonus":"THREE_RARE_CARDS","is_daily":false,"chose_seed":false,"campfire_upgraded":2,"win_rate":0.0,"timestamp":1609389391,"path_taken":["M","?","M","M","M","R","E","R","T","$","M","M","?","M","R","BOSS"],"items_purchased_type":["Card"],"build_version":"2020-12-22","purchased_purges":1,"victory":false,"max_hp_per_floor":[63,63,63,63,63,63,63,63,63,63,63,63,63,63,63,63,63],"card_choices":[{"not_picked":["Malaise","Adrenaline"],"picked":"Corpse Explosion","floor":0},{"not_picked":["Poisoned Stab","Flying Knee","Underhanded Strike"],"picked":"SKIP","floor":1},{"not_picked":["Quick Slash","Underhanded Strike","Outmaneuver"],"picked":"SKIP","floor":3},{"not_picked":["Heel Hook","Blade Dance"],"picked":"Bane","floor":4},{"not_picked":["Finisher","Accuracy"],"picked":"Catalyst","floor":5},{"not_picked":["Riddle With Holes","Deflect","All Out Attack"],"picked":"SKIP","floor":7},{"not_picked":["Distraction","Dagger Spray"],"picked":"Terror","floor":11},{"not_picked":["Flying Knee","Underhanded Strike","Acrobatics"],"picked":"SKIP","floor":12},{"not_picked":["Underhanded Strike","Flechettes"],"picked":"A Thousand Cuts","floor":14}],"player_experience":630975,"relics_obtained":[{"floor":7,"key":"Anchor"},{"floor":9,"key":"MealTicket"}],"event_choices":[{"damage_healed":0,"gold_gain":0,"player_choice":"Entered Light","damage_taken":13,"max_hp_gain":0,"max_hp_loss":0,"event_name":"Shining Light","floor":13,"gold_loss":0,"cards_upgraded":["Catalyst","Terror"]}],"is_beta":false,"boss_relics":[],"items_purged_floors":[10],"is_endless":false,"potions_floor_spawned":[4,5,12],"killed_by":"Slime Boss","ascension_level":9}}