{"host":"96bpdudduaq3ttpf","time":1609374351,"event":{"mods":["2.2 Compatiblity","Act Like it!","Astrologer","Bard","Bartender","BaseMod","CapriCore","Challenge The Spire","Chen","Downfall","Elementarium","Energized Spire","Friendly Minions","Gensokyo","GifTheSpireLib","Hallownest","Hermit","Jorbs\u0027s Wanderer Trilogy","KinomotoSakuraMod(????)","Koishi","KomeijiMod","Mari Mod (Legacy)","Mari\u0027s V1 Patch","Marisa????????","Mimic Mod","Minty Spire (QoL Compilation)","Prisma Mod","Quick Restart","Remilia??????","Replay The Spire","Robot Space Explorer","Shade Mod","StSLib","Td1madao Mod","The Administrix","The Bladedancer","The Bug Knight","The Construct","The Cursed","The Factory","The Forsaken","The Gatherer","The Hierophant","The Immortal","The IronCluck","The Jungle","The Marked","The Mystic","The Necromancer","The Runesmith","The Senshi","The Servant 0.9.4","Wandering Minibosses","WarShipGirlsR/????R mod","Yohane!","Yuyuko"],"gold_per_floor":[117,163,186,215,227,239,251,251],"floor_reached":7,"playtime":637,"items_purged":[],"score":39,"play_id":"87dfe167-9ea2-40b2-9af1-9c60d85f39d0","local_time":"20201230172551","is_ascension_mode":false,"campfire_choices":[{"floor":6,"key":"REST"}],"circlet_count":0,"master_deck":["blademaster:Strike","blademaster:Strike","blademaster:Strike","blademaster:Strike","blademaster:Defend","blademaster:Defend","blademaster:Defend","blademaster:Defend","blademaster:RagingBlow","blademaster:HighVoltage","blademaster:CloudOfSteel","blademaster:AirSlash","ReplayTheSpireMod:Splinters","blademaster:DaggerAndCloak","blademaster:EyeOfTheStorm","blademaster:AspectOfLightning","Injury"],"relics":["blademaster:DancersAmulet","InkBottle","MawBank","Regal Pillow"],"acts_visited":["Gensokyo:Gensokyo"],"potions_floor_usage":[],"damage_taken":[{"damage":11,"enemies":"Gensokyo:Python","floor":1,"turns":3},{"damage":6,"enemies":"Gensokyo:Gryphon","floor":4,"turns":5},{"damage":76,"enemies":"Gensokyo:Aya","floor":7,"turns":8}],"seed_played":"-1091932965000256926","potions_obtained":[{"floor":4,"key":"CalmPotion"}],"is_trial":false,"path_per_floor":["M","?","T","M","?","R","E"],"character_chosen":"THE_BLADEMASTER","items_purchased":[],"campfire_rested":1,"item_purchase_floors":[],"current_hp_per_floor":[64,64,64,58,58,75,0,0],"gold":251,"neow_bonus":"ONE_RANDOM_RARE_CARD","is_daily":false,"chose_seed":false,"campfire_upgraded":0,"win_rate":0.0,"timestamp":1609374351,"path_taken":["M","?","?","?","?","R","E"],"items_purchased_type":[],"build_version":"2020-12-22","purchased_purges":0,"victory":false,"max_hp_per_floor":[75,75,75,75,75,75,75,75],"card_choices":[{"not_picked":["blademaster:BloodyBlow","blademaster:Sunder"],"picked":"blademaster:AirSlash","floor":1},{"not_picked":["blademaster:DeadlyDance","blademaster:DragonStrike"],"picked":"blademaster:DaggerAndCloak","floor":2},{"not_picked":["blademaster:FuriousStrike","blademaster:OneTrickPony"],"picked":"blademaster:EyeOfTheStorm","floor":2},{"not_picked":["blademaster:AwakeningDefend","blademaster:Thrust"],"picked":"blademaster:AspectOfLightning","floor":4}],"player_experience":759974,"relics_obtained":[{"floor":2,"key":"InkBottle"},{"floor":3,"key":"MawBank"}],"event_choices":[],"is_beta":false,"boss_relics":[],"items_purged_floors":[],"is_endless":false,"potions_floor_spawned":[4],"killed_by":"Gensokyo:Aya","ascension_level":0}}