{"host":"2m78pqva0leqn903","time":1609431932,"event":{"mods":["BaseMod","Minty Spire (QoL Compilation)","StSLib","TestMod"],"gold_per_floor":[115,115,115,115,131,157,157,176,200,229,154,154,188,19,19,100,100,123,48,10,89,108,149,149,165,188,218,248,279,291,336,348,443,455,494,506,564,576,603,655,667,1079,1091,1122,1175,1216,1261,1299,1311,1350,1377],"floor_reached":52,"playtime":3584,"items_purged":[],"score":2607,"play_id":"23ed31f2-602a-40e1-a8fc-75b50fc1ce7d","local_time":"20210101002532","is_ascension_mode":true,"campfire_choices":[{"data":"Inflame","floor":12.0,"key":"SMITH"},{"data":"Evolve","floor":15.0,"key":"SMITH"},{"data":"Bash","floor":24.0,"key":"SMITH"},{"data":"Rupture","floor":32.0,"key":"SMITH"},{"data":"Body Slam","floor":49,"key":"SMITH"}],"circlet_count":0,"master_deck":["AscendersBane","Strike_R+1","Defend_R+1","Defend_R","Defend_R","Bash+1","Evolve+1","Bloodletting","Inflame+1","Entrench","Shrug It Off","Heavy Blade+1","Shockwave","Rupture+1","Limit Break+1","Rage","Brutality","Body Slam+1","Flex+1"],"relics":["Burning Blood","testmod-DeterminationOfClimber","Potion Belt","Mercury Hourglass","Tiny Chest","Matryoshka","testmod-ObsoleteBoomerang","Membership Card","Philosopher\u0027s Stone","InkBottle","Kunai","testmod-CrystalShield","Toy Ornithopter","Red Skull","MawBank","testmod-TestBox","Bird Faced Urn","Empty Cage","Juzu Bracelet","Bottled Flame","testmod-TurbochargingSystem","testmod-Antiphasic"],"acts_visited":["Exordium","TheCity","TheBeyond"],"potions_floor_usage":[40],"damage_taken":[{"damage":0.0,"enemies":"Jaw Worm","floor":1.0,"turns":1.0},{"damage":0.0,"enemies":"Small Slimes","floor":5.0,"turns":1.0},{"damage":0.0,"enemies":"3 Sentries","floor":6.0,"turns":1.0},{"damage":3.0,"enemies":"2 Louse","floor":8.0,"turns":2.0},{"damage":42.0,"enemies":"Gremlin Nob","floor":10.0,"turns":4.0},{"damage":6.0,"enemies":"Lagavulin","floor":13.0,"turns":4.0},{"damage":9.0,"enemies":"Slime Boss","floor":16.0,"turns":4.0},{"damage":22.0,"enemies":"Shell Parasite","floor":18.0,"turns":3.0},{"damage":19.0,"enemies":"2 Thieves","floor":22.0,"turns":3.0},{"damage":27.0,"enemies":"Book of Stabbing","floor":23.0,"turns":3.0},{"damage":5.0,"enemies":"Centurion and Healer","floor":25.0,"turns":3.0},{"damage":27.0,"enemies":"Slavers","floor":27.0,"turns":3.0},{"damage":0.0,"enemies":"Cultist and Chosen","floor":28.0,"turns":3.0},{"damage":3.0,"enemies":"3 Cultists","floor":29.0,"turns":2.0},{"damage":3.0,"enemies":"Gremlin Leader","floor":31.0,"turns":3.0},{"damage":9.0,"enemies":"Collector","floor":33.0,"turns":5.0},{"damage":6.0,"enemies":"3 Darklings","floor":35.0,"turns":3.0},{"damage":0,"enemies":"Orb Walker","floor":39,"turns":2},{"damage":42,"enemies":"Reptomancer","floor":40,"turns":3},{"damage":6,"enemies":"Spire Growth","floor":44,"turns":3},{"damage":8,"enemies":"Nemesis","floor":45,"turns":3},{"damage":12,"enemies":"Writhing Mass","floor":46,"turns":3},{"damage":4,"enemies":"Reptomancer","floor":47,"turns":2},{"damage":11,"enemies":"Transient","floor":48,"turns":3},{"damage":23,"enemies":"Awakened One","floor":50,"turns":7},{"damage":43,"enemies":"Time Eater","floor":51,"turns":4}],"seed_played":"-1894751678074757835","potions_obtained":[{"floor":1.0,"key":"testmod-TestPotion"},{"floor":6.0,"key":"Dexterity Potion"},{"floor":10.0,"key":"Fire Potion"},{"floor":13.0,"key":"Energy Potion"},{"floor":22.0,"key":"SpeedPotion"},{"floor":23.0,"key":"BloodPotion"},{"floor":33.0,"key":"ColorlessPotion"},{"floor":39,"key":"EssenceOfSteel"},{"floor":45,"key":"testmod-TestPotion"}],"is_trial":false,"path_per_floor":["M","?","?","?","M","E","?","M","T","E","?","R","E","$","R","B",null,"M","?","$","T","M","E","R","M","T","E","M","M","?","E","R","B",null,"M","?","T","?","M","E","?","?","T","M","E","M","E","M","R","B","B",null],"character_chosen":"IRONCLAD","items_purchased":["Membership Card","Entrench"],"campfire_rested":0,"item_purchase_floors":[14,20],"current_hp_per_floor":[74,79,55,50,56,63,63,68,68,35,35,35,44,44,44,45,71,58,58,58,58,49,35,35,41,41,24,33,40,40,49,49,65,76,80,80,80,80,80,51,51,51,51,66,76,76,76,76,76,76,60],"gold":1389,"neow_bonus":"THREE_ENEMY_KILL","is_daily":false,"chose_seed":false,"campfire_upgraded":5,"win_rate":0.0,"timestamp":1609431932,"path_taken":["M","?","?","?","M","E","?","M","T","E","?","R","E","$","R","BOSS","M","?","?","?","M","E","R","M","T","E","?","M","?","E","R","BOSS","M","?","?","?","M","E","?","?","T","M","E","M","E","M","R","BOSS","BOSS"],"items_purchased_type":["Relic","Card"],"build_version":"2020-12-22","purchased_purges":0,"victory":true,"max_hp_per_floor":[75,80,80,80,80,80,80,80,80,80,80,80,80,80,80,80,80,80,80,80,80,80,80,80,80,80,80,80,80,80,80,80,80,80,80,80,80,80,80,80,76,76,76,76,76,76,76,76,76,76,81],"card_choices":[{"not_picked":["Body Slam","Combust"],"picked":"Evolve","floor":1.0},{"not_picked":["True Grit","Pommel Strike"],"picked":"Bloodletting","floor":5.0},{"not_picked":["Armaments","Power Through","Bloodletting"],"picked":"SKIP","floor":6.0},{"not_picked":["Disarm","Thunderclap","Cleave"],"picked":"SKIP","floor":8.0},{"not_picked":["Inflame","Havoc","Dropkick"],"picked":"SKIP","floor":10.0},{"not_picked":["Havoc","Dropkick"],"picked":"Inflame","floor":10.0},{"not_picked":["Headbutt","Heavy Blade","Perfected Strike"],"picked":"SKIP","floor":13.0},{"not_picked":["Pommel Strike","Headbutt","Metallicize"],"picked":"SKIP","floor":18.0},{"not_picked":["Warcry","Thunderclap","Twin Strike"],"picked":"SKIP","floor":22.0},{"not_picked":["Offering","Twin Strike+1"],"picked":"Shrug It Off","floor":23.0},{"not_picked":["Wild Strike","Anger","Armaments"],"picked":"SKIP","floor":25.0},{"not_picked":["Sword Boomerang+1","Corruption"],"picked":"Heavy Blade+1","floor":27.0},{"not_picked":["Anger","Cleave"],"picked":"Shockwave","floor":28.0},{"not_picked":["Anger","Clash"],"picked":"Rupture","floor":29.0},{"not_picked":["Shrug It Off","Second Wind","Iron Wave"],"picked":"SKIP","floor":31.0},{"not_picked":["Immolate","Feed"],"picked":"Limit Break","floor":33.0},{"not_picked":["Sword Boomerang","Feel No Pain","Second Wind"],"picked":"SKIP","floor":35.0},{"not_picked":["Pommel Strike","Heavy Blade","Headbutt"],"picked":"SKIP","floor":39},{"not_picked":["True Grit","Clothesline"],"picked":"Rage","floor":40},{"not_picked":["Carnage","Dropkick"],"picked":"Brutality","floor":44},{"not_picked":["Clash","Feel No Pain"],"picked":"Body Slam","floor":45},{"not_picked":["Second Wind","Body Slam+1"],"picked":"Flex+1","floor":46},{"not_picked":["Clash","Headbutt","Havoc"],"picked":"SKIP","floor":47},{"not_picked":["Burning Pact+1","Shockwave","Perfected Strike"],"picked":"SKIP","floor":48}],"player_experience":879956,"relics_obtained":[{"floor":6.0,"key":"Mercury Hourglass"},{"floor":9.0,"key":"Tiny Chest"},{"floor":10.0,"key":"Matryoshka"},{"floor":13.0,"key":"testmod-ObsoleteBoomerang"},{"floor":21.0,"key":"InkBottle"},{"floor":21.0,"key":"Kunai"},{"floor":23.0,"key":"testmod-CrystalShield"},{"floor":26.0,"key":"Toy Ornithopter"},{"floor":26.0,"key":"Red Skull"},{"floor":27.0,"key":"MawBank"},{"floor":31.0,"key":"Bird Faced Urn"},{"floor":40,"key":"Juzu Bracelet"},{"floor":43,"key":"Bottled Flame"},{"floor":45,"key":"testmod-TurbochargingSystem"},{"floor":47,"key":"testmod-Antiphasic"}],"event_choices":[{"damage_healed":0.0,"max_hp_gain":5.0,"max_hp_loss":0.0,"gold_gain":0.0,"event_name":"Big Fish","player_choice":"Donut","floor":2.0,"gold_loss":0.0,"damage_taken":0.0},{"damage_healed":0.0,"max_hp_gain":0.0,"max_hp_loss":0.0,"gold_gain":0.0,"event_name":"Shining Light","player_choice":"Entered Light","floor":3.0,"gold_loss":0.0,"damage_taken":24.0,"cards_upgraded":["Strike_R","Defend_R"]},{"damage_healed":0.0,"max_hp_gain":0.0,"max_hp_loss":0.0,"gold_gain":0.0,"event_name":"Scrap Ooze","player_choice":"Success","floor":4.0,"gold_loss":0.0,"damage_taken":5.0,"relics_obtained":["Potion Belt"]},{"cards_removed":["Strike_R"],"damage_healed":0.0,"max_hp_gain":0.0,"max_hp_loss":0.0,"gold_gain":0.0,"event_name":"Living Wall","player_choice":"Forget","floor":7.0,"gold_loss":0.0,"damage_taken":0.0},{"cards_removed":["Strike_R"],"damage_healed":0.0,"max_hp_gain":0.0,"max_hp_loss":0.0,"gold_gain":0.0,"event_name":"The Cleric","player_choice":"Card Removal","floor":11.0,"gold_loss":75.0,"damage_taken":0.0},{"cards_removed":["Defend_R"],"damage_healed":0.0,"max_hp_gain":0.0,"max_hp_loss":0.0,"gold_gain":0.0,"event_name":"Beggar","player_choice":"Gave Gold","floor":19.0,"gold_loss":75.0,"damage_taken":0.0},{"damage_healed":0.0,"max_hp_gain":0.0,"max_hp_loss":0.0,"gold_gain":0.0,"event_name":"给自己的盒子","player_choice":"Swap Relic","floor":30.0,"relics_lost":["testmod-TestBox"],"gold_loss":0.0,"damage_taken":0.0,"relics_obtained":["testmod-TestBox"]},{"damage_healed":0.0,"max_hp_gain":0.0,"max_hp_loss":0.0,"gold_gain":0.0,"event_name":"Accursed Blacksmith","player_choice":"Forge","floor":36.0,"gold_loss":0.0,"damage_taken":0.0,"cards_upgraded":["Limit Break"]},{"damage_healed":0,"gold_gain":0,"player_choice":"Memory 1","damage_taken":0,"max_hp_gain":0,"max_hp_loss":0,"event_name":"SensoryStone","floor":38,"gold_loss":0},{"damage_healed":0,"gold_gain":0,"player_choice":"Max HP","damage_taken":0,"max_hp_gain":0,"max_hp_loss":4,"event_name":"Winding Halls","floor":41,"gold_loss":0},{"damage_healed":0,"gold_gain":400,"player_choice":"Sell","damage_taken":0,"max_hp_gain":0,"max_hp_loss":0,"event_name":"恩洛斯的盘子","floor":42,"relics_lost":["NeowsBlessing"],"gold_loss":0}],"is_beta":false,"boss_relics":[{"not_picked":["Snecko Eye","Busted Crown"],"picked":"Philosopher\u0027s Stone"},{"not_picked":["Pandora\u0027s Box","Cursed Key"],"picked":"Empty Cage"}],"items_purged_floors":[],"is_endless":false,"potions_floor_spawned":[1,6,10,13,22,23,33,39,45,46,47],"ascension_level":20}}