{"host":"ifkniheryhug0h86","time":1609440564,"event":{"mods":["AchievementEnabler","BaseMod","Block Reminder","Colored Map","Colored Powertips","DeckTracker","Downfall","Googly Eyes","Highlight Path","Hubris","Infinite Spire","Minty Spire (QoL Compilation)","Quick Restart","Relic Sorter","Relic Stats","StSLib","The Construct","The Necromancer"],"gold_per_floor":[99,113,113,124,138,149,172,192,219,237,237,263,263,279,294,398,398,398,398,398],"floor_reached":19,"playtime":1057,"items_purged":[],"score":281,"play_id":"8ff89d8e-37d0-4fea-b32f-a91a09a4de16","local_time":"20201231134924","is_ascension_mode":false,"campfire_choices":[{"data":"Negative_Energy_Arrows","floor":1,"key":"SMITH"},{"floor":11,"key":"REST"},{"data":"Spectral_Walk","floor":13,"key":"SMITH"},{"floor":18,"key":"RECALL"}],"circlet_count":0,"master_deck":["Strike_W","Strike_W","Strike_W","Strike_W","Defend_W","Defend_W","Defend_W","Defend_W","Negative_Energy_Arrows+1","Bone_Wall","Shackles_Of_Pain+1","Negative_Energy_Javelin","Summon_Undead_Army","Pandemic","Grasp_Heart","Strike_from_Beyond","Corrupt","Spectral_Walk+1","Summon_Undead_Army","Slay_Living","Summon_Death_Knight"],"relics":["Vampire_Amulet","Bag of Marbles","infinitespire:FocusingShard","FossilizedHelix","hubris:CrackedHourglass"],"acts_visited":["Exordium","TheCity"],"potions_floor_usage":[12,16],"damage_taken":[{"damage":0,"enemies":"Small Slimes","floor":2,"turns":3},{"damage":0,"enemies":"Cultist","floor":4,"turns":4},{"damage":0,"enemies":"Jaw Worm","floor":5,"turns":3},{"damage":6,"enemies":"Blue Slaver","floor":6,"turns":3},{"damage":21,"enemies":"Lots of Slimes","floor":8,"turns":4},{"damage":35,"enemies":"3 Sentries","floor":9,"turns":5},{"damage":13,"enemies":"Red Slaver","floor":10,"turns":2},{"damage":10,"enemies":"Gremlin Nob","floor":12,"turns":3},{"damage":19,"enemies":"3 Louse","floor":14,"turns":3},{"damage":0,"enemies":"Blue Slaver","floor":15,"turns":3},{"damage":35,"enemies":"downfall:Ironclad","floor":16,"turns":7},{"damage":13,"enemies":"3 Byrds","floor":19,"turns":4}],"seed_played":"6390340267048005988","potions_obtained":[{"floor":5,"key":"sneckomod:MuddlingPotion"},{"floor":8,"key":"SmokeBomb"},{"floor":9,"key":"AttackPotion"},{"floor":16,"key":"SkillPotion"}],"is_trial":false,"path_per_floor":["R","M","?","M","M","M","T","M","E","M","R","E","R","M","M","B",null,"R","M"],"character_chosen":"NECROMANCER","items_purchased":[],"campfire_rested":1,"item_purchase_floors":[],"current_hp_per_floor":[82,82,82,82,82,78,78,67,38,27,51,49,49,36,38,5,82,82,0,0],"gold":398,"neow_bonus":"TEN_PERCENT_HP_BONUS","is_daily":false,"chose_seed":false,"campfire_upgraded":2,"win_rate":0.0,"timestamp":1609440564,"path_taken":["R","M","?","?","M","M","T","M","E","M","R","E","R","M","M","BOSS","R","M"],"items_purchased_type":[],"build_version":"2020-12-22","purchased_purges":0,"victory":false,"max_hp_per_floor":[82,82,82,82,82,82,82,82,82,82,82,82,82,82,82,82,82,82,82,82],"relic_stats":{"counters":[12,44],"obtain_stats":[{"Vampire_Amulet":0,"infinitespire:FocusingShard":9,"Bag of Marbles":7,"hubris:CrackedHourglass":17,"FossilizedHelix":12},{"Vampire_Amulet":0,"infinitespire:FocusingShard":6,"Bag of Marbles":4,"hubris:CrackedHourglass":11,"FossilizedHelix":8},{"Vampire_Amulet":0,"infinitespire:FocusingShard":22,"Bag of Marbles":13,"hubris:CrackedHourglass":40,"FossilizedHelix":27}]},"card_choices":[{"not_picked":["Epidemic","Negative_Energy_Mist"],"picked":"Shackles_Of_Pain","floor":2},{"not_picked":["Spectral_Armor","Shade_Step"],"picked":"Negative_Energy_Javelin","floor":4},{"not_picked":["Bone_Spikes","Blood_for_Blood"],"picked":"Summon_Undead_Army","floor":5},{"not_picked":["Bone_Bullets","Bone_Armor"],"picked":"Pandemic","floor":6},{"not_picked":["Negative_Energy_Shield","Necrotic_Claws"],"picked":"Grasp_Heart","floor":8},{"not_picked":["Bones_to_Steel","Bone_Bullets"],"picked":"Strike_from_Beyond","floor":9},{"not_picked":["Bone_Spikes","Blood_Whip"],"picked":"Corrupt","floor":10},{"not_picked":["Bone_Armory","Blood_Shield"],"picked":"Spectral_Walk","floor":12},{"not_picked":["Bone_Armor","Bone_Spikes"],"picked":"Summon_Undead_Army","floor":14},{"not_picked":["Strike_from_Beyond","Negative_Energy_Sphere"],"picked":"Slay_Living","floor":15},{"not_picked":["Reap_The_Weak","Cloudkill"],"picked":"Summon_Death_Knight","floor":16}],"player_experience":17760,"relics_obtained":[{"floor":7,"key":"Bag of Marbles"},{"floor":9,"key":"infinitespire:FocusingShard"},{"floor":12,"key":"FossilizedHelix"}],"event_choices":[{"damage_healed":0,"gold_gain":0,"player_choice":"Forge","damage_taken":0,"max_hp_gain":0,"max_hp_loss":0,"event_name":"Accursed Blacksmith","floor":3,"gold_loss":0,"cards_upgraded":["Shackles_Of_Pain"]}],"is_beta":false,"boss_relics":[{"not_picked":["downfall:Hecktoplasm","Velvet Choker"],"picked":"hubris:CrackedHourglass"}],"items_purged_floors":[],"is_endless":false,"potions_floor_spawned":[5,8,9,16],"killed_by":"3 Byrds","ascension_level":0}}