{"host":"htrf3ac8hcpiz3aq","time":1609395088,"event":{"mods":["Act Like it!","BaseMod","Colored Map","Colored Powertips","Gensokyo","Highlight Path","Marisa£®ÏF”Í°°ƒß¿Ì…≥£©","Minty Spire (QoL Compilation)","Reimu£®≤©¿ˆ¡È√Œ£©","Replay The Spire","StSLib"],"gold_per_floor":[118,66,66,120,45,78,97,97,97,123,123,137,164,192,204,288,300,326,352,364,376,398,410,422,422],"floor_reached":24,"playtime":822,"items_purged":["Writhe"],"score":428,"play_id":"ca9d1ad5-9125-413b-bb5b-d669a61a1d8d","local_time":"20201231141128","is_ascension_mode":true,"campfire_choices":[{"floor":8.0,"key":"REST"},{"floor":11.0,"key":"REST"},{"floor":15.0,"key":"REST"},{"floor":23,"key":"REST"}],"circlet_count":0,"master_deck":["AscendersBane","Strike_R","Strike_R","Strike_R","Strike_R","Strike_R","Defend_R","Defend_R","Defend_R","Defend_R","Bash+1","Anger+1","Apotheosis+1","Rampage+1","ReplayTheSpireMod:LeadingStrike","Berserk","Cleave","Iron Wave","Thunderclap","Feed","ReplayTheSpireMod:Stacked+1","Run Through","Infernal Blade"],"relics":["Black Blood","ReplayTheSpireMod:CursedCoin","Darkstone Periapt","Gremlin Food","ReplayTheSpireMod:Shallot","Question Card","Kunai","MawBank","MutagenicStrength"],"acts_visited":["Exordium","TheCity"],"potions_floor_usage":[22,24],"damage_taken":[{"damage":13.0,"enemies":"2 Louse","floor":1.0,"turns":3.0},{"damage":46.0,"enemies":"3 Sentries","floor":6.0,"turns":10.0},{"damage":1.0,"enemies":"Jaw Worm","floor":7.0,"turns":4.0},{"damage":24.0,"enemies":"Lagavulin","floor":10.0,"turns":6.0},{"damage":0.0,"enemies":"Small Slimes","floor":12.0,"turns":4.0},{"damage":37.0,"enemies":"Replay:BlueRogue","floor":13.0,"turns":6.0},{"damage":7.0,"enemies":"3 Louse","floor":14.0,"turns":4.0},{"damage":28.0,"enemies":"Fading Forest","floor":16.0,"turns":13.0},{"damage":37.0,"enemies":"3 Byrds","floor":18.0,"turns":7.0},{"damage":41.0,"enemies":"Shell Parasite","floor":19.0,"turns":6.0},{"damage":14,"enemies":"Snake Plant","floor":22,"turns":4},{"damage":29,"enemies":"Gremlin Leader","floor":24,"turns":5}],"seed_played":"-4391559732734325048","potions_obtained":[{"floor":1.0,"key":"Ancient Potion"},{"floor":12.0,"key":"Flashbang"},{"floor":13.0,"key":"ColorlessPotion"},{"floor":16.0,"key":"Fruit Juice"},{"floor":19.0,"key":"Block Potion"},{"floor":22,"key":"BlessingOfTheForge"}],"is_trial":false,"path_per_floor":["M","$","?","T","$","E","M","R","T","E","R","M","E","M","R","B",null,"M","M","?","?","M","R","E"],"character_chosen":"IRONCLAD","items_purchased":["ReplayTheSpireMod:CursedCoin","Apotheosis"],"campfire_rested":4,"item_purchase_floors":[2,2],"current_hp_per_floor":[68,68,57,57,57,17,22,46,46,28,52,58,27,26,50,33,74,53,24,24,24,22,49,20,20],"gold":422,"neow_bonus":"TEN_PERCENT_HP_BONUS","is_daily":false,"chose_seed":false,"campfire_upgraded":0,"win_rate":0.0,"timestamp":1609395088,"path_taken":["M","$","?","?","$","E","M","R","T","E","R","M","E","M","R","BOSS","M","M","?","?","M","R","E"],"items_purchased_type":["Relic","Card"],"build_version":"2020-12-22","purchased_purges":1,"victory":false,"max_hp_per_floor":[82,82,82,82,82,82,82,82,82,82,82,82,82,82,82,87,87,91,91,91,91,91,91,91,91],"card_choices":[{"not_picked":["Second Wind","Feel No Pain"],"picked":"Anger","floor":1.0},{"not_picked":["Whirlwind","Clash"],"picked":"Rampage","floor":6.0},{"not_picked":["Twin Strike","Heavy Blade"],"picked":"ReplayTheSpireMod:LeadingStrike","floor":7.0},{"not_picked":["ReplayTheSpireMod:LeadingStrike","Havoc","Sword Boomerang"],"picked":"Berserk","floor":10.0},{"not_picked":["Entrench","ReplayTheSpireMod:LeadingStrike","Havoc"],"picked":"Cleave","floor":12.0},{"not_picked":["Perfected Strike","True Grit","Wild Strike"],"picked":"Iron Wave","floor":13.0},{"not_picked":["ReplayReversal","Twin Strike","Wild Strike"],"picked":"Thunderclap","floor":14.0},{"not_picked":["Juggernaut","Eclipse","Demon Form"],"picked":"Feed","floor":16.0},{"not_picked":["Armaments+1","Thunderclap","Sever Soul"],"picked":"ReplayTheSpireMod:Stacked+1","floor":18.0},{"not_picked":["Sever Soul","Body Slam","Replay:Undeath\u0027s Touch"],"picked":"Run Through","floor":19.0},{"not_picked":["Cleave","Body Slam","Wild Strike+1"],"picked":"Infernal Blade","floor":22}],"player_experience":459969,"relics_obtained":[{"floor":4.0,"key":"Gremlin Food"},{"floor":6.0,"key":"ReplayTheSpireMod:Shallot"},{"floor":9.0,"key":"Question Card"},{"floor":10.0,"key":"Kunai"},{"floor":13.0,"key":"MawBank"}],"event_choices":[{"damage_healed":0.0,"max_hp_gain":0.0,"max_hp_loss":0.0,"gold_gain":0.0,"event_name":"Scrap Ooze","player_choice":"Success","floor":3.0,"gold_loss":0.0,"damage_taken":11.0,"relics_obtained":["Darkstone Periapt"]},{"damage_healed":0.0,"max_hp_gain":0.0,"max_hp_loss":0.0,"gold_gain":0.0,"event_name":"Drug Dealer","player_choice":"Inject Mutagens","floor":20.0,"gold_loss":0.0,"damage_taken":0.0,"relics_obtained":["MutagenicStrength"]},{"damage_healed":0.0,"max_hp_gain":0.0,"max_hp_loss":0.0,"gold_gain":0.0,"event_name":"Ghosts","player_choice":"Ignored","floor":21.0,"gold_loss":0.0,"damage_taken":0.0}],"is_beta":false,"boss_relics":[{"not_picked":["Replay:Drink Me","Replay:Bronze Core"],"picked":"Black Blood"}],"items_purged_floors":[5],"is_endless":false,"potions_floor_spawned":[1,12,13,16,19,22],"killed_by":"Gremlin Leader","ascension_level":20}}