{"host":"3h5qf14xt40jhha0","time":1609381935,"event":{"mods":["AlwaysNeverKeys","BaseMod","Colored Powertips","Minty Spire (QoL Compilation)","Permanent Neow","Relic Stats","StSLib"],"gold_per_floor":[110,129,129,149,164,164,189,189,239,255,255,285,305,368,368,442,442,462,462,479,35,35,65,65,92,116,116,130,160,160,186,186,186,186],"floor_reached":33,"playtime":3184,"items_purged":[],"score":826,"play_id":"22c54711-4f2b-44f6-b0a5-b8351dd6f608","local_time":"20201230213215","is_ascension_mode":true,"campfire_choices":[{"data":"CrushJoints","floor":6.0,"key":"SMITH"},{"data":"Eruption","floor":8.0,"key":"SMITH"},{"floor":11.0,"key":"REST"},{"data":"CutThroughFate","floor":15.0,"key":"SMITH"},{"data":"Judgement","floor":27.0,"key":"SMITH"},{"data":"EmptyMind","floor":30,"key":"SMITH"},{"data":"Halt","floor":32,"key":"SMITH"}],"circlet_count":0,"master_deck":["AscendersBane","Strike_P+1","Strike_P+1","Strike_P+1","Strike_P+1","Defend_P+1","Defend_P+1","Defend_P+1","Defend_P+1","Eruption+1","Vigilance","CutThroughFate+1","CrushJoints+1","DeceiveReality","ClearTheMind","DeusExMachina","EmptyMind+1","TalkToTheHand","Crescendo","FearNoEvil","Judgement+1","JustLucky","FlurryOfBlows","Prostrate","Halt+1","TalkToTheHand"],"relics":["VioletLotus","Shuriken","Juzu Bracelet","Tiny Chest","Yang","Runic Pyramid","Medical Kit","TeardropLocket","Nilry\u0027s Codex","Mummified Hand","Letter Opener","Blue Candle","Anchor","Blood Vial","Red Mask"],"acts_visited":["Exordium","TheCity"],"potions_floor_usage":[31],"damage_taken":[{"damage":2.0,"enemies":"Cultist","floor":1.0,"turns":4.0},{"damage":5.0,"enemies":"Small Slimes","floor":2.0,"turns":3.0},{"damage":1.0,"enemies":"2 Louse","floor":4.0,"turns":4.0},{"damage":2.0,"enemies":"2 Fungi Beasts","floor":5.0,"turns":4.0},{"damage":24.0,"enemies":"Gremlin Nob","floor":7.0,"turns":4.0},{"damage":5.0,"enemies":"Large Slime","floor":10.0,"turns":3.0},{"damage":0.0,"enemies":"Lagavulin","floor":12.0,"turns":6.0},{"damage":1.0,"enemies":"Exordium Wildlife","floor":13.0,"turns":4.0},{"damage":11.0,"enemies":"Gremlin Nob","floor":14.0,"turns":4.0},{"damage":0.0,"enemies":"Slime Boss","floor":16.0,"turns":6.0},{"damage":0.0,"enemies":"2 Thieves","floor":18.0,"turns":4.0},{"damage":0.0,"enemies":"3 Byrds","floor":20.0,"turns":4.0},{"damage":11.0,"enemies":"Slavers","floor":23.0,"turns":4.0},{"damage":0.0,"enemies":"Gremlin Leader","floor":25.0,"turns":5.0},{"damage":0,"enemies":"Cultist and Chosen","floor":28,"turns":3},{"damage":2,"enemies":"Book of Stabbing","floor":29,"turns":3},{"damage":0,"enemies":"Masked Bandits","floor":31,"turns":4},{"damage":35,"enemies":"Automaton","floor":33,"turns":6}],"seed_played":"-1631043315228765683","potions_obtained":[{"floor":2.0,"key":"Energy Potion"},{"floor":7.0,"key":"LiquidBronze"},{"floor":13.0,"key":"BlessingOfTheForge"},{"floor":14.0,"key":"Fire Potion"},{"floor":20.0,"key":"Explosive Potion"},{"floor":28,"key":"SteroidPotion"},{"floor":29,"key":"AttackPotion"}],"is_trial":false,"path_per_floor":["M","M","?","M","M","R","E","R","T","M","R","E","M","?","R","B",null,"M","?","M","$","?","E","T","E","T","R","M","E","R","?","R","B"],"character_chosen":"WATCHER","items_purchased":["Medical Kit","TeardropLocket"],"campfire_rested":1,"item_purchase_floors":[21,21],"current_hp_per_floor":[59,54,34,33,31,31,7,7,7,2,22,22,21,10,10,10,54,54,54,54,54,33,22,22,22,22,22,22,20,20,22,22,0,0],"gold":186,"neow_bonus":"BOSS_RELIC","is_daily":false,"chose_seed":false,"campfire_upgraded":6,"win_rate":0.0,"timestamp":1609381935,"path_taken":["M","?","?","M","M","R","E","R","T","M","R","E","M","?","R","BOSS","M","?","M","$","?","E","?","E","T","R","M","E","R","?","R","BOSS"],"items_purchased_type":["Relic","Relic"],"build_version":"2020-12-22","purchased_purges":0,"victory":false,"max_hp_per_floor":[68,68,68,68,68,68,68,68,68,68,68,68,68,68,68,68,68,68,68,68,68,68,68,68,68,68,68,68,68,68,68,68,68,68],"relic_stats":{"Blood Vial":4,"counters":[18,75],"Shuriken":[27],"Mummified Hand":[0],"Blue Candle":[0],"Tiny Chest":1,"Yang":[103],"VioletLotus":[25],"Juzu Bracelet":1,"Letter Opener":[60],"Medical Kit":[0],"obtain_stats":[{"Nilry\u0027s Codex":22,"Blue Candle":25,"Yang":14,"Juzu Bracelet":9,"TeardropLocket":21,"Letter Opener":24,"Medical Kit":21,"Blood Vial":29,"Anchor":26,"Shuriken":7,"Mummified Hand":23,"Tiny Chest":12,"VioletLotus":0,"Red Mask":31,"PureWater":0,"Runic Pyramid":17},{"Nilry\u0027s Codex":12,"Blue Candle":14,"Yang":9,"Juzu Bracelet":5,"TeardropLocket":12,"Letter Opener":13,"Medical Kit":12,"Blood Vial":16,"Anchor":14,"Shuriken":5,"Mummified Hand":13,"Tiny Chest":7,"VioletLotus":0,"Red Mask":17,"PureWater":0,"Runic Pyramid":10},{"Nilry\u0027s Codex":50,"Blue Candle":59,"Yang":36,"Juzu Bracelet":19,"TeardropLocket":50,"Letter Opener":54,"Medical Kit":50,"Blood Vial":65,"Anchor":59,"Shuriken":19,"Mummified Hand":54,"Tiny Chest":28,"VioletLotus":0,"Red Mask":69,"PureWater":0,"Runic Pyramid":42}]},"card_choices":[{"not_picked":["Protect","JustLucky"],"picked":"CutThroughFate","floor":1.0},{"not_picked":["Halt","LikeWater"],"picked":"CrushJoints","floor":2.0},{"not_picked":["CrushJoints","PathToVictory"],"picked":"DeceiveReality","floor":4.0},{"not_picked":["Halt","Perseverance"],"picked":"ClearTheMind","floor":5.0},{"not_picked":["ForeignInfluence","InnerPeace"],"picked":"DeusExMachina","floor":7.0},{"not_picked":["SashWhip","Worship"],"picked":"EmptyMind","floor":10.0},{"not_picked":["BattleHymn","FollowUp"],"picked":"TalkToTheHand","floor":12.0},{"not_picked":["FlyingSleeves","WindmillStrike"],"picked":"Crescendo","floor":13.0},{"not_picked":["SashWhip","ClearTheMind"],"picked":"FearNoEvil","floor":14.0},{"not_picked":["Establishment","Devotion"],"picked":"Judgement","floor":16.0},{"not_picked":["Wireheading","FlyingSleeves"],"picked":"JustLucky","floor":18.0},{"not_picked":["JustLucky","EmptyMind"],"picked":"FlurryOfBlows","floor":20.0},{"not_picked":["Alpha","SignatureMove"],"picked":"Prostrate","floor":23.0},{"not_picked":["CutThroughFate","Crescendo","Wallop"],"picked":"SKIP","floor":25.0},{"not_picked":["ClearTheMind","CutThroughFate"],"picked":"Halt","floor":28},{"not_picked":["Worship","Crescendo"],"picked":"TalkToTheHand","floor":29}],"player_experience":1275914,"relics_obtained":[{"floor":7.0,"key":"Shuriken"},{"floor":9.0,"key":"Juzu Bracelet"},{"floor":12.0,"key":"Tiny Chest"},{"floor":14.0,"key":"Yang"},{"floor":22.0,"key":"Nilry\u0027s Codex"},{"floor":23.0,"key":"Mummified Hand"},{"floor":24.0,"key":"Letter Opener"},{"floor":25.0,"key":"Blue Candle"},{"floor":26.0,"key":"Anchor"},{"floor":29,"key":"Blood Vial"},{"floor":31,"key":"Red Mask"}],"event_choices":[{"damage_healed":0.0,"max_hp_gain":0.0,"max_hp_loss":0.0,"gold_gain":0.0,"event_name":"Shining Light","player_choice":"Entered Light","floor":3.0,"gold_loss":0.0,"damage_taken":20.0,"cards_upgraded":["Defend_P","Strike_P"]},{"damage_healed":0.0,"max_hp_gain":0.0,"max_hp_loss":0.0,"gold_gain":0.0,"event_name":"Dead Adventurer","player_choice":"Searched \u00271\u0027 times","floor":14.0,"gold_loss":0.0,"damage_taken":0.0},{"damage_healed":0.0,"max_hp_gain":0.0,"max_hp_loss":0.0,"gold_gain":0.0,"event_name":"Back to Basics","player_choice":"Simplicity","floor":19.0,"gold_loss":0.0,"damage_taken":0.0,"cards_upgraded":["Strike_P","Strike_P","Strike_P","Defend_P","Defend_P","Defend_P"]},{"damage_healed":0.0,"max_hp_gain":0.0,"max_hp_loss":0.0,"gold_gain":0.0,"event_name":"Cursed Tome","player_choice":"Obtained Book","floor":22.0,"gold_loss":0.0,"damage_taken":21.0},{"damage_healed":0,"gold_gain":0,"player_choice":"Fought Bandits","damage_taken":0,"max_hp_gain":0,"max_hp_loss":0,"event_name":"Masked Bandits","floor":31,"gold_loss":0}],"is_beta":false,"boss_relics":[{"not_picked":["Ectoplasm","SlaversCollar"],"picked":"Runic Pyramid"}],"items_purged_floors":[],"is_endless":false,"potions_floor_spawned":[2,7,13,14,16,20,28,29],"killed_by":"Automaton","ascension_level":20}}