{"host":"i09pxcjttd31eh4q","time":1609385138,"event":{"mods":["AchievementEnabler","BaseMod","Colored Map","Keyboard Shortcuts","Minty Spire (QoL Compilation)","StSLib","SuperFastMode"],"gold_per_floor":[111,122,47,122,122,157,177,177,177,197,227,304,335,347,347,422,422,438,363,65,83,98,98,116,316,341,361,379,379,379,412,412,489,489,509,509,525,542,126,126,161,161,161,192,192,222,222,235,235,235,235,235],"floor_reached":51,"playtime":1911,"items_purged":["Strike_G","Strike_G"],"score":1775,"play_id":"9e84ee52-aa38-4a1f-84ec-31b82d7c48f1","local_time":"20201231122538","is_ascension_mode":true,"campfire_choices":[{"data":"Deadly Poison","floor":8.0,"key":"SMITH"},{"data":"Well Laid Plans","floor":15.0,"key":"SMITH"},{"data":"Corpse Explosion","floor":23.0,"key":"SMITH"},{"floor":29.0,"key":"REST"},{"data":"Bouncing Flask","floor":32.0,"key":"SMITH"},{"data":"Strike_G","floor":40.0,"key":"PURGE"},{"floor":42.0,"key":"RECALL"},{"data":"Defend_G","floor":45.0,"key":"PURGE"},{"data":"Malaise","floor":49,"key":"SMITH"}],"circlet_count":0,"master_deck":["AscendersBane","Defend_G","Defend_G","Defend_G","Defend_G","Survivor","Neutralize","Backstab","Deadly Poison+1","Acrobatics","Masterful Stab","Well Laid Plans+1","Corpse Explosion+1","Footwork","Bouncing Flask+1","Acrobatics+1","Escape Plan+1","Adrenaline","Crippling Poison","Footwork","Malaise+1","Backflip"],"relics":["Ring of the Snake","NeowsBlessing","FossilizedHelix","Pocketwatch","PreservedInsect","The Courier","Mercury Hourglass","SacredBark","Paper Crane","Vajra","Peace Pipe","Coffee Dripper","Lantern","Oddly Smooth Stone","Ninja Scroll"],"acts_visited":["Exordium","TheCity","TheBeyond"],"potions_floor_usage":[50,51],"damage_taken":[{"damage":0.0,"enemies":"Cultist","floor":1.0,"turns":1.0},{"damage":0.0,"enemies":"Small Slimes","floor":2.0,"turns":1.0},{"damage":0.0,"enemies":"Lagavulin","floor":6.0,"turns":1.0},{"damage":0.0,"enemies":"2 Louse","floor":7.0,"turns":3.0},{"damage":1.0,"enemies":"Red Slaver","floor":10.0,"turns":3.0},{"damage":24.0,"enemies":"Gremlin Nob","floor":11.0,"turns":4.0},{"damage":0.0,"enemies":"Lagavulin","floor":13.0,"turns":3.0},{"damage":0.0,"enemies":"Looter","floor":14.0,"turns":2.0},{"damage":16.0,"enemies":"The Guardian","floor":16.0,"turns":11.0},{"damage":22.0,"enemies":"Spheric Guardian","floor":18.0,"turns":5.0},{"damage":6.0,"enemies":"3 Byrds","floor":21.0,"turns":3.0},{"damage":0.0,"enemies":"3 Cultists","floor":22.0,"turns":3.0},{"damage":8.0,"enemies":"Snake Plant","floor":24.0,"turns":4.0},{"damage":0.0,"enemies":"Centurion and Healer","floor":27.0,"turns":4.0},{"damage":9.0,"enemies":"Cultist and Chosen","floor":28.0,"turns":4.0},{"damage":0.0,"enemies":"Gremlin Leader","floor":31.0,"turns":5.0},{"damage":18.0,"enemies":"Automaton","floor":33.0,"turns":10.0},{"damage":0.0,"enemies":"3 Darklings","floor":35.0,"turns":3.0},{"damage":11.0,"enemies":"3 Shapes","floor":37.0,"turns":4.0},{"damage":0.0,"enemies":"3 Darklings","floor":38.0,"turns":2.0},{"damage":0.0,"enemies":"Giant Head","floor":41.0,"turns":7.0},{"damage":9.0,"enemies":"Reptomancer","floor":44.0,"turns":5.0},{"damage":0.0,"enemies":"Giant Head","floor":46.0,"turns":8.0},{"damage":0,"enemies":"Maw","floor":48,"turns":6},{"damage":15,"enemies":"Awakened One","floor":50,"turns":23},{"damage":18,"enemies":"Time Eater","floor":51,"turns":12}],"seed_played":"685073277392487810","potions_obtained":[{"floor":1.0,"key":"DuplicationPotion"},{"floor":6.0,"key":"Regen Potion"},{"floor":14.0,"key":"LiquidBronze"},{"floor":16.0,"key":"CultistPotion"},{"floor":27.0,"key":"FearPotion"},{"floor":31.0,"key":"LiquidMemories"}],"is_trial":false,"path_per_floor":["M","M","$","?","?","E","M","R","T","M","E","T","E","M","R","B",null,"M","?","$","M","M","R","M","?","T","M","M","R","?","E","R","B",null,"M","?","M","M","$","R","E","R","T","E","R","E","?","M","R","B","B"],"character_chosen":"THE_SILENT","items_purchased":["Paper Crane","DistilledChaos","GhostInAJar","Adrenaline","Crippling Poison","Footwork"],"campfire_rested":1,"item_purchase_floors":[20,39,39,39,39,39],"current_hp_per_floor":[59,59,59,48,48,48,48,48,48,47,37,37,37,37,37,21,55,33,33,33,27,27,27,19,19,19,19,10,29,29,29,29,11,52,52,52,41,41,41,41,41,41,41,32,32,32,32,32,32,17,0,0],"gold":235,"neow_bonus":"THREE_ENEMY_KILL","is_daily":false,"chose_seed":false,"campfire_upgraded":5,"win_rate":0.0,"timestamp":1609385138,"path_taken":["M","M","?","?","?","E","M","R","T","M","E","?","E","M","R","BOSS","M","?","$","M","M","R","M","?","T","?","M","R","?","E","R","BOSS","M","?","M","?","$","R","E","R","T","E","R","E","?","M","R","BOSS","BOSS"],"items_purchased_type":["Relic","Potion","Potion","Card","Card","Card"],"build_version":"2020-12-22","purchased_purges":2,"victory":false,"max_hp_per_floor":[66,66,66,66,66,66,66,66,66,66,66,66,66,66,66,66,66,66,66,66,66,66,66,66,66,66,66,66,66,66,66,66,66,66,66,66,66,66,66,66,66,66,66,66,66,66,66,66,66,66,66,66],"card_choices":[{"not_picked":["Riddle With Holes","Cloak And Dagger"],"picked":"Backstab","floor":1.0},{"not_picked":["Flying Knee","Deflect"],"picked":"Deadly Poison","floor":2.0},{"not_picked":["Deflect","Bane"],"picked":"Acrobatics","floor":6.0},{"not_picked":["Dodge and Roll","Heel Hook"],"picked":"Masterful Stab","floor":7.0},{"not_picked":["Skewer","Blur","Backstab"],"picked":"SKIP","floor":10.0},{"not_picked":["Deadly Poison","Cloak And Dagger","Setup"],"picked":"SKIP","floor":11.0},{"not_picked":["Setup","Endless Agony","Poisoned Stab"],"picked":"SKIP","floor":13.0},{"not_picked":["Riddle With Holes","Flying Knee"],"picked":"Well Laid Plans","floor":14.0},{"not_picked":["Unload","Bullet Time"],"picked":"Corpse Explosion","floor":16.0},{"not_picked":["Cloak And Dagger","Predator","Flying Knee"],"picked":"SKIP","floor":18.0},{"not_picked":["Deflect+1","Concentrate","Distraction"],"picked":"SKIP","floor":21.0},{"not_picked":["All Out Attack","Poisoned Stab+1","Bane"],"picked":"SKIP","floor":22.0},{"not_picked":["Eviscerate","Blade Dance"],"picked":"Footwork","floor":24.0},{"not_picked":["Quick Slash","Accuracy","Outmaneuver"],"picked":"SKIP","floor":27.0},{"not_picked":["Underhanded Strike","Cloak And Dagger"],"picked":"Bouncing Flask","floor":28.0},{"not_picked":["Outmaneuver","Dagger Spray","Bouncing Flask"],"picked":"SKIP","floor":31.0},{"not_picked":["Outmaneuver+1","Backflip"],"picked":"Acrobatics+1","floor":35.0},{"not_picked":["Eviscerate","Caltrops+1"],"picked":"Escape Plan+1","floor":37.0},{"not_picked":["Underhanded Strike","Outmaneuver","Blade Dance"],"picked":"SKIP","floor":38.0},{"not_picked":["Quick Slash","Noxious Fumes","Accuracy+1"],"picked":"SKIP","floor":41.0},{"not_picked":["Dagger Spray","Blade Dance"],"picked":"Malaise","floor":44.0},{"not_picked":["Backstab","Blade Dance"],"picked":"Backflip","floor":46.0},{"not_picked":["Quick Slash+1","Prepared","Accuracy"],"picked":"SKIP","floor":48},{"not_picked":["Quick Slash+1","Prepared","Accuracy"],"picked":"SKIP","floor":48},{"not_picked":["Quick Slash+1","Prepared","Accuracy"],"picked":"SKIP","floor":48}],"player_experience":802010,"relics_obtained":[{"floor":6.0,"key":"FossilizedHelix"},{"floor":9.0,"key":"Pocketwatch"},{"floor":11.0,"key":"PreservedInsect"},{"floor":12.0,"key":"The Courier"},{"floor":13.0,"key":"Mercury Hourglass"},{"floor":26.0,"key":"Vajra"},{"floor":31.0,"key":"Peace Pipe"},{"floor":41.0,"key":"Lantern"},{"floor":44.0,"key":"Oddly Smooth Stone"},{"floor":46.0,"key":"Ninja Scroll"}],"event_choices":[{"damage_healed":0.0,"max_hp_gain":0.0,"max_hp_loss":0.0,"gold_gain":75.0,"event_name":"World of Goop","player_choice":"Gather Gold","floor":4.0,"gold_loss":0.0,"damage_taken":11.0},{"damage_healed":0.0,"max_hp_gain":0.0,"max_hp_loss":0.0,"gold_gain":0.0,"event_name":"Shining Light","player_choice":"Ignored","floor":5.0,"gold_loss":0.0,"damage_taken":0.0},{"cards_removed":["Strike_G"],"damage_healed":0.0,"max_hp_gain":0.0,"max_hp_loss":0.0,"gold_gain":0.0,"event_name":"Beggar","player_choice":"Gave Gold","floor":19.0,"gold_loss":75.0,"damage_taken":0.0},{"damage_healed":0.0,"max_hp_gain":0.0,"max_hp_loss":0.0,"gold_gain":200.0,"event_name":"Wheel of Change","player_choice":"Gold","floor":25.0,"gold_loss":0.0,"damage_taken":0.0},{"cards_removed":["Strike_G"],"damage_healed":0.0,"max_hp_gain":0.0,"max_hp_loss":0.0,"gold_gain":0.0,"event_name":"Back to Basics","player_choice":"Elegance","floor":30.0,"gold_loss":0.0,"damage_taken":0.0},{"damage_healed":0.0,"max_hp_gain":0.0,"max_hp_loss":0.0,"gold_gain":0.0,"event_name":"SecretPortal","player_choice":"Ignored","floor":36.0,"gold_loss":0.0,"damage_taken":0.0},{"damage_healed":0,"gold_gain":0,"player_choice":"0 cards matched","damage_taken":0,"max_hp_gain":0,"max_hp_loss":0,"event_name":"Match and Keep!","floor":47,"gold_loss":0,"cards_obtained":[]}],"is_beta":false,"boss_relics":[{"not_picked":["Ectoplasm","Philosopher\u0027s Stone"],"picked":"SacredBark"},{"not_picked":["Busted Crown","SlaversCollar"],"picked":"Coffee Dripper"}],"items_purged_floors":[3,20],"is_endless":false,"potions_floor_spawned":[1,6,7,14,16,24,27,31,41,46,48],"killed_by":"Time Eater","ascension_level":20}}