{"host":"78zdngn0u28jm0pp","time":1609389072,"event":{"mods":["BaseMod","Jorbs\u0027s Wanderer Trilogy","Minty Spire (QoL Compilation)","Permanent Neow","Quick Restart","Relic Stats","StSLib","Unceasing Turn Reminder"],"gold_per_floor":[110,110,135,153,46,46,64,105,129,129,165,180,211,234,234,234,234],"floor_reached":16,"playtime":1522,"items_purged":[],"score":220,"play_id":"4023e4f7-abf9-4742-babf-a693783e44c8","local_time":"20201230213112","is_ascension_mode":true,"campfire_choices":[{"data":"Dagger Spray","floor":6,"key":"SMITH"},{"floor":10,"key":"REST"},{"data":"Wraith Form v2","floor":15,"key":"SMITH"}],"circlet_count":0,"master_deck":["AscendersBane","Strike_G","Strike_G","Strike_G","Strike_G","Strike_G","Defend_G","Defend_G","Defend_G","Defend_G","Defend_G","Survivor","Neutralize+1","Slice","Backstab+1","Wraith Form v2+1","Dagger Throw","Dagger Spray+1","Finisher+1","Leg Sweep","Backflip","PiercingWail"],"relics":["Ring of the Snake","Golden Idol","Orichalcum","Whetstone","Tiny Chest","Odd Mushroom","Blood Vial"],"acts_visited":["Exordium"],"potions_floor_usage":[8,11,16,16],"damage_taken":[{"damage":5,"enemies":"Jaw Worm","floor":1,"turns":6},{"damage":0,"enemies":"2 Louse","floor":3,"turns":4},{"damage":0,"enemies":"Small Slimes","floor":4,"turns":3},{"damage":0,"enemies":"2 Fungi Beasts","floor":7,"turns":3},{"damage":17,"enemies":"Lagavulin","floor":8,"turns":5},{"damage":4,"enemies":"3 Sentries","floor":11,"turns":5},{"damage":0,"enemies":"Blue Slaver","floor":12,"turns":3},{"damage":0,"enemies":"The Mushroom Lair","floor":13,"turns":4},{"damage":63,"enemies":"Hexaghost","floor":16,"turns":14}],"seed_played":"-749079111481997917","potions_obtained":[{"floor":3,"key":"Strength Potion"},{"floor":8,"key":"SkillPotion"},{"floor":12,"key":"Poison Potion"},{"floor":13,"key":"EssenceOfSteel"}],"is_trial":false,"path_per_floor":["M","?","M","M","$","R","M","E","T","R","E","M","?","T","R","B"],"character_chosen":"THE_SILENT","items_purchased":["Dagger Throw","Dagger Spray"],"campfire_rested":1,"item_purchase_floors":[5,5],"current_hp_per_floor":[54,54,54,54,54,54,54,37,37,55,51,51,51,51,51,0,0],"gold":234,"neow_bonus":"UPGRADE_CARD","is_daily":false,"chose_seed":false,"campfire_upgraded":2,"win_rate":0.0,"timestamp":1609389072,"path_taken":["M","?","M","M","$","R","M","E","T","R","E","M","?","?","R","BOSS"],"items_purchased_type":["Card","Card"],"build_version":"2020-12-22","purchased_purges":0,"victory":false,"max_hp_per_floor":[66,60,60,60,60,60,60,60,60,60,60,60,60,60,60,60,60],"relic_stats":{"Blood Vial":2,"counters":[9,47],"Golden Idol":37,"Tiny Chest":0,"Whetstone":["Backstab","Finisher"],"Orichalcum":[72],"obtain_stats":[{"Blood Vial":14,"Golden Idol":2,"Tiny Chest":11,"Whetstone":9,"Orichalcum":8,"Odd Mushroom":13,"Ring of the Snake":0},{"Blood Vial":8,"Golden Idol":1,"Tiny Chest":6,"Whetstone":5,"Orichalcum":5,"Odd Mushroom":8,"Ring of the Snake":0},{"Blood Vial":33,"Golden Idol":6,"Tiny Chest":26,"Whetstone":21,"Orichalcum":21,"Odd Mushroom":33,"Ring of the Snake":0}],"Ring of the Snake":[18]},"card_choices":[{"not_picked":["Sucker Punch","PiercingWail"],"picked":"Slice","floor":1},{"not_picked":["Backflip","PiercingWail"],"picked":"Backstab","floor":3},{"not_picked":["PiercingWail","Backflip"],"picked":"Wraith Form v2","floor":4},{"not_picked":["Blur","Dagger Spray"],"picked":"Finisher","floor":7},{"not_picked":["Deflect","Eviscerate","Bullet Time"],"picked":"SKIP","floor":8},{"not_picked":["Deflect","Eviscerate","Bullet Time"],"picked":"SKIP","floor":8},{"not_picked":["Cloak And Dagger","Blade Dance"],"picked":"Leg Sweep","floor":11},{"not_picked":["Caltrops","Reflex"],"picked":"Backflip","floor":12},{"not_picked":["Quick Slash","Poisoned Stab"],"picked":"PiercingWail","floor":13}],"player_experience":745233,"relics_obtained":[{"floor":8,"key":"Orichalcum"},{"floor":9,"key":"Whetstone"},{"floor":11,"key":"Tiny Chest"},{"floor":13,"key":"Odd Mushroom"},{"floor":14,"key":"Blood Vial"}],"event_choices":[{"damage_healed":0,"gold_gain":0,"player_choice":"Lose Max HP","damage_taken":0,"relics_obtained":["Golden Idol"],"max_hp_gain":0,"max_hp_loss":6,"event_name":"Golden Idol","floor":2,"gold_loss":0},{"damage_healed":0,"gold_gain":0,"player_choice":"Fought Mushrooms","damage_taken":0,"max_hp_gain":0,"max_hp_loss":0,"event_name":"Mushrooms","floor":13,"gold_loss":0}],"is_beta":false,"boss_relics":[],"items_purged_floors":[],"is_endless":false,"potions_floor_spawned":[3,8,12,13],"killed_by":"Hexaghost","ascension_level":20}}