{"host":"1lhpgrjjhxx10cx0","time":1609387087,"event":{"mods":["Arknights The Spire","BaseMod","CapriCore","Friendly Minions","Highlight Path","KinomotoSakuraMod(木之本樱)","Marisa（F雨　魔理沙）","Minty Spire (QoL Compilation)","Permanent Neow","Quick Restart","StSLib","The Immortal","Waifu the Spire","Yakumo Yukari mod","篝火指南"],"gold_per_floor":[138,158,47,47,17,17,17],"floor_reached":6,"playtime":183,"items_purged":["AT_purpleEX"],"score":34,"play_id":"01dffdbe-4911-492b-84a7-ace1389e0fe8","local_time":"20201231115807","is_ascension_mode":false,"campfire_choices":[],"circlet_count":0,"master_deck":["AT_purpleEX","AT_purpleEX","AT_purpleEX","Defend_purpleEX","Defend_purpleEX","Defend_purpleEX","Defend_purpleEX","Observe_purple_1","Observe_purple_2","Boundary_ObjectiveBoundary_purple","Fantasy_PerpetualMotionMachine_purple","Fantasy_PerpetualMotionMachine_purple"],"relics":["Boundary_crack","Memoryfragments_purpleEX","Turnip"],"acts_visited":["Exordium"],"potions_floor_usage":[6],"damage_taken":[{"damage":4.0,"enemies":"2 Louse","floor":1.0,"turns":2.0},{"damage":12.0,"enemies":"Small Slimes","floor":2.0,"turns":4.0},{"damage":0,"enemies":"Gremlin Nob","floor":6,"turns":2}],"seed_played":"-3245408778180144662","potions_obtained":[{"floor":2.0,"key":"Ancient Potion"}],"is_trial":false,"path_per_floor":["M","M","$","?","?","E"],"character_chosen":"Youkari","items_purchased":["Fantasy_PerpetualMotionMachine_purple"],"campfire_rested":0,"item_purchase_floors":[3],"current_hp_per_floor":[46,35,35,35,35,35,35],"gold":17,"neow_bonus":"ONE_RARE_RELIC","is_daily":false,"chose_seed":false,"campfire_upgraded":0,"win_rate":0.0,"timestamp":1609387087,"path_taken":["M","M","$","?","?","E"],"items_purchased_type":["Card"],"build_version":"2020-12-22","purchased_purges":1,"victory":false,"max_hp_per_floor":[70,70,70,70,70,70,70],"card_choices":[{"not_picked":["Umbrella_purple","Shallow_ocean_purpleEX"],"picked":"Boundary_ObjectiveBoundary_purple","floor":1.0},{"not_picked":["SharpContractionReality_purple","StateDuplicate_purple"],"picked":"Fantasy_PerpetualMotionMachine_purple","floor":2.0}],"player_experience":115281,"relics_obtained":[],"event_choices":[{"damage_healed":0,"gold_gain":0,"player_choice":"Fled","damage_taken":0,"max_hp_gain":0,"max_hp_loss":0,"event_name":"Scrap Ooze","floor":4,"gold_loss":0},{"damage_healed":0,"gold_gain":0,"player_choice":"Left Gold","damage_taken":0,"max_hp_gain":0,"max_hp_loss":0,"event_name":"World of Goop","floor":5,"gold_loss":30}],"is_beta":false,"boss_relics":[],"items_purged_floors":[3],"is_endless":false,"potions_floor_spawned":[2],"killed_by":"Gremlin Nob","ascension_level":0}}