{"host":"7uuqqk35leady37t","time":1609382861,"event":{"mods":["BaseMod","Colored Map","Colored Powertips","Downfall","Marisa£®ÏF”Í°°ƒß¿Ì…≥£©","Minty Spire (QoL Compilation)","Remilia£®¿Ÿ√◊¿Ú—«£©","Robot Space Explorer","StSLib","The Bug Knight","The Servant 0.9.4","Waifu the Spire","Yuri Mod","[IsaacMod]“‘»ˆº‚À˛"],"gold_per_floor":[151,151,185,185,201,261,316,60,60,148,197,267,542,583,583,742,742,805,805,836,916,916,942,1006,1089,1089,1100,239,338,424,424,424,572,572,604,604,604,683,242,268,268,283,355,381,411,511,528,528,528,528],"floor_reached":51,"playtime":1835,"items_purged":[],"score":1267,"play_id":"c106c38a-c170-4839-b305-cef99bc3f99d","local_time":"20201231104741","daily_mods":["Draft","Vintage","Heirloom","Flight"],"is_ascension_mode":false,"campfire_choices":[{"floor":15,"key":"REST"},{"data":"UltimateShortwave","floor":32,"key":"SMITH"},{"data":"MaximisePower","floor":49,"key":"SMITH"}],"circlet_count":0,"master_deck":["DoctorFetus","EnergyRecoil","GrandCross","DeepEcoloBomb","DoubleSpark","MysteriousBeam+1","GrandCross","WitchOfGreed","Robbery","GrandCross","GrandCross+1","DeepEcoloBomb+1","Acceleration","LuminesStrike+1","LuminesStrike","Singularity","GrandCross","LuminesStrike","GrandCross","UltimateShortwave+1","MaximisePower+1","MilkyWay","Regret","CasketOfStar","StarlightTyphoon","PulseMagic","UltimateShortwave","UnstableBomb","PropBag","CollectingQuirk","FinalSpark","LuminesStrike+1","Acceleration","GrandCross","MysteriousBeam","WitchOfGreed","EnergyRecoil+1","GrandCross"],"relics":["MiniHakkero","HushsDoor","BloodDonationMachine","Mango","Smiling Mask","Bloody Idol","Orichalcum","Centennial Puzzle","White Beast Statue","Whetstone","Potion Belt","Mummified Hand","DeadEye","Kunai","Lantern","InkBottle","SacredBark","GuppysTail","YumHeart","Blue Candle","DoctorsRemote","Bird Faced Urn","Ancient Tea Set","GuppysPaw","DeathBook","HornCleat","Leech","TheAbacus","Happy Flower","ExperimentalFamiliar","GuppysCollar","Guardian:PocketSentry","BookofShadows","SteamSale","TungstenRod","Toy Ornithopter","Oddly Smooth Stone","SharpPlug","AnarchistCookbook","Question Card","Shuriken","sneckomod:BlankCard","PillsDrop"],"acts_visited":["Exordium","TheCity","TheBeyond"],"potions_floor_usage":[7,7,10,10,16,16,16,16,23,24,33,33,44,50,50],"damage_taken":[{"damage":8,"enemies":"Small Slimes","floor":1,"turns":3},{"damage":0,"enemies":"Cultist","floor":3,"turns":1},{"damage":0,"enemies":"Jaw Worm","floor":5,"turns":1},{"damage":3,"enemies":"3 Sentries","floor":6,"turns":3},{"damage":8,"enemies":"Lagavulin","floor":7,"turns":2},{"damage":3,"enemies":"3 Sentries","floor":10,"turns":4},{"damage":0,"enemies":"Lagavulin","floor":11,"turns":2},{"damage":5,"enemies":"3 Sentries","floor":12,"turns":3},{"damage":0,"enemies":"2 Fungi Beasts","floor":14,"turns":2},{"damage":0,"enemies":"Slime Boss","floor":16,"turns":3},{"damage":5,"enemies":"Chosen","floor":18,"turns":2},{"damage":0,"enemies":"3 Byrds","floor":20,"turns":3},{"damage":0,"enemies":"Gremlin Leader","floor":23,"turns":2},{"damage":0,"enemies":"Slavers","floor":24,"turns":2},{"damage":12,"enemies":"Book of Stabbing","floor":25,"turns":3},{"damage":0,"enemies":"Centurion and Healer","floor":27,"turns":1},{"damage":26,"enemies":"Slavers","floor":30,"turns":4},{"damage":1,"enemies":"Champ","floor":33,"turns":1},{"damage":0,"enemies":"3 Darklings","floor":35,"turns":1},{"damage":1,"enemies":"Mind Bloom Boss Battle","floor":38,"turns":2},{"damage":0,"enemies":"Nemesis","floor":40,"turns":1},{"damage":4,"enemies":"3 Shapes","floor":42,"turns":2},{"damage":2,"enemies":"Transient","floor":44,"turns":3},{"damage":0,"enemies":"HollowMod:StalkingDevout","floor":45,"turns":1},{"damage":0,"enemies":"Sphere and 2 Shapes","floor":47,"turns":1},{"damage":1,"enemies":"Awakened One","floor":50,"turns":4}],"seed_played":"5578864688494764292","potions_obtained":[{"floor":1,"key":"champ:CounterPotion"},{"floor":1,"key":"GamblersBrew"},{"floor":5,"key":"FearPotion"},{"floor":7,"key":"SteroidPotion"},{"floor":7,"key":"Dexterity Potion"},{"floor":10,"key":"BottledSpark"},{"floor":10,"key":"ShroomBrew"},{"floor":11,"key":"CultistPotion"},{"floor":12,"key":"Fire Potion"},{"floor":16,"key":"Slimebound:ThreeZeroPotion"},{"floor":16,"key":"DuplicationPotion"},{"floor":16,"key":"SmokeBomb"},{"floor":18,"key":"AttackPotion"},{"floor":23,"key":"champ:CounterPotion"},{"floor":24,"key":"DistilledChaos"},{"floor":33,"key":"hexamod:EctoCoolerPotion"},{"floor":35,"key":"champ:CounterPotion"},{"floor":44,"key":"Regen Potion"},{"floor":44,"key":"Regen Potion"},{"floor":45,"key":"BottledSpark"}],"is_trial":true,"path_per_floor":["M","?","M","?","M","E","E","$","T","E","E","E","?","M","R","B",null,"M","?","M","T","?","E","E","E","T","M","$","?","E","?","R","B",null,"M","?","?","?","$","E","T","M","T","M","E","?","M","?","R","B",null],"character_chosen":"MARISA","items_purchased":["Potion Belt","GrandCross","WitchOfGreed","GuppysTail","FairyPotion","HornCleat","Leech","TheAbacus","UltimateShortwave","GuppysCollar","FinalSpark","SteamSale","TungstenRod","Toy Ornithopter","Acceleration","GrandCross","MysteriousBeam"],"campfire_rested":1,"item_purchase_floors":[8,8,8,17,17,28,28,28,28,34,34,39,39,39,39,39,39],"current_hp_per_floor":[80,58,58,40,40,37,29,29,29,26,26,21,21,21,47,47,75,70,70,75,75,75,75,75,68,68,73,73,75,65,65,65,75,59,59,59,59,59,59,59,59,59,59,59,59,59,59,56,56,56],"gold":528,"neow_bonus":"","is_daily":false,"chose_seed":false,"campfire_upgraded":2,"win_rate":0.0,"timestamp":1609382861,"path_taken":["M","?","?","?","?","E","E","?","T","E","E","E","?","M","R","BOSS","M","?","M","?","?","E","E","E","T","?","?","?","E","?","R","BOSS","M","?","?","?","$","E","?","?","T","M","E","?","M","?","R","BOSS"],"items_purchased_type":["Relic","Card","Card","Relic","Potion","Relic","Relic","Relic","Card","Relic","Card","Relic","Relic","Relic","Card","Card","Card"],"build_version":"2020-12-22","purchased_purges":0,"victory":true,"max_hp_per_floor":[89,89,89,89,89,89,89,89,89,89,89,89,89,89,89,89,75,75,75,75,75,75,75,75,75,75,75,75,75,75,75,75,75,59,59,59,59,59,59,59,59,59,59,59,59,59,59,56,56,56],"card_choices":[{"not_picked":[],"picked":"DoctorFetus","floor":0},{"not_picked":["WitchLeyline","GasGiant"],"picked":"EnergyRecoil","floor":0},{"not_picked":["UnstableBomb","NonDirectionalLaser"],"picked":"GrandCross","floor":0},{"not_picked":["AsteroidBelt","NonDirectionalLaser"],"picked":"DeepEcoloBomb","floor":0},{"not_picked":["WitchLeyline","MilkyWay"],"picked":"DoubleSpark","floor":0},{"not_picked":["StarBarrage","ShootTheMoon"],"picked":"MysteriousBeam","floor":0},{"not_picked":["WitchLeyline","LuminesStrike"],"picked":"GrandCross","floor":0},{"not_picked":["GalacticHalo","ShootTheMoon"],"picked":"WitchOfGreed","floor":0},{"not_picked":["WitchLeyline","GasGiant"],"picked":"Robbery","floor":0},{"not_picked":["MilkyWay","RefractionSpark"],"picked":"GrandCross","floor":0},{"not_picked":["ShootingEcho","MysteriousBeam"],"picked":"GrandCross","floor":0},{"not_picked":["EnergyRecoil","LuminesStrike"],"picked":"DeepEcoloBomb","floor":0},{"not_picked":["OpenUniverse","AlicesGift"],"picked":"Acceleration","floor":0},{"not_picked":["SporeBomb","MachineGunSpark"],"picked":"LuminesStrike","floor":0},{"not_picked":["OortCloud","AsteroidBelt"],"picked":"LuminesStrike","floor":0},{"not_picked":["EnergyFlow","SporeBomb"],"picked":"Singularity","floor":0},{"not_picked":["Bomb","LuminesStrike"],"picked":"GrandCross","floor":6},{"not_picked":["ShootTheMoon","ChargeUpSpray"],"picked":"LuminesStrike","floor":7},{"not_picked":["DoubleSpark","GrandCross"],"picked":"UltimateShortwave","floor":10},{"not_picked":["6A","DarkMatter"],"picked":"MaximisePower","floor":11},{"not_picked":["MagicChant","GravityBeat"],"picked":"MilkyWay","floor":12},{"not_picked":["CollectingQuirk","BinaryStars"],"picked":"CasketOfStar","floor":16},{"not_picked":["OrrerysSun","UnstableBomb"],"picked":"StarlightTyphoon","floor":23},{"not_picked":["DC","BlazeAway","SuperPerseids"],"picked":"SKIP","floor":24},{"not_picked":["DC","SporeBomb"],"picked":"PulseMagic","floor":25},{"not_picked":["MagicChant","BigCrunch"],"picked":"UnstableBomb","floor":30},{"not_picked":["SuperNova","ManaRampage"],"picked":"CollectingQuirk","floor":33},{"not_picked":["IllusionStar+1","MilkyWay"],"picked":"LuminesStrike+1","floor":38},{"not_picked":["IllusionStar","SporeBomb"],"picked":"WitchOfGreed","floor":40},{"not_picked":["SuperPerseids","OpenUniverse+1","GalacticHalo+1"],"picked":"EnergyRecoil+1","floor":45},{"not_picked":["GravityBeat","DoubleSpark","UnstableBomb+1"],"picked":"GrandCross","floor":46}],"player_experience":36134,"relics_obtained":[{"floor":1,"key":"Smiling Mask"},{"floor":3,"key":"Orichalcum"},{"floor":5,"key":"Centennial Puzzle"},{"floor":6,"key":"White Beast Statue"},{"floor":7,"key":"Whetstone"},{"floor":9,"key":"Mummified Hand"},{"floor":10,"key":"DeadEye"},{"floor":11,"key":"Kunai"},{"floor":12,"key":"Lantern"},{"floor":14,"key":"InkBottle"},{"floor":18,"key":"YumHeart"},{"floor":20,"key":"Blue Candle"},{"floor":21,"key":"DoctorsRemote"},{"floor":23,"key":"Bird Faced Urn"},{"floor":24,"key":"Ancient Tea Set"},{"floor":25,"key":"GuppysPaw"},{"floor":26,"key":"DeathBook"},{"floor":30,"key":"Happy Flower"},{"floor":35,"key":"Guardian:PocketSentry"},{"floor":38,"key":"BookofShadows"},{"floor":40,"key":"Oddly Smooth Stone"},{"floor":41,"key":"SharpPlug"},{"floor":42,"key":"AnarchistCookbook"},{"floor":43,"key":"Question Card"},{"floor":44,"key":"Shuriken"},{"floor":45,"key":"sneckomod:BlankCard"},{"floor":47,"key":"PillsDrop"}],"event_choices":[{"damage_healed":0,"gold_gain":0,"player_choice":"Take Damage","damage_taken":22,"relics_obtained":["Golden Idol"],"max_hp_gain":0,"max_hp_loss":0,"event_name":"Golden Idol","floor":2,"gold_loss":0},{"damage_healed":0,"gold_gain":0,"player_choice":"Entered Light","damage_taken":18,"max_hp_gain":0,"max_hp_loss":0,"event_name":"Shining Light","floor":4,"gold_loss":0,"cards_upgraded":["LuminesStrike","MysteriousBeam"]},{"damage_healed":0,"gold_gain":275,"player_choice":"Desecrate","damage_taken":0,"max_hp_gain":0,"max_hp_loss":0,"event_name":"Golden Shrine","floor":13,"gold_loss":0,"cards_obtained":["Regret"]},{"damage_healed":0,"gold_gain":0,"player_choice":"Gave Idol","damage_taken":0,"relics_obtained":["Bloody Idol"],"max_hp_gain":0,"max_hp_loss":0,"event_name":"Forgotten Altar","floor":19,"relics_lost":["Golden Idol"],"gold_loss":0},{"damage_healed":0,"gold_gain":0,"player_choice":"Ignored","damage_taken":0,"max_hp_gain":0,"max_hp_loss":0,"event_name":"Ghosts","floor":22,"gold_loss":0},{"damage_healed":0,"gold_gain":99,"player_choice":"Stole From Cult","damage_taken":0,"max_hp_gain":0,"max_hp_loss":0,"event_name":"Nest","floor":29,"gold_loss":0},{"damage_healed":0,"gold_gain":0,"player_choice":"Read","damage_taken":0,"max_hp_gain":0,"max_hp_loss":0,"event_name":"The Library","floor":31,"gold_loss":0,"cards_obtained":["PropBag"]},{"damage_healed":0,"gold_gain":0,"player_choice":"Ignored","damage_taken":0,"max_hp_gain":0,"max_hp_loss":0,"event_name":"Tomb of Lord Red Mask","floor":36,"gold_loss":0},{"cards_removed":["WitchOfGreed"],"damage_healed":0,"gold_gain":0,"player_choice":"Removed Power","damage_taken":0,"max_hp_gain":0,"max_hp_loss":0,"event_name":"Falling","floor":37,"gold_loss":0},{"damage_healed":0,"gold_gain":0,"player_choice":"Fight","damage_taken":0,"max_hp_gain":0,"max_hp_loss":0,"event_name":"MindBloom","floor":38,"gold_loss":0},{"damage_healed":0,"gold_gain":0,"player_choice":"Max HP","damage_taken":0,"max_hp_gain":0,"max_hp_loss":3,"event_name":"Winding Halls","floor":48,"gold_loss":0}],"is_beta":false,"boss_relics":[{"not_picked":["Cursed Key","Runic Dome"],"picked":"SacredBark"},{"not_picked":[]},{"not_picked":["Busted Crown","SlaversCollar"],"picked":"ExperimentalFamiliar"},{"not_picked":[]}],"items_purged_floors":[],"is_endless":false,"potions_floor_spawned":[1,5,7,11,12,16,20,23,27,33,35,38,40,42,44,45,47],"ascension_level":0}}