{"host":"Qube","time":1609395091,"event":{"mods":["AchievementEnabler","BaseMod","Colored Map","Colored Powertips","Minty Spire (QoL Compilation)","Quick Restart","Random Character Button","StSLib","The Cursed"],"gold_per_floor":[118,132,29,43,43,74,74,87,87,104,132,146,162,197,197,269,269,287,337,537,549,6,6,49,49,49,49,49,49],"floor_reached":28,"playtime":1148,"items_purged":["Decay"],"score":542,"play_id":"9bb88412-b232-41ca-9187-65823317e5ca","local_time":"20201230221131","is_ascension_mode":true,"campfire_choices":[{"floor":7.0,"key":"REST"},{"floor":15,"key":"REST"},{"floor":23,"key":"REST"},{"data":"Zap","floor":27,"key":"SMITH"}],"circlet_count":0,"master_deck":["AscendersBane","Defend_B","Defend_B","Defend_B","Defend_B","Zap+1","Dualcast","Electrodynamics","Steam","Glacier","Rebound","Glacier","Seek","Streamline+1","Undo","Ball Lightning+1","Machine Learning","Auto Shields","HandOfGreed+1","Bite+1","Bite+1","Bite+1","Bite+1","Bite+1"],"relics":["Cracked Core","Bottled Tornado","Molten Egg 2","Mummified Hand","Ginger","Inserter","Membership Card","Pantograph","Singing Bowl","Toxic Egg 2"],"acts_visited":["Exordium","TheCity"],"potions_floor_usage":[14,14,14,16,24],"damage_taken":[{"damage":9.0,"enemies":"Cultist","floor":1.0,"turns":4.0},{"damage":2.0,"enemies":"2 Louse","floor":2.0,"turns":2.0},{"damage":0.0,"enemies":"Small Slimes","floor":4.0,"turns":4.0},{"damage":28.0,"enemies":"Lagavulin","floor":6.0,"turns":10.0},{"damage":1.0,"enemies":"3 Louse","floor":8.0,"turns":2.0},{"damage":10.0,"enemies":"Lots of Slimes","floor":10.0,"turns":2.0},{"damage":25.0,"enemies":"Gremlin Nob","floor":11.0,"turns":4.0},{"damage":14.0,"enemies":"Red Slaver","floor":12.0,"turns":3.0},{"damage":8.0,"enemies":"Large Slime","floor":13.0,"turns":5.0},{"damage":0,"enemies":"Lagavulin","floor":14,"turns":5},{"damage":37,"enemies":"Hexaghost","floor":16,"turns":12},{"damage":11,"enemies":"2 Thieves","floor":18,"turns":2},{"damage":15,"enemies":"Spheric Guardian","floor":21,"turns":6},{"damage":16,"enemies":"Shelled Parasite and Fungi","floor":24,"turns":10},{"damage":20,"enemies":"Book of Stabbing","floor":28,"turns":5}],"seed_played":"5583551610169478878","potions_obtained":[{"floor":6.0,"key":"Weak Potion"},{"floor":8.0,"key":"BlessingOfTheForge"},{"floor":11.0,"key":"FairyPotion"},{"floor":13.0,"key":"EntropicBrew"},{"floor":14,"key":"LiquidMemories"},{"floor":21,"key":"SkillPotion"}],"is_trial":false,"path_per_floor":["M","M","$","M","?","E","R","M","T","M","E","M","M","E","R","B",null,"M","?","?","M","$","R","M","?","T","R","E"],"character_chosen":"DEFECT","items_purchased":["Rebound","Membership Card","Pantograph","Singing Bowl","HandOfGreed+1"],"campfire_rested":3,"item_purchase_floors":[3,22,22,22,22],"current_hp_per_floor":[55,53,53,53,58,30,52,51,51,41,16,2,22,22,44,7,59,48,48,48,33,33,55,41,41,41,41,24,24],"gold":49,"neow_bonus":"THREE_RARE_CARDS","is_daily":false,"chose_seed":false,"campfire_upgraded":1,"win_rate":0.0,"timestamp":1609395091,"path_taken":["M","M","$","M","?","E","R","M","T","M","E","M","M","E","R","BOSS","M","?","?","?","$","R","M","?","T","R","E"],"items_purchased_type":["Card","Relic","Relic","Relic","Card"],"build_version":"2020-12-18","purchased_purges":1,"victory":false,"max_hp_per_floor":[71,71,71,71,76,76,76,76,76,76,76,76,76,76,76,76,76,76,76,76,76,76,76,78,54,54,54,54,54],"card_choices":[{"not_picked":["Rainbow","Core Surge"],"picked":"Electrodynamics","floor":0.0},{"not_picked":["Streamline","Hologram"],"picked":"Steam","floor":1.0},{"not_picked":["Reprogram","Barrage"],"picked":"Glacier","floor":2.0},{"not_picked":["Coolheaded","Stack"],"picked":"Glacier","floor":4.0},{"not_picked":["Consume","Streamline"],"picked":"Seek","floor":6.0},{"not_picked":["Barrage","Compile Driver","Gash"],"picked":"SKIP","floor":8.0},{"not_picked":["Beam Cell+1","Stack"],"picked":"Streamline+1","floor":10.0},{"not_picked":["Recycle","Gash+1"],"picked":"Undo","floor":11.0},{"not_picked":["Coolheaded","Capacitor","Chill"],"picked":"SKIP","floor":12.0},{"not_picked":["Glacier","Streamline+1"],"picked":"Ball Lightning+1","floor":13.0},{"not_picked":["Chaos","Undo","Storm"],"picked":"SKIP","floor":14},{"not_picked":["Reboot","Rainbow"],"picked":"Machine Learning","floor":16},{"not_picked":["Streamline+1","Go for the Eyes+1","Rebound+1"],"picked":"SKIP","floor":18},{"not_picked":["Compile Driver+1","Gash+1"],"picked":"Auto Shields","floor":21},{"not_picked":["Fusion","Streamline+1","Sweeping Beam+1"],"picked":"Singing Bowl","floor":24}],"player_experience":746086,"relics_obtained":[{"floor":6.0,"key":"Bottled Tornado"},{"floor":9.0,"key":"Molten Egg 2"},{"floor":11.0,"key":"Mummified Hand"},{"floor":14,"key":"Ginger"},{"floor":26,"key":"Toxic Egg 2"}],"event_choices":[{"damage_healed":0.0,"max_hp_gain":5.0,"max_hp_loss":0.0,"gold_gain":0.0,"event_name":"Big Fish","player_choice":"Donut","floor":5.0,"gold_loss":0.0,"damage_taken":0.0},{"damage_healed":0,"gold_gain":50,"player_choice":"Stole From Cult","damage_taken":0,"max_hp_gain":0,"max_hp_loss":0,"event_name":"Nest","floor":19,"gold_loss":0},{"damage_healed":0,"gold_gain":200,"player_choice":"Gold","damage_taken":0,"max_hp_gain":0,"max_hp_loss":0,"event_name":"Wheel of Change","floor":20,"gold_loss":0},{"damage_healed":0,"gold_gain":0,"player_choice":"Became a vampire","damage_taken":0,"max_hp_gain":0,"max_hp_loss":24,"event_name":"Vampires","floor":25,"gold_loss":0,"cards_obtained":["Bite","Bite","Bite","Bite","Bite"]}],"is_beta":true,"boss_relics":[{"not_picked":["Black Star","Fusion Hammer"],"picked":"Inserter"}],"items_purged_floors":[3],"is_endless":false,"potions_floor_spawned":[6,8,11,13,14,21],"killed_by":"Book of Stabbing","ascension_level":19}}