{"host":"jn2qdns2nxijvlnt","time":1609454738,"event":{"mods":["BaseMod","Minty Spire (QoL Compilation)","Quick Restart"],"gold_per_floor":[119,119,142,154,48,75,85,104,104,104,104,124,140,158,158,235,235,249,260,175,192,26,58,70,98,110,122,161,80,96,112,112,112,112],"floor_reached":33,"playtime":3512,"items_purged":[],"score":632,"play_id":"940a50ae-64e6-4435-8538-a88dc668f1ad","local_time":"20201231174538","is_ascension_mode":true,"campfire_choices":[{"data":"Demon Form","floor":10.0,"key":"SMITH"},{"floor":15.0,"key":"REST"},{"floor":27.0,"key":"REST"},{"floor":32.0,"key":"REST"}],"circlet_count":0,"master_deck":["AscendersBane","Strike_R","Strike_R+1","Strike_R","Strike_R","Strike_R","Defend_R","Defend_R","Defend_R","Defend_R","Bash","Spot Weakness","Pommel Strike+1","Swift Strike","Cleave","Demon Form+1","Shrug It Off","Perfected Strike","Heavy Blade","Seeing Red","Uppercut","Battle Trance","Intimidate"],"relics":["Burning Blood","NeowsBlessing","Lantern","Question Card","Smiling Mask","Black Star","Strawberry","MawBank","Centennial Puzzle","Paper Frog","Bottled Tornado","Sundial"],"acts_visited":["Exordium","TheCity"],"potions_floor_usage":[],"damage_taken":[{"damage":0.0,"enemies":"Small Slimes","floor":1.0,"turns":1.0},{"damage":0.0,"enemies":"Jaw Worm","floor":4.0,"turns":1.0},{"damage":0.0,"enemies":"Gremlin Nob","floor":6.0,"turns":1.0},{"damage":1.0,"enemies":"Cultist","floor":7.0,"turns":3.0},{"damage":0.0,"enemies":"Exordium Thugs","floor":8.0,"turns":4.0},{"damage":0.0,"enemies":"2 Fungi Beasts","floor":12.0,"turns":3.0},{"damage":0.0,"enemies":"Blue Slaver","floor":13.0,"turns":1.0},{"damage":18.0,"enemies":"Gremlin Gang","floor":14.0,"turns":4.0},{"damage":20.0,"enemies":"Slime Boss","floor":16.0,"turns":10.0},{"damage":23.0,"enemies":"Shell Parasite","floor":18.0,"turns":3.0},{"damage":31.0,"enemies":"3 Byrds","floor":19.0,"turns":4.0},{"damage":18.0,"enemies":"Cultist and Chosen","floor":21.0,"turns":4.0},{"damage":46.0,"enemies":"Slavers","floor":23.0,"turns":4.0},{"damage":74.0,"enemies":"Shelled Parasite and Fungi","floor":25.0,"turns":5.0},{"damage":41.0,"enemies":"Gremlin Leader","floor":28.0,"turns":10.0},{"damage":8.0,"enemies":"Snake Plant","floor":30.0,"turns":2.0},{"damage":5.0,"enemies":"Snecko","floor":31.0,"turns":3.0},{"damage":40,"enemies":"Champ","floor":33,"turns":5}],"seed_played":"5250764874779126778","potions_obtained":[{"floor":1.0,"key":"Block Potion"},{"floor":7.0,"key":"HeartOfIron"},{"floor":8.0,"key":"BlessingOfTheForge"},{"floor":12.0,"key":"SteroidPotion"},{"floor":16.0,"key":"Block Potion"},{"floor":18.0,"key":"Dexterity Potion"},{"floor":19.0,"key":"Explosive Potion"},{"floor":28.0,"key":"LiquidMemories"},{"floor":30.0,"key":"ElixirPotion"}],"is_trial":false,"path_per_floor":["M","?","T","M","$","E","M","M","T","R","?","M","M","M","R","B",null,"M","M","?","M","$","E","?","M","T","R","E","$","M","M","R","B"],"character_chosen":"IRONCLAD","items_purchased":["Swift Strike","FairyPotion","PowerPotion","BlessingOfTheForge","Intimidate"],"campfire_rested":3,"item_purchase_floors":[5,22,22,29,29],"current_hp_per_floor":[74,74,74,75,75,75,75,75,75,75,52,58,64,52,74,60,71,54,29,36,24,24,13,92,24,24,51,16,16,14,15,42,2,2],"gold":112,"neow_bonus":"THREE_ENEMY_KILL","is_daily":false,"chose_seed":false,"campfire_upgraded":1,"win_rate":0.0,"timestamp":1609454738,"path_taken":["M","?","?","M","?","E","?","M","T","R","?","M","M","M","R","BOSS","M","M","?","M","$","E","?","M","T","R","E","$","?","M","R","BOSS"],"items_purchased_type":["Card","Potion","Potion","Potion","Card"],"build_version":"2020-12-22","purchased_purges":0,"victory":false,"max_hp_per_floor":[75,75,75,75,75,75,75,75,75,75,75,75,75,75,75,75,75,75,75,82,82,82,82,92,92,92,92,92,92,92,92,92,92,92],"card_choices":[{"not_picked":["Sever Soul","Cleave"],"picked":"Spot Weakness","floor":1.0},{"not_picked":["Iron Wave","Pummel"],"picked":"Pommel Strike","floor":4.0},{"not_picked":["Disarm","Thunderclap"],"picked":"Cleave","floor":6.0},{"not_picked":["Armaments","Dual Wield","Flex"],"picked":"Demon Form","floor":7.0},{"not_picked":["Sentinel","Sword Boomerang","Iron Wave"],"picked":"Shrug It Off","floor":8.0},{"not_picked":["Fire Breathing","Thunderclap","Clash"],"picked":"Perfected Strike","floor":12.0},{"not_picked":["Feel No Pain","Pommel Strike","Reckless Charge","Thunderclap"],"picked":"SKIP","floor":13.0},{"not_picked":["Clothesline","Disarm","Spot Weakness","Sword Boomerang"],"picked":"SKIP","floor":14.0},{"not_picked":["Berserk","Corruption","Feed"],"picked":"Immolate","floor":16.0},{"not_picked":["Dropkick","Warcry+1","Iron Wave","Sword Boomerang"],"picked":"SKIP","floor":18.0},{"not_picked":["Iron Wave","Sword Boomerang","Clothesline"],"picked":"Heavy Blade","floor":19.0},{"not_picked":["Combust","Warcry","Havoc"],"picked":"Seeing Red","floor":21.0},{"not_picked":["Shrug It Off","Anger","Body Slam"],"picked":"Uppercut","floor":23.0},{"not_picked":["Metallicize","Armaments","Pommel Strike","Sword Boomerang"],"picked":"SKIP","floor":25.0},{"not_picked":["Double Tap","Flex","Cleave"],"picked":"Battle Trance","floor":28.0},{"not_picked":["Iron Wave+1","Uppercut","Cleave","Twin Strike+1"],"picked":"SKIP","floor":30.0},{"not_picked":["Twin Strike","Spot Weakness+1","Flex","Sword Boomerang+1"],"picked":"SKIP","floor":31.0}],"player_experience":449636,"relics_obtained":[{"floor":3.0,"key":"Lantern"},{"floor":6.0,"key":"Question Card"},{"floor":9.0,"key":"Smiling Mask"},{"floor":23.0,"key":"MawBank"},{"floor":23.0,"key":"Centennial Puzzle"},{"floor":26.0,"key":"Paper Frog"},{"floor":28.0,"key":"Bottled Tornado"},{"floor":28.0,"key":"Sundial"}],"event_choices":[{"damage_healed":0.0,"max_hp_gain":0.0,"max_hp_loss":0.0,"gold_gain":0.0,"event_name":"Golden Wing","player_choice":"Ignored","floor":2.0,"gold_loss":0.0,"damage_taken":0.0},{"damage_healed":0.0,"max_hp_gain":0.0,"max_hp_loss":0.0,"gold_gain":0.0,"event_name":"Shining Light","player_choice":"Entered Light","floor":11.0,"gold_loss":0.0,"damage_taken":23.0,"cards_upgraded":["Pommel Strike","Strike_R"]},{"damage_healed":0.0,"max_hp_gain":0.0,"max_hp_loss":0.0,"gold_gain":0.0,"event_name":"Addict","player_choice":"Obtained Relic","floor":20.0,"gold_loss":85.0,"damage_taken":0.0,"relics_obtained":["Strawberry"]},{"cards_removed":["Immolate"],"damage_healed":69.0,"max_hp_gain":10.0,"max_hp_loss":0.0,"gold_gain":0.0,"event_name":"Bonfire Elementals","player_choice":"Offered Rare","floor":24.0,"gold_loss":0.0,"damage_taken":0.0}],"is_beta":false,"boss_relics":[{"not_picked":["SlaversCollar","Black Blood"],"picked":"Black Star"}],"items_purged_floors":[],"is_endless":false,"potions_floor_spawned":[1,7,8,12,16,18,19,28,30],"killed_by":"Champ","ascension_level":20}}