{"host":"toh0bbw446wnuexf","time":1609373598,"event":{"mods":["BaseMod","Downfall","Hermit","Minty Spire (QoL Compilation)","Random Character Button","StSLib"],"gold_per_floor":[99,112,124,124,124,143,143,143,170,181,181,200,200,220,231,231,231,231],"floor_reached":16,"playtime":922,"items_purged":[],"score":109,"play_id":"3c8c53f3-81cc-4259-9cfb-884ed50a469b","local_time":"20201231131318","is_ascension_mode":true,"campfire_choices":[{"data":"hexamod:Float","floor":1,"key":"SMITH"},{"data":"hexamod:ExtraCrispy","floor":8,"key":"SMITH"},{"floor":13,"key":"REST"}],"circlet_count":0,"master_deck":["hexamod:Strike","hexamod:Strike","hexamod:Strike","hexamod:Defend","hexamod:Defend","hexamod:Defend","hexamod:Defend","hexamod:Float+1","hexamod:ExtraCrispy+1","hexamod:Firestarter","hexamod:HeatMetal","hexamod:ThermalTransfer"],"relics":["hexamod:SpiritBrand","Shuriken","Dream Catcher","InkBottle"],"acts_visited":["Exordium"],"potions_floor_usage":[],"damage_taken":[{"damage":0,"enemies":"Small Slimes","floor":2,"turns":3},{"damage":0,"enemies":"Jaw Worm","floor":3,"turns":3},{"damage":6,"enemies":"2 Louse","floor":6,"turns":3},{"damage":19,"enemies":"Lagavulin","floor":9,"turns":7},{"damage":6,"enemies":"Blue Slaver","floor":10,"turns":3},{"damage":15,"enemies":"3 Louse","floor":12,"turns":3},{"damage":2,"enemies":"Gremlin Gang","floor":14,"turns":6},{"damage":1,"enemies":"Blue Slaver","floor":15,"turns":3},{"damage":45,"enemies":"downfall:Defect","floor":16,"turns":6}],"seed_played":"6654892463005640694","potions_obtained":[{"floor":2,"key":"LiquidBronze"},{"floor":12,"key":"PowerPotion"},{"floor":14,"key":"Dexterity Potion"}],"is_trial":false,"path_per_floor":["R","M","M","?","?","M","T","R","E","M","T","M","R","M","M","B"],"character_chosen":"THE_SPIRIT","items_purchased":[],"campfire_rested":1,"item_purchase_floors":[],"current_hp_per_floor":[70,70,70,70,70,64,64,64,45,39,39,24,45,43,42,0,0,0],"gold":231,"neow_bonus":"TRANSFORM_CARD","is_daily":false,"chose_seed":false,"campfire_upgraded":2,"win_rate":0.0,"timestamp":1609373598,"path_taken":["R","M","M","?","?","M","T","R","E","M","?","M","R","M","M","BOSS"],"items_purchased_type":[],"build_version":"2020-12-22","purchased_purges":0,"victory":false,"max_hp_per_floor":[70,70,70,70,70,70,70,70,70,70,70,70,70,70,70,70,70,70],"card_choices":[{"not_picked":["hexamod:EmpoweredFlame","hexamod:FirstSeal"],"picked":"hexamod:Firestarter","floor":2},{"not_picked":["hexamod:NightmareStrike","hexamod:RecurringNightmare","hexamod:GhostLash"],"picked":"SKIP","floor":3},{"not_picked":["hexamod:ShieldOfDarkness","hexamod:InspiringFlames"],"picked":"hexamod:HeatMetal","floor":6},{"not_picked":["hexamod:SpectralAdrenaline","hexamod:SpectersWail","hexamod:ShieldOfDarkness"],"picked":"SKIP","floor":9},{"not_picked":["hexamod:GiftsFromTheDead","hexamod:GhostShield"],"picked":"hexamod:ThermalTransfer","floor":10},{"not_picked":["hexamod:SuperheatedStrike","hexamod:Rewind","hexamod:GhostflameBarrier"],"picked":"SKIP","floor":12},{"not_picked":["hexamod:GhostLash","hexamod:ShieldOfDarkness","hexamod:HauntingEcho"],"picked":"SKIP","floor":14},{"not_picked":["hexamod:GhostShield","hexamod:BacktrackSmack","hexamod:InspiringFlames"],"picked":"SKIP","floor":15}],"player_experience":577015,"relics_obtained":[{"floor":7,"key":"Shuriken"},{"floor":9,"key":"Dream Catcher"},{"floor":11,"key":"InkBottle"}],"event_choices":[{"cards_removed":["hexamod:Strike"],"damage_healed":0,"gold_gain":0,"player_choice":"Card Removal","damage_taken":0,"max_hp_gain":0,"max_hp_loss":0,"event_name":"The Cleric","floor":5,"gold_loss":0}],"is_beta":false,"boss_relics":[],"items_purged_floors":[],"is_endless":false,"potions_floor_spawned":[2,12,14],"killed_by":"downfall:Defect","ascension_level":1}}