{"host":"a5zr8hf2yymwt50u","time":1609435581,"event":{"mods":["BaseMod","Colored Map","Minty Spire (QoL Compilation)","StSLib"],"gold_per_floor":[119,69,69,144,164,164,18,53,79,5,15,15,45,75,75,75,75],"floor_reached":16,"playtime":1009,"items_purged":["Strike_G"],"score":127,"play_id":"cd423368-2a7c-4cef-9d7f-6cbe6d4ab01f","local_time":"20210101022621","is_ascension_mode":true,"campfire_choices":[{"data":"Neutralize","floor":6,"key":"SMITH"},{"data":"Sucker Punch","floor":15,"key":"SMITH"}],"circlet_count":0,"master_deck":["Strike_G","Strike_G","Strike_G","Strike_G","Defend_G","Defend_G","Defend_G","Defend_G","Survivor","Neutralize+1","Blade Dance","Riddle With Holes","Sucker Punch+1","Dagger Spray","Storm of Steel","Cloak And Dagger","Blade Dance"],"relics":["Ring of the Snake","Membership Card","Strawberry","Nunchaku","Darkstone Periapt","Peace Pipe"],"acts_visited":["Exordium"],"potions_floor_usage":[8,14],"damage_taken":[{"damage":1,"enemies":"2 Louse","floor":1,"turns":3},{"damage":0,"enemies":"Small Slimes","floor":5,"turns":3},{"damage":20,"enemies":"3 Sentries","floor":8,"turns":7},{"damage":1,"enemies":"Jaw Worm","floor":11,"turns":3},{"damage":32,"enemies":"Lagavulin","floor":14,"turns":8},{"damage":20,"enemies":"The Guardian","floor":16,"turns":7}],"seed_played":"7323436218538354304","potions_obtained":[{"floor":1,"key":"Weak Potion"},{"floor":5,"key":"Explosive Potion"}],"is_trial":false,"path_per_floor":["M","?","?","?","M","R","$","E","T","$","M","$","?","E","R","B"],"character_chosen":"THE_SILENT","items_purchased":["Membership Card","Storm of Steel"],"campfire_rested":0,"item_purchase_floors":[7,10],"current_hp_per_floor":[69,69,74,63,63,63,63,50,50,50,49,49,49,17,17,0,0],"gold":75,"neow_bonus":"THREE_CARDS","is_daily":false,"chose_seed":false,"campfire_upgraded":2,"win_rate":0.0,"timestamp":1609435581,"path_taken":["M","?","?","?","M","R","$","E","T","$","M","?","?","E","R","BOSS"],"items_purchased_type":["Relic","Card"],"build_version":"2020-12-22","purchased_purges":1,"victory":false,"max_hp_per_floor":[70,70,75,75,75,75,75,82,82,82,82,82,82,82,82,82,82],"card_choices":[{"not_picked":["Bane","Sucker Punch"],"picked":"Blade Dance","floor":0},{"not_picked":["Eviscerate","Caltrops"],"picked":"Riddle With Holes","floor":1},{"not_picked":["Outmaneuver","Dodge and Roll"],"picked":"Sucker Punch","floor":5},{"not_picked":["Setup","Acrobatics"],"picked":"Dagger Spray","floor":8},{"not_picked":["Skewer","Expertise"],"picked":"Cloak And Dagger","floor":11},{"not_picked":["Caltrops","PiercingWail"],"picked":"Blade Dance","floor":14}],"player_experience":233301,"relics_obtained":[{"floor":8,"key":"Strawberry"},{"floor":9,"key":"Nunchaku"},{"floor":14,"key":"Peace Pipe"}],"event_choices":[{"cards_removed":["Defend_G"],"damage_healed":0,"gold_gain":0,"player_choice":"Card Removal","damage_taken":0,"max_hp_gain":0,"max_hp_loss":0,"event_name":"The Cleric","floor":2,"gold_loss":50},{"damage_healed":0,"gold_gain":0,"player_choice":"Donut","damage_taken":0,"max_hp_gain":5,"max_hp_loss":0,"event_name":"Big Fish","floor":3,"gold_loss":0},{"damage_healed":0,"gold_gain":75,"player_choice":"Gather Gold","damage_taken":11,"max_hp_gain":0,"max_hp_loss":0,"event_name":"World of Goop","floor":4,"gold_loss":0},{"damage_healed":0,"gold_gain":30,"player_choice":"Searched \u00273\u0027 times","damage_taken":0,"relics_obtained":["Darkstone Periapt"],"max_hp_gain":0,"max_hp_loss":0,"event_name":"Dead Adventurer","floor":13,"gold_loss":0}],"is_beta":false,"boss_relics":[],"items_purged_floors":[10],"is_endless":false,"potions_floor_spawned":[1,5],"killed_by":"The Guardian","ascension_level":4}}