{"host":"xu0zbcebhy6w9mdv","time":1609381032,"event":{"mods":["AchievementEnabler","Act Like it!","Aspiration","BaseMod","Better Match","Better Third Choice","BetterRewards","Colored Powertips","Downfall","Duelist Mod","Friendly Minions","Gensokyo","Hallownest","Hubris","Infinite Spire","Marisa????????","Minty Spire (QoL Compilation)","Potionbrewer","Quick Restart","READ ME - Guardian Mod","READ ME - Snecko Mod","Rare Cards Sparkle","Replay The Spire","Shop Mod","StSLib","The Animator","The Blackbeard","The Bug Knight","The Cursed","The Hierophant","The Necromancer","The Runesmith","The Servant 0.9.4"],"gold_per_floor":[118,75,86,15,30,30,130,79,103,114,124,155,120,45,45,140,140,125,125,125,125,139,171,171,191,261,275,275,275],"floor_reached":28,"playtime":1839,"items_purged":["Reprogram","hubris:SpecializedCircuitry"],"score":355,"play_id":"62fa0a4d-1dc8-4ef3-931b-bf016c41c09a","local_time":"20201230211712","is_ascension_mode":true,"campfire_choices":[{"floor":6,"key":"REST"},{"floor":15,"key":"REST"},{"floor":24,"key":"REST"}],"circlet_count":0,"master_deck":["Strike_B","Strike_B","Strike_B","Strike_B","Defend_B","Defend_B","Defend_B","Defend_B","Zap","Dualcast","Sadistic Nature","Go for the Eyes","Fusion","Redo","Static Discharge","Cold Snap","Capacitor+1","Beam Cell","Core Surge","Double Energy","Chaos","Machine Learning","Genetic Algorithm","FIFO Queue"],"relics":["Cracked Core","betterThird:SlimedRelic","aspiration:EnhancedActuators","infinitespire:Freezer","aspiration:MobileForge","hubris:Reverence","Orichalcum","infinitespire:Bottled Soul"],"acts_visited":["Exordium","TheCity"],"potions_floor_usage":[12,16,16,23,23,27,27],"damage_taken":[{"damage":6,"enemies":"Jaw Worm","floor":1,"turns":3},{"damage":2,"enemies":"Small Slimes","floor":3,"turns":4},{"damage":5,"enemies":"Cultist","floor":5,"turns":4},{"damage":18,"enemies":"Lots of Slimes","floor":10,"turns":3},{"damage":0,"enemies":"Large Slime","floor":11,"turns":5},{"damage":22,"enemies":"3 Sentries","floor":12,"turns":4},{"damage":35,"enemies":"The Guardian","floor":16,"turns":13},{"damage":11,"enemies":"2 Thieves","floor":18,"turns":4},{"damage":10,"enemies":"Shell Parasite","floor":22,"turns":6},{"damage":48,"enemies":"Gremlin Leader","floor":23,"turns":9},{"damage":7,"enemies":"Shelled Parasite and Fungi","floor":25,"turns":6},{"damage":14,"enemies":"Snake Plant","floor":27,"turns":5},{"damage":12,"enemies":"Replay:Snechameleon","floor":28,"turns":3}],"seed_played":"-8361121218554291705","potions_obtained":[{"floor":10,"key":"Swift Potion"},{"floor":11,"key":"EssenceOfDarkness"},{"floor":12,"key":"Adrenaline Potion"},{"floor":16,"key":"potionbrewer:FreezingPotion"},{"floor":20,"key":"Milkshake"},{"floor":20,"key":"Fire Potion"},{"floor":25,"key":"PowerPotion"}],"is_trial":false,"path_per_floor":["M","?","M","$","M","R","?","$","T","M","M","E","?","$","R","B",null,"M","$","?","AVR","M","E","R","M","T","M","E"],"character_chosen":"DEFECT","items_purchased":["Sadistic Nature","Go for the Eyes","Static Discharge","Capacitor+1"],"campfire_rested":3,"item_purchase_floors":[0,0,4,8],"current_hp_per_floor":[62,51,49,49,44,66,66,66,66,48,48,26,44,44,66,31,75,64,64,64,64,54,6,28,21,21,7,0,0],"gold":275,"neow_bonus":"","is_daily":false,"chose_seed":false,"campfire_upgraded":0,"win_rate":0.0,"timestamp":1609381032,"path_taken":["M","?","M","$","M","R","?","$","T","?","?","E","?","?","R","BOSS","M","$","?","AVR","M","E","R","M","T","M","E"],"items_purchased_type":["Card","Card","Card","Card"],"build_version":"2020-12-22","purchased_purges":2,"victory":false,"max_hp_per_floor":[75,75,75,75,75,75,75,75,75,75,75,75,75,75,75,75,75,75,75,75,75,75,75,75,75,75,75,75,75],"card_choices":[{"not_picked":["Skim","Steam"],"picked":"Fusion","floor":1},{"not_picked":["Blizzard","ReplaySort"],"picked":"Redo","floor":3},{"not_picked":["Static Discharge","ReplayGash"],"picked":"Cold Snap","floor":5},{"not_picked":["Skim","Hologram"],"picked":"Beam Cell","floor":10},{"not_picked":["Turbo","Go for the Eyes"],"picked":"Reprogram","floor":11},{"not_picked":["Static Discharge","hubris:Ukulele"],"picked":"hubris:SpecializedCircuitry","floor":12},{"not_picked":["Hyperbeam","hubris:SpecializedCircuitry"],"picked":"Core Surge","floor":16},{"not_picked":["Conserve Battery","ReplaySolidLightProjector+1"],"picked":"Double Energy","floor":18},{"not_picked":["Double Energy","Compile Driver"],"picked":"Chaos","floor":22},{"not_picked":["Leap+1","All For One"],"picked":"Machine Learning","floor":23},{"not_picked":["Steam","Barrage"],"picked":"Genetic Algorithm","floor":25},{"not_picked":["Stack","Panic Button+1"],"picked":"FIFO Queue","floor":27}],"player_experience":493917,"relics_obtained":[{"floor":9,"key":"aspiration:EnhancedActuators"},{"floor":12,"key":"infinitespire:Freezer"},{"floor":23,"key":"Orichalcum"},{"floor":26,"key":"infinitespire:Bottled Soul"}],"event_choices":[{"damage_healed":0,"gold_gain":0,"player_choice":"Slimed","damage_taken":11,"max_hp_gain":0,"max_hp_loss":0,"event_name":"betterThird:BetterGoop","floor":2,"gold_loss":43},{"damage_healed":0,"gold_gain":100,"player_choice":"Pray","damage_taken":0,"max_hp_gain":0,"max_hp_loss":0,"event_name":"Golden Shrine","floor":7,"gold_loss":0},{"damage_healed":18,"gold_gain":0,"player_choice":"Healed","damage_taken":0,"max_hp_gain":0,"max_hp_loss":0,"event_name":"The Cleric","floor":13,"gold_loss":35},{"damage_healed":0,"gold_gain":0,"player_choice":"Got Potions","damage_taken":0,"max_hp_gain":0,"max_hp_loss":0,"event_name":"Lab","floor":20,"gold_loss":0}],"is_beta":false,"boss_relics":[{"not_picked":["Replay:Bronze Core","aspiration:SecretTechniqueScroll"],"picked":"aspiration:MobileForge"}],"items_purged_floors":[14,21],"is_endless":false,"potions_floor_spawned":[10,11,12,16,22,25],"killed_by":"Replay:Snechameleon","ascension_level":1}}