{"host":"s6mlqkqtr3ey2mm2","time":1609434108,"event":{"mods":["2.2 Compatiblity","AchievementEnabler","Aspiration","BaseMod","Beaked The Cultist","Better Note","Better Vampires","BetterRewards","Challenge The Spire","Colored Map","Colored Powertips","Conspire","Curses Come First","Downfall","Emptier Cage","Energized Spire","GifTheSpireLib","Halation","Hermit","Hubris","Infinite Spire","Ironclad Rager","Mad Scientist","Marked Mod","Minty Spire (QoL Compilation)","Quick Restart","RatMod","Replay The Spire","Retaliation","Robot Space Explorer","Shade Mod","Spicy Shops","StSLib","Stuff the Spire","The Blue Laboratory","The Construct","The Druid","The IronCluck","The Judge","The Marked","The Mystic","The Necromancer","The Runesmith","The Valiant","vexMod"],"gold_per_floor":[99,117,117,117,117,133,205,80,80,30,43,70,95,95,111,111,111,111],"floor_reached":16,"playtime":907,"items_purged":[],"score":98,"play_id":"66448adb-a935-4d9d-a6de-5e9baf89b3e5","local_time":"20201231120148","is_ascension_mode":false,"campfire_choices":[{"floor":1,"key":"RECALL"},{"data":"Slimebound:LevelUp","floor":8,"key":"SMITH"},{"data":"Slimebound:Schlurp","floor":10,"key":"SMITH"}],"circlet_count":0,"master_deck":["Slimebound:Strike_Slimebound","Slimebound:Strike_Slimebound","Slimebound:Strike_Slimebound","Slimebound:Tackle","Slimebound:Defend_Slimebound","Slimebound:Defend_Slimebound","Slimebound:Defend_Slimebound","Slimebound:Defend_Slimebound","Slimebound:Split","Slimebound:CorrosiveSpit","Slimebound:Schlurp+1","Slimebound:Split","Slimebound:SplitLeeching","Slimebound:LevelUp+1","Slimebound:ItLooksTasty","Slimebound:RejuvenatingLick+1","Slimebound:Gluttony"],"relics":["Slimebound:AbsorbEndCombat","Slimebound:GreedOozeRelic","downfall:HeartBlessingRed","Slimebound:ScrapOozeRelic","Winged Necklace","hubris:OldNail"],"acts_visited":["Exordium"],"potions_floor_usage":[13],"damage_taken":[{"damage":10,"enemies":"Jaw Worm","floor":2,"turns":3},{"damage":11,"enemies":"Small Slimes","floor":6,"turns":3},{"damage":4,"enemies":"Cultist","floor":11,"turns":2},{"damage":43,"enemies":"conspire:MimicChest","floor":12,"turns":5},{"damage":30,"enemies":"Lagavulin","floor":13,"turns":4},{"damage":17,"enemies":"Exordium Wildlife","floor":15,"turns":3},{"damage":41,"enemies":"downfall:Ironclad","floor":16,"turns":3}],"seed_played":"5631216141837924702","potions_obtained":[{"floor":6,"key":"Regen Potion"},{"floor":12,"key":"blueLaboratory:NullPotion"},{"floor":13,"key":"blueLaboratory:PyrophylliteBrew"}],"is_trial":false,"path_per_floor":["R_BF","M","?","?","?","M","T","R","?","R","M","?","E","?","M","B"],"character_chosen":"SLIMEBOUND","items_purchased":[],"campfire_rested":0,"item_purchase_floors":[],"current_hp_per_floor":[66,60,60,60,60,57,57,57,57,57,61,26,24,24,17,0,0,0],"gold":111,"neow_bonus":"TEN_PERCENT_HP_BONUS","is_daily":false,"chose_seed":false,"campfire_upgraded":2,"win_rate":0.0,"timestamp":1609434108,"path_taken":["R_BF","M","?","?","?","?","T","R","?","R","M","?","E","?","M","BOSS"],"items_purchased_type":[],"build_version":"2020-12-22","purchased_purges":0,"victory":false,"max_hp_per_floor":[66,66,66,66,66,66,66,66,66,66,66,66,66,66,66,66,66,66],"card_choices":[{"not_picked":["Slimebound:Equalize","Slimebound:SplitMire"],"picked":"Slimebound:Schlurp","floor":2},{"not_picked":["Slimebound:SplitMire","Slimebound:RollThrough"],"picked":"Slimebound:LevelUp","floor":6},{"not_picked":["Slimebound:ComboTackle","Slimebound:SplitAcid","Slimebound:SlimeTap"],"picked":"SKIP","floor":11},{"not_picked":["Slimebound:PressTheAttack","Slimebound:GoopSpray"],"picked":"Slimebound:ItLooksTasty","floor":12},{"not_picked":["Slimebound:SplitMire","Slimebound:Equalize"],"picked":"Slimebound:RejuvenatingLick","floor":13},{"not_picked":["Slimebound:RejuvenatingLick","Slimebound:SamplingLick"],"picked":"Slimebound:Gluttony","floor":15}],"player_experience":48745,"relics_obtained":[{"floor":12,"key":"Winged Necklace"},{"floor":13,"key":"hubris:OldNail"}],"event_choices":[],"is_beta":false,"boss_relics":[],"items_purged_floors":[],"is_endless":false,"potions_floor_spawned":[6,12,13],"killed_by":"downfall:Ironclad","ascension_level":0}}