{"host":"z5ogtnuuoxgup8y1","time":1609445137,"event":{"mods":["BaseMod","Better Third Choice","BetterRewards","Hermit","Hubris","Jorbs\u0027s Wanderer Trilogy","Minty Spire (QoL Compilation)","Replay The Spire","Spicy Shops","StSLib","The Cursed","The Disciple","The Hierophant","The Jungle","The Runesmith"],"gold_per_floor":[117,17,28,44,44,44,44,44,44,44,54,81,98,98,98,172,172,189,189,4,4,21,21,56,71,124,124,19,30,40,50,50,50,50],"floor_reached":33,"playtime":1325,"items_purged":["Strike_G","stsjorbsmod:Amnesia"],"score":624,"play_id":"28747dce-5205-4ffb-8567-8f04e911ff88","local_time":"20201231200537","is_ascension_mode":true,"campfire_choices":[{"data":"Noxious Fumes","floor":6.0,"key":"SMITH"},{"data":"PiercingWail","floor":8.0,"key":"SMITH"},{"data":"Poisoned Stab","floor":10.0,"key":"SMITH"},{"data":"Burst","floor":15.0,"key":"SMITH"},{"data":"Glass Knife","floor":23.0,"key":"SMITH"},{"floor":27.0,"key":"REST"},{"floor":32.0,"key":"REST"}],"circlet_count":0,"master_deck":["AscendersBane","Strike_G","Strike_G","Defend_G","Defend_G","Defend_G","Defend_G","Defend_G","Survivor","Neutralize","Noxious Fumes+1","Master of Strategy","Blade Dance","Poisoned Stab+1","PiercingWail+1","Blade Dance","Burst+1","Regret","Glass Knife+1","Crippling Poison+1","Catalyst"],"relics":["Ring of the Snake","Lee\u0027s Waffle","OrangePellets","CaptainsWheel","Torii","ReplayTheSpireMod:TigerMarble","Ninja Scroll","Du-Vu Doll","Replay:Bottled Flurry","Empty Cage","hubris:Icosahedron","ReplayTheSpireMod:Lightbulb","MealTicket","ReplayTheSpireMod:CursedCoin","hubris:FunFungus"],"acts_visited":["Exordium","TheCity"],"potions_floor_usage":[33,33],"damage_taken":[{"damage":0.0,"enemies":"Jaw Worm","floor":1.0,"turns":4.0},{"damage":0.0,"enemies":"Cultist","floor":3.0,"turns":4.0},{"damage":0.0,"enemies":"2 Louse","floor":4.0,"turns":1.0},{"damage":0.0,"enemies":"Looter","floor":11.0,"turns":3.0},{"damage":10.0,"enemies":"Lagavulin","floor":12.0,"turns":4.0},{"damage":0.0,"enemies":"Exordium Wildlife","floor":13.0,"turns":3.0},{"damage":17.0,"enemies":"Hexaghost","floor":16.0,"turns":7.0},{"damage":13.0,"enemies":"Shell Parasite","floor":18.0,"turns":5.0},{"damage":1.0,"enemies":"3 Byrds","floor":22.0,"turns":3.0},{"damage":18.0,"enemies":"Book of Stabbing","floor":24.0,"turns":7.0},{"damage":24.0,"enemies":"Snake Plant","floor":25.0,"turns":4.0},{"damage":12.0,"enemies":"Shelled Parasite and Fungi","floor":29.0,"turns":2.0},{"damage":0.0,"enemies":"Chosen and Byrds","floor":30.0,"turns":4.0},{"damage":11.0,"enemies":"Snecko","floor":31.0,"turns":4.0},{"damage":58,"enemies":"Automaton","floor":33,"turns":8}],"seed_played":"-258795721285316846","potions_obtained":[{"floor":11.0,"key":"Languid Potion"},{"floor":12.0,"key":"Swift Potion"},{"floor":13.0,"key":"CultistPotion"},{"floor":18.0,"key":"Strength Potion"},{"floor":29.0,"key":"Elixir"}],"is_trial":false,"path_per_floor":["M","?","M","M","$","R","$","R","T","R","M","E","M","?","R","B",null,"M","?","$","?","M","R","E","M","T","R","$","M","M","M","R","B"],"character_chosen":"THE_SILENT","items_purchased":["Lee\u0027s Waffle","Noxious Fumes","OrangePellets","CaptainsWheel","Master of Strategy","ReplayTheSpireMod:TigerMarble","Crippling Poison","ReplayTheSpireMod:CursedCoin","hubris:FunFungus"],"campfire_rested":2,"item_purchase_floors":[0,0,0,0,0,0,20,28,28],"current_hp_per_floor":[73,73,73,73,73,73,73,73,73,73,73,63,63,63,63,46,66,53,53,53,53,52,52,34,10,10,31,46,34,34,23,44,0,0],"gold":50,"neow_bonus":"","is_daily":false,"chose_seed":false,"campfire_upgraded":5,"win_rate":0.0,"timestamp":1609445137,"path_taken":["M","?","M","M","?","R","$","R","T","R","M","E","M","?","R","BOSS","M","?","$","?","M","R","E","M","T","R","$","M","?","M","R","BOSS"],"items_purchased_type":["Relic","Card","Relic","Relic","Card","Relic","Card","Relic","Relic"],"build_version":"2020-12-22","purchased_purges":2,"victory":false,"max_hp_per_floor":[73,73,73,73,73,73,73,73,73,73,73,73,73,73,73,73,73,73,73,73,73,73,73,73,73,73,73,73,73,73,73,73,73,73],"card_choices":[{"not_picked":["Well Laid Plans","Outmaneuver"],"picked":"Blade Dance","floor":1.0},{"not_picked":["Quick Slash","ReplayTheSpireMod:Scrap Shanks"],"picked":"Poisoned Stab","floor":3.0},{"not_picked":["All Out Attack","Flying Knee"],"picked":"PiercingWail","floor":4.0},{"not_picked":["Dagger Spray","hubris:SlightOfHand"],"picked":"Blade Dance","floor":11.0},{"not_picked":["Deadly Poison","Bane"],"picked":"Burst","floor":12.0},{"not_picked":["Deadly Poison","Slice","PiercingWail"],"picked":"SKIP","floor":13.0},{"not_picked":["Unload","Phantasmal Killer"],"picked":"Glass Knife","floor":16.0},{"not_picked":["Hidden Blade","Outmaneuver","hubris:SlightOfHand"],"picked":"SKIP","floor":18.0},{"not_picked":["PiercingWail+1","Expertise+1","Dagger Spray"],"picked":"SKIP","floor":22.0},{"not_picked":["Acrobatics","Phantasmal Killer","Infinite Blades"],"picked":"SKIP","floor":24.0},{"not_picked":["Bouncing Flask","Dodge and Roll+1","hubris:SlightOfHand"],"picked":"SKIP","floor":25.0},{"not_picked":["Riddle With Holes","Dagger Throw+1"],"picked":"Catalyst","floor":29.0},{"not_picked":["Flechettes","Infinite Blades","Prepared"],"picked":"SKIP","floor":30.0},{"not_picked":["Choke","Skewer","Riddle With Holes"],"picked":"SKIP","floor":31.0}],"player_experience":664786,"relics_obtained":[{"floor":12.0,"key":"Du-Vu Doll"},{"floor":24.0,"key":"ReplayTheSpireMod:Lightbulb"},{"floor":26.0,"key":"MealTicket"}],"event_choices":[{"damage_healed":0.0,"max_hp_gain":0.0,"max_hp_loss":0.0,"gold_gain":0.0,"event_name":"WeMeetAgain","player_choice":"Paid Gold","floor":2.0,"gold_loss":100.0,"damage_taken":0.0,"relics_obtained":["Ninja Scroll"]},{"damage_healed":0.0,"max_hp_gain":0.0,"max_hp_loss":0.0,"gold_gain":0.0,"event_name":"Big Fish","player_choice":"Box","floor":14.0,"gold_loss":0.0,"damage_taken":0.0,"relics_obtained":["Replay:Bottled Flurry"],"cards_obtained":["Regret"]}],"is_beta":false,"boss_relics":[{"not_picked":["Ring of Chaos","Snecko Scales"],"picked":"Empty Cage"}],"items_purged_floors":[0,28],"is_endless":false,"potions_floor_spawned":[11,12,13,18,22,29],"killed_by":"Automaton","ascension_level":14}}