{"host":"640uue19m79c7wbt","time":1609452711,"event":{"mods":["BaseMod","Colored Map","Googly Eyes","Highlight Path","Minty Spire (QoL Compilation)","Quick Restart","StSLib"],"gold_per_floor":[117,135,161,4,24,55,66,66,66,66,92,92,117,127,127,225,225,235,6,18,86,100,100,125,125,125,153,203,217,182,197,197,292,292,306,326,344,358,372,398,398,408,433,0,27,22,22,56,56,56,56,56,6,35,35],"floor_reached":56,"playtime":3583,"items_purged":["Strike_G","Strike_G"],"score":1451,"play_id":"6dafb60b-40dc-4118-b553-d27836fafc66","local_time":"20201231171151","is_ascension_mode":true,"campfire_choices":[{"floor":8.0,"key":"REST"},{"data":"Venomology","floor":12.0,"key":"SMITH"},{"floor":15.0,"key":"REST"},{"floor":23.0,"key":"REST"},{"floor":25.0,"key":"REST"},{"floor":32.0,"key":"REST"},{"floor":41.0,"key":"RECALL"},{"floor":47.0,"key":"REST"},{"data":"Wraith Form v2","floor":49,"key":"SMITH"},{"data":"Accuracy","floor":52,"key":"SMITH"}],"circlet_count":0,"master_deck":["Strike_G","Strike_G","Defend_G","Defend_G","Defend_G","Defend_G","Defend_G","Survivor","Neutralize","Predator","Crippling Poison","Underhanded Strike","Blade Dance","Cloak And Dagger","Venomology+1","Backstab","Noxious Fumes","Venomology","Dagger Throw","Well Laid Plans","Discovery","Endless Agony","Master of Strategy","Predator","Bane+1","Eviscerate","Finisher","Prepared","Cloak And Dagger+1","Adrenaline","PiercingWail","Leg Sweep+1","Accuracy+1","Blur+1","Cloak And Dagger+1","Eviscerate","Catalyst","Wraith Form v2+1","Bane+1","Bouncing Flask+1"],"relics":["Ring of the Snake","NeowsBlessing","Snake Skull","Membership Card","Bronze Scales","Bag of Marbles","SsserpentHead","Turnip","White Beast Statue","SlaversCollar","Smiling Mask","Pantograph","Letter Opener","Meat on the Bone","SacredBark","Toy Ornithopter","Red Mask","Pocketwatch","Paper Crane","Orichalcum","Boot"],"acts_visited":["Exordium","TheCity","TheBeyond","TheEnding"],"potions_floor_usage":[48,48,50,50,50,50,54,55,55,55],"damage_taken":[{"damage":0.0,"enemies":"Cultist","floor":1.0,"turns":1.0},{"damage":0.0,"enemies":"Jaw Worm","floor":2.0,"turns":1.0},{"damage":0.0,"enemies":"2 Louse","floor":5.0,"turns":1.0},{"damage":35.0,"enemies":"Lagavulin","floor":6.0,"turns":7.0},{"damage":6.0,"enemies":"Looter","floor":7.0,"turns":3.0},{"damage":11.0,"enemies":"3 Sentries","floor":11.0,"turns":5.0},{"damage":10.0,"enemies":"Lagavulin","floor":13.0,"turns":5.0},{"damage":3.0,"enemies":"Blue Slaver","floor":14.0,"turns":2.0},{"damage":8.0,"enemies":"The Guardian","floor":16.0,"turns":8.0},{"damage":2.0,"enemies":"3 Byrds","floor":18.0,"turns":2.0},{"damage":8.0,"enemies":"2 Thieves","floor":20.0,"turns":1.0},{"damage":16.0,"enemies":"Snake Plant","floor":21.0,"turns":3.0},{"damage":14.0,"enemies":"Centurion and Healer","floor":22.0,"turns":2.0},{"damage":14.0,"enemies":"Gremlin Leader","floor":24.0,"turns":3.0},{"damage":0.0,"enemies":"Book of Stabbing","floor":27.0,"turns":1.0},{"damage":14.0,"enemies":"Cultist and Chosen","floor":29.0,"turns":3.0},{"damage":24.0,"enemies":"Snake Plant","floor":31.0,"turns":2.0},{"damage":52.0,"enemies":"Automaton","floor":33.0,"turns":8.0},{"damage":35.0,"enemies":"3 Darklings","floor":35.0,"turns":3.0},{"damage":0.0,"enemies":"3 Shapes","floor":36.0,"turns":1.0},{"damage":7.0,"enemies":"Spire Growth","floor":37.0,"turns":3.0},{"damage":4.0,"enemies":"Maw","floor":38.0,"turns":6.0},{"damage":13.0,"enemies":"Sphere and 2 Shapes","floor":39.0,"turns":6.0},{"damage":0.0,"enemies":"Reptomancer","floor":40.0,"turns":4.0},{"damage":4.0,"enemies":"Jaw Worm Horde","floor":42.0,"turns":5.0},{"damage":7.0,"enemies":"Giant Head","floor":45.0,"turns":8.0},{"damage":19,"enemies":"Nemesis","floor":48,"turns":5},{"damage":125,"enemies":"Time Eater","floor":50,"turns":8},{"damage":15,"enemies":"Shield and Spear","floor":54,"turns":6},{"damage":65,"enemies":"The Heart","floor":55,"turns":7}],"seed_played":"15052557060068670","potions_obtained":[{"floor":1.0,"key":"SpeedPotion"},{"floor":2.0,"key":"SpeedPotion"},{"floor":7.0,"key":"Poison Potion"},{"floor":14.0,"key":"Dexterity Potion"},{"floor":16.0,"key":"AttackPotion"},{"floor":18.0,"key":"GamblersBrew"},{"floor":20.0,"key":"Ancient Potion"},{"floor":21.0,"key":"SteroidPotion"},{"floor":22.0,"key":"Fire Potion"},{"floor":24.0,"key":"Strength Potion"},{"floor":27.0,"key":"FearPotion"},{"floor":29.0,"key":"DuplicationPotion"},{"floor":31.0,"key":"Fruit Juice"},{"floor":33.0,"key":"Explosive Potion"},{"floor":35.0,"key":"Weak Potion"},{"floor":36.0,"key":"Strength Potion"},{"floor":37.0,"key":"SneckoOil"},{"floor":38.0,"key":"SpeedPotion"},{"floor":40.0,"key":"SpeedPotion"},{"floor":42.0,"key":"Dexterity Potion"},{"floor":45.0,"key":"Energy Potion"},{"floor":48,"key":"LiquidBronze"},{"floor":54,"key":"SkillPotion"}],"is_trial":false,"path_per_floor":["M","M","T","$","M","E","M","R","T","?","E","R","E","M","R","B",null,"M","$","M","M","M","R","E","R","T","E","?","M","?","M","R","B",null,"M","M","M","M","M","E","R","M","T","?","E","?","R","E","R","B",null,"R","$","E","B",null],"character_chosen":"THE_SILENT","items_purchased":["Membership Card","Well Laid Plans","Discovery","Endless Agony","Master of Strategy"],"campfire_rested":6,"item_purchase_floors":[4,19,19,19,19],"current_hp_per_floor":[70,70,70,70,70,35,29,50,50,50,39,39,29,26,47,39,70,68,68,60,44,30,51,37,58,58,58,58,44,44,37,59,35,75,40,40,45,41,40,40,40,46,46,46,59,59,75,61,61,20,75,75,75,60,28],"gold":35,"neow_bonus":"THREE_ENEMY_KILL","is_daily":false,"chose_seed":false,"campfire_upgraded":3,"win_rate":0.0,"timestamp":1609452711,"path_taken":["M","M","?","$","?","E","M","R","T","?","E","R","E","M","R","BOSS","M","$","M","?","M","R","E","R","T","E","?","M","?","M","R","BOSS","M","M","M","M","M","E","R","M","T","?","E","?","R","E","R","BOSS","R","$","E","BOSS"],"items_purchased_type":["Relic","Card","Card","Card","Card"],"build_version":"2020-12-22","purchased_purges":2,"victory":true,"max_hp_per_floor":[70,70,70,70,70,70,70,70,70,70,70,70,70,70,70,70,70,70,70,70,70,70,70,70,70,70,70,70,70,70,75,75,75,75,75,75,75,75,75,75,75,75,75,75,75,75,75,75,75,75,75,75,75,75,75],"card_choices":[{"not_picked":["Infinite Blades","Well Laid Plans"],"picked":"Predator","floor":1.0},{"not_picked":["Acrobatics","Dodge and Roll"],"picked":"Crippling Poison","floor":2.0},{"not_picked":["Poisoned Stab","Flechettes"],"picked":"Underhanded Strike","floor":5.0},{"not_picked":["Calculated Gamble","Slice"],"picked":"Blade Dance","floor":6.0},{"not_picked":["Blade Dance","Prepared"],"picked":"Cloak And Dagger","floor":7.0},{"not_picked":["Finisher","Prepared"],"picked":"Venomology","floor":11.0},{"not_picked":["Underhanded Strike","Poisoned Stab"],"picked":"Backstab","floor":13.0},{"not_picked":["Dagger Spray","Deadly Poison"],"picked":"Noxious Fumes","floor":14.0},{"not_picked":["Phantasmal Killer","Die Die Die"],"picked":"Venomology","floor":16.0},{"not_picked":["Underhanded Strike","Dodge and Roll"],"picked":"Dagger Throw","floor":18.0},{"not_picked":["Outmaneuver","Underhanded Strike"],"picked":"Predator","floor":20.0},{"not_picked":["Dagger Throw","Distraction"],"picked":"Bane+1","floor":21.0},{"not_picked":["Concentrate","Deadly Poison"],"picked":"Eviscerate","floor":22.0},{"not_picked":["Acrobatics+1","Cloak And Dagger"],"picked":"Finisher","floor":24.0},{"not_picked":["Dagger Spray","Dash"],"picked":"Prepared","floor":27.0},{"not_picked":["Die Die Die","Reflex","Poisoned Stab"],"picked":"SKIP","floor":29.0},{"not_picked":["Masterful Stab","Predator"],"picked":"Cloak And Dagger+1","floor":31.0},{"not_picked":["Envenom","Venomology"],"picked":"Adrenaline","floor":33.0},{"not_picked":["Poisoned Stab+1","Backflip"],"picked":"PiercingWail","floor":35.0},{"not_picked":["Backflip","Well Laid Plans+1"],"picked":"Leg Sweep+1","floor":36.0},{"not_picked":["Escape Plan+1","Acrobatics"],"picked":"Accuracy","floor":37.0},{"not_picked":["Prepared","Die Die Die"],"picked":"Blur+1","floor":38.0},{"not_picked":["Dodge and Roll","Calculated Gamble+1"],"picked":"Cloak And Dagger+1","floor":39.0},{"not_picked":["Flechettes+1","Dagger Spray"],"picked":"Eviscerate","floor":40.0},{"not_picked":["Dash","Quick Slash"],"picked":"Catalyst","floor":42.0},{"not_picked":["PiercingWail","Poisoned Stab"],"picked":"Wraith Form v2","floor":45.0},{"not_picked":["Dagger Throw","Escape Plan"],"picked":"Bane+1","floor":48},{"not_picked":["Deflect","Bane"],"picked":"Bouncing Flask+1","floor":54}],"player_experience":533978,"relics_obtained":[{"floor":3.0,"key":"Snake Skull"},{"floor":6.0,"key":"Bronze Scales"},{"floor":9.0,"key":"Bag of Marbles"},{"floor":11.0,"key":"Turnip"},{"floor":13.0,"key":"White Beast Statue"},{"floor":24.0,"key":"Smiling Mask"},{"floor":26.0,"key":"Pantograph"},{"floor":27.0,"key":"Letter Opener"},{"floor":40.0,"key":"Toy Ornithopter"},{"floor":45.0,"key":"Pocketwatch"},{"floor":48,"key":"Orichalcum"},{"floor":54,"key":"Boot"}],"event_choices":[{"damage_healed":0.0,"max_hp_gain":0.0,"max_hp_loss":0.0,"gold_gain":0.0,"event_name":"FaceTrader","player_choice":"Trade","floor":10.0,"gold_loss":0.0,"damage_taken":0.0,"relics_obtained":["SsserpentHead"]},{"cards_removed":["Strike_G"],"damage_healed":0.0,"max_hp_gain":0.0,"max_hp_loss":0.0,"gold_gain":0.0,"event_name":"Back to Basics","player_choice":"Elegance","floor":28.0,"gold_loss":0.0,"damage_taken":0.0},{"damage_healed":0.0,"max_hp_gain":0.0,"max_hp_loss":0.0,"gold_gain":0.0,"event_name":"Addict","player_choice":"Obtained Relic","floor":30.0,"gold_loss":85.0,"damage_taken":0.0,"relics_obtained":["Meat on the Bone"]},{"damage_healed":0.0,"max_hp_gain":0.0,"max_hp_loss":0.0,"gold_gain":0.0,"event_name":"Tomb of Lord Red Mask","player_choice":"Paid","floor":44.0,"gold_loss":483.0,"damage_taken":0.0,"relics_obtained":["Red Mask"]},{"damage_healed":0.0,"max_hp_gain":0.0,"max_hp_loss":0.0,"gold_gain":0.0,"event_name":"WeMeetAgain","player_choice":"Paid Gold","floor":46.0,"gold_loss":55.0,"damage_taken":0.0,"relics_obtained":["Paper Crane"]}],"is_beta":false,"boss_relics":[{"not_picked":["Snecko Eye","HoveringKite"],"picked":"SlaversCollar"},{"not_picked":["Astrolabe","Cursed Key"],"picked":"SacredBark"}],"items_purged_floors":[19,53],"is_endless":false,"potions_floor_spawned":[1,2,7,14,16,18,20,21,22,24,27,29,31,33,35,36,37,38,39,40,42,45,48,54],"ascension_level":2}}