{"host":"hig8qfi5vzbgudte","time":1609377827,"event":{"mods":["BaseMod","Colored Map","Downfall","Hubris","Minty Spire (QoL Compilation)","Quick Restart","StSLib","The Cursed","The Marked","The Servant 0.9.4"],"gold_per_floor":[116,116,130,130,146,146,146,146,169,188,188,201,26,37,37,134,134,144,160,69,79,79,79,92,92,92,92,106,16,28,39,39,143,193,206,255,15,15,15],"floor_reached":38,"playtime":3532,"items_purged":[],"score":368,"play_id":"391e6015-d8c5-46fb-a010-e45d3d931ee7","local_time":"20201230192347","is_ascension_mode":false,"campfire_choices":[{"data":"TheCursedMod:CircleOfCorruption","floor":6,"key":"SMITH"},{"data":"TheCursedMod:CircleOfAmplification","floor":8,"key":"SMITH"},{"data":"TheCursedMod:CircleOfBlood","floor":11,"key":"SMITH"},{"data":"Mayhem","floor":15,"key":"SMITH"},{"data":"TheCursedMod:CursedRelics","floor":23,"key":"SMITH"},{"data":"TheCursedMod:CircleOfCorruption","floor":25,"key":"SMITH"},{"data":"TheCursedMod:Obscuration","floor":27,"key":"SMITH"},{"data":"TheCursedMod:CircleOfBlood","floor":32,"key":"SMITH"}],"circlet_count":0,"master_deck":["TheCursedMod:Strike_TheCursed+1","TheCursedMod:Strike_TheCursed","TheCursedMod:Strike_TheCursed","TheCursedMod:Defend_TheCursed","TheCursedMod:Defend_TheCursed","TheCursedMod:Defend_TheCursed","TheCursedMod:Defend_TheCursed","TheCursedMod:CursedWand+1","TheCursedMod:CleanUpWorkshop","TheCursedMod:Dregs","TheCursedMod:CircleOfCorruption+1","TheCursedMod:CircleOfAmplification+1","TheCursedMod:CircleOfAmplification+1","TheCursedMod:CircleOfBlood+1","TheCursedMod:AbyssShockwave","Mayhem+1","TheCursedMod:SpitefulStrike","TheCursedMod:CursedRelics+1","TheCursedMod:SpitefulStrike","TheCursedMod:CircleOfFlame+1","TheCursedMod:WearCloak","TheCursedMod:SurpriseAttack","TheCursedMod:Obscuration+1","TheCursedMod:CircleOfCorruption+1","TheCursedMod:CursedBoomerang","TheCursedMod:CircleOfCorruption","TheCursedMod:CircleOfBlood+1","TheCursedMod:OutForBlood","TheCursedMod:ReleasedKnowledge+1","TheCursedMod:VitalStrike","TheCursedMod:CircleOfFocus+1","The Bomb","TheCursedMod:CircleOfFlame"],"relics":["TheCursedMod:BlackMagic101","NeowsBlessing","MealTicket","Runic Pyramid","MutagenicStrength","Tiny House","hubris:BundleOfHerbs"],"acts_visited":["Exordium","TheCity","TheBeyond"],"potions_floor_usage":[3,16,16,21,21,36,36],"damage_taken":[{"damage":0,"enemies":"2 Louse","floor":1,"turns":1},{"damage":0,"enemies":"Cultist","floor":3,"turns":1},{"damage":0,"enemies":"Small Slimes","floor":5,"turns":1},{"damage":16,"enemies":"Gremlin Gang","floor":10,"turns":5},{"damage":4,"enemies":"Exordium Wildlife","floor":12,"turns":4},{"damage":9,"enemies":"Lots of Slimes","floor":14,"turns":4},{"damage":72,"enemies":"Hexaghost","floor":16,"turns":12},{"damage":12,"enemies":"3 Byrds","floor":18,"turns":4},{"damage":22,"enemies":"Chosen","floor":19,"turns":5},{"damage":9,"enemies":"3 Cultists","floor":21,"turns":4},{"damage":6,"enemies":"Chosen and Byrds","floor":24,"turns":5},{"damage":17,"enemies":"Centurion and Healer","floor":28,"turns":6},{"damage":7,"enemies":"3 Cultists","floor":30,"turns":3},{"damage":13,"enemies":"Snake Plant","floor":31,"turns":3},{"damage":43,"enemies":"Automaton","floor":33,"turns":7},{"damage":16,"enemies":"Orb Walker","floor":35,"turns":4},{"damage":53,"enemies":"2 Orb Walkers","floor":36,"turns":5},{"damage":61,"enemies":"3 Shapes","floor":38,"turns":3}],"seed_played":"-5474931525961713468","potions_obtained":[{"floor":1,"key":"LiquidBronze"},{"floor":2,"key":"EntropicBrew"},{"floor":2,"key":"sneckomod:MuddlingPotion"},{"floor":12,"key":"PowerPotion"},{"floor":14,"key":"Energy Potion"},{"floor":16,"key":"SpeedPotion"},{"floor":34,"key":"Energy Potion"},{"floor":36,"key":"Energy Potion"}],"is_trial":false,"path_per_floor":["M","?","M","?","M","R","?","R","T","M","R","M","$","M","R","B",null,"M","M","$","M","?","R","M","R","T","R","M","?","M","M","R","B",null,"M","?","$","M"],"character_chosen":"THE_CURSED","items_purchased":["Mayhem","TheCursedMod:WearCloak","TheCursedMod:SurpriseAttack","The Bomb","TheCursedMod:CircleOfFlame"],"campfire_rested":0,"item_purchase_floors":[13,20,20,37,37],"current_hp_per_floor":[75,75,75,75,75,75,68,68,68,52,52,56,71,66,66,2,75,65,53,68,66,66,66,68,68,68,68,51,51,44,43,43,16,80,64,24,39,0,0],"gold":15,"neow_bonus":"THREE_ENEMY_KILL","is_daily":false,"chose_seed":false,"campfire_upgraded":8,"win_rate":0.0,"timestamp":1609377827,"path_taken":["M","?","?","?","?","R","?","R","T","M","R","?","$","M","R","BOSS","M","M","$","M","?","R","M","R","T","R","M","?","M","?","R","BOSS","M","?","$","M"],"items_purchased_type":["Card","Card","Card","Card","Card"],"build_version":"2020-12-22","purchased_purges":0,"victory":false,"max_hp_per_floor":[75,75,75,75,75,75,75,75,75,75,75,75,75,75,75,75,75,75,75,75,75,75,75,75,75,75,75,75,75,75,75,75,75,80,80,80,80,80,80],"card_choices":[{"not_picked":["TheCursedMod:EmpowerCircles","TheCursedMod:SoulReap"],"picked":"TheCursedMod:CircleOfCorruption","floor":1},{"not_picked":["TheCursedMod:Stigma","TheCursedMod:CursedSpellbook"],"picked":"TheCursedMod:CircleOfAmplification","floor":3},{"not_picked":["TheCursedMod:CursedShiv","TheCursedMod:CursedBlade"],"picked":"TheCursedMod:CircleOfAmplification","floor":5},{"not_picked":["TheCursedMod:SpitefulStrike","TheCursedMod:FleshFromBone"],"picked":"TheCursedMod:CircleOfBlood","floor":10},{"not_picked":["TheCursedMod:CircleOfFlame","TheCursedMod:ManaBullet"],"picked":"TheCursedMod:AbyssShockwave","floor":12},{"not_picked":["TheCursedMod:FuryStrike","TheCursedMod:Torture"],"picked":"TheCursedMod:SpitefulStrike","floor":14},{"not_picked":["TheCursedMod:AntiAging","TheCursedMod:ShockAndAwe"],"picked":"TheCursedMod:CursedRelics","floor":16},{"not_picked":["TheCursedMod:Obscuration+1","TheCursedMod:BloodBarrier"],"picked":"TheCursedMod:SpitefulStrike","floor":18},{"not_picked":["TheCursedMod:Stretching","TheCursedMod:ManaBullet"],"picked":"TheCursedMod:CircleOfFlame+1","floor":19},{"not_picked":["TheCursedMod:RapidMovement","TheCursedMod:CursedSpellbook+1"],"picked":"TheCursedMod:Obscuration","floor":21},{"not_picked":["TheCursedMod:SurpriseAttack","TheCursedMod:CursedSpellbook"],"picked":"TheCursedMod:CircleOfCorruption","floor":24},{"not_picked":["TheCursedMod:DoubleShield+1","TheCursedMod:Stretching"],"picked":"TheCursedMod:CursedBoomerang","floor":28},{"not_picked":["TheCursedMod:StunningStrike","TheCursedMod:VitalStrike"],"picked":"TheCursedMod:CircleOfCorruption","floor":30},{"not_picked":["TheCursedMod:Torture","TheCursedMod:WearCloak+1"],"picked":"TheCursedMod:CircleOfBlood","floor":31},{"not_picked":["TheCursedMod:AntiAging","TheCursedMod:ManaCirculation"],"picked":"TheCursedMod:OutForBlood","floor":33},{"not_picked":["TheCursedMod:SpitefulPray","TheCursedMod:CursedShiv+1"],"picked":"TheCursedMod:ReleasedKnowledge+1","floor":34},{"not_picked":["TheCursedMod:Wield+1","TheCursedMod:RavingStaff+1"],"picked":"TheCursedMod:VitalStrike","floor":35},{"not_picked":["TheCursedMod:PrepareRite","TheCursedMod:CursedSpellbook+1"],"picked":"TheCursedMod:CircleOfFocus+1","floor":36}],"player_experience":17819,"relics_obtained":[{"floor":9,"key":"MealTicket"},{"floor":36,"key":"hubris:BundleOfHerbs"}],"event_choices":[{"damage_healed":0,"gold_gain":0,"player_choice":"Got Potions","damage_taken":0,"max_hp_gain":0,"max_hp_loss":0,"event_name":"Lab","floor":2,"gold_loss":0},{"damage_healed":0,"gold_gain":0,"player_choice":"Upgraded","damage_taken":0,"max_hp_gain":0,"max_hp_loss":0,"event_name":"Upgrade Shrine","floor":4,"gold_loss":0,"cards_upgraded":["TheCursedMod:CircleOfAmplification"]},{"damage_healed":0,"gold_gain":0,"player_choice":"Damaged","damage_taken":7,"max_hp_gain":0,"max_hp_loss":0,"event_name":"Wheel of Change","floor":7,"gold_loss":0},{"damage_healed":0,"gold_gain":0,"player_choice":"Inject Mutagens","damage_taken":0,"relics_obtained":["MutagenicStrength"],"max_hp_gain":0,"max_hp_loss":0,"event_name":"Drug Dealer","floor":22,"gold_loss":0},{"cards_removed":["TheCursedMod:Strike_TheCursed"],"damage_healed":0,"gold_gain":0,"player_choice":"Upgrade and Remove","damage_taken":0,"max_hp_gain":0,"max_hp_loss":0,"event_name":"Designer","floor":29,"gold_loss":90,"cards_upgraded":["TheCursedMod:CursedWand"]},{"damage_healed":0,"gold_gain":0,"player_choice":"Fight","damage_taken":0,"max_hp_gain":0,"max_hp_loss":0,"event_name":"Mysterious Sphere","floor":36,"gold_loss":0}],"is_beta":false,"boss_relics":[{"not_picked":["Runic Dome","Empty Cage"],"picked":"Runic Pyramid"},{"not_picked":["hubris:RunicObelisk","hubris:GrandSneckoEye"],"picked":"Tiny House"}],"items_purged_floors":[],"is_endless":false,"potions_floor_spawned":[1,12,14,16,28,30,33,36],"killed_by":"3 Shapes","ascension_level":0}}