{"host":"qy89j0vid1u7yuu4","time":1609391042,"event":{"mods":["Act Like it!","Aspiration","BaseMod","Better Match","Card Forge","Colored Powertips","Elementarium","Hermit","Hubris","Infinite Spire","Menagerie","Minty Spire (QoL Compilation)","Replay The Spire","Spicy Shops","StSLib"],"gold_per_floor":[153,228,93,138,138,222,222,327,327,375,435,510,92,173,173,461,461,515,545,545,545,590,590,689,130,206,236,236,296,401,482,482,770,770,821,585,585,639,684,684,762,762,762,864,909,121,223,373,373,658,658,711,756,681,760,787,884,884,910,910,932,1027,1027,1027,1075,1075,1352,1352,1388,1436,1361,1392,1432,1504,1517,1584,1584,1681,1711,1711,1711,1729,1729,1980,1980,2021,2072,964,964],"floor_reached":88,"playtime":4932,"items_purged":["Strike_R","Strike_R","Regret"],"score":2099,"play_id":"0e39a982-065e-4645-a8e2-612b175d284d","local_time":"20201230220402","daily_mods":["Heirloom","DeadlyEvents","Midas"],"is_ascension_mode":false,"campfire_choices":[{"floor":7,"key":"REST"},{"data":"1","floor":15,"key":"LIFT"},{"data":"2","floor":23,"key":"LIFT"},{"data":"3","floor":28,"key":"LIFT"},{"floor":32,"key":"REST"},{"floor":40,"key":"REST"},{"floor":42,"key":"REST"},{"floor":49,"key":"DIG"},{"floor":58,"key":"REST"},{"floor":63,"key":"REST"},{"floor":66,"key":"REST"},{"floor":80,"key":"REST"}],"circlet_count":0,"master_deck":["Strike_R+1","Strike_R+1","Strike_R+1","Defend_R+1","Defend_R+1","Bash","Inflame","Armaments+1","Pommel Strike+1","Sword Boomerang","Burning Pact","Bloodletting","Havoc+1","True Grit","Feel No Pain","Headbutt+1","Dual Wield","Feed+1","Run Through+1","Battle Trance+1","infinitespire:DeathsTouch+1","Cleave+1","Pommel Strike+1","Fiend Fire+1","AbeCurse","Heavy Blade+1","Demon Form","Demon Form+1","ReplayTheSpireMod:Strike From Hell+1","Flame Barrier+1","Limit Break","Exhume","hubris:ReadiedAction+1","Dual Wield","Armaments","Evolve","Bandage Up","Pommel Strike+1","Pommel Strike+1","Limit Break","Inflame","ReplayTheSpireMod:Strike From Hell+1","Heavy Blade+1","Carnage+1","infinitespire:OneForAll+1","Anger+1","Exhume","Heavy Blade+1","Pommel Strike+1","Spot Weakness","Brutality","Heavy Blade+1","Shrug It Off+1","hubris:Rewind","Massacre+1","Inflame+1","Exhume","Acrobatics+1","hubris:Sniper"],"relics":["Burning Blood","Hammer of Thor","Seething Fire","Anvil of the Gods","Incense Burner","Akabeko","Girya","Bottled Flame","Boot","infinitespire:BottledMercury","ReplayTheSpireMod:TigerMarble","Replay:Bronze Core","Nilry\u0027s Codex","Nunchaku","Quantum Egg","Replay:Baseball","Sling","Molten Egg 2","Blood Vial","aspiration:ChemicalBlood","Abe\u0027s Treasure","ReplayTheSpireMod:CursedCoin","hubris:HerbalPaste","Charon\u0027s Ashes","hubris:ToyBattleship","infinitespire:PuzzleCube","Snack Pack","Brimstone","Bottled Tornado","BargainBundle","Blue Candle","hubris:AstralHammer","Sundial","hubris:BlackHole","infinitespire:Bottled Soul","Centennial Puzzle","Toy Ornithopter","ReplayTheSpireMod:Shallot","StoneCalendar","Mark of Pain","Pear","hubris:DeckOfHolding","Replay:Accelerometer","Vajra","Chameleon Ring","Elementarium:ElementariumTrophy","aspiration:SilentSkillbook","PreservedInsect","Question Card","Chemical X","OrangePellets","aspiration:SeaSaltIceCream","MawBank","hubris:ChampionShield"],"acts_visited":["Exordium","TheCity","TheBeyond","TheBeyond","Menagerie:Menagerie","TheBeyond"],"potions_floor_usage":[19,24,30,35,50,76],"damage_taken":[{"damage":0,"enemies":"2 Louse","floor":1,"turns":3},{"damage":0,"enemies":"Small Slimes","floor":4,"turns":4},{"damage":13,"enemies":"Replay:BlueRogue","floor":6,"turns":5},{"damage":16,"enemies":"3 Sentries","floor":8,"turns":7},{"damage":0,"enemies":"Cultist","floor":10,"turns":2},{"damage":8,"enemies":"Looter","floor":11,"turns":4},{"damage":17,"enemies":"Gremlin Nob","floor":12,"turns":3},{"damage":8,"enemies":"Replay:BlueRogue","floor":14,"turns":5},{"damage":47,"enemies":"The Guardian","floor":16,"turns":9},{"damage":3,"enemies":"2 Thieves","floor":18,"turns":4},{"damage":3,"enemies":"Chosen","floor":19,"turns":11},{"damage":20,"enemies":"3 Cultists","floor":22,"turns":7},{"damage":10,"enemies":"Nightmare","floor":24,"turns":10},{"damage":15,"enemies":"Centurion and Healer","floor":27,"turns":3},{"damage":1,"enemies":"Cultist and Chosen","floor":29,"turns":3},{"damage":9,"enemies":"Replay:Snechameleon","floor":30,"turns":2},{"damage":0,"enemies":"Book of Stabbing","floor":31,"turns":3},{"damage":25,"enemies":"Champ","floor":33,"turns":8},{"damage":19,"enemies":"3 Darklings","floor":35,"turns":3},{"damage":0,"enemies":"3 Shapes","floor":38,"turns":2},{"damage":0,"enemies":"Sphere and 2 Shapes","floor":39,"turns":2},{"damage":1,"enemies":"R_Hoarder","floor":41,"turns":4},{"damage":44,"enemies":"Nightmare","floor":44,"turns":6},{"damage":0,"enemies":"3 Darklings","floor":45,"turns":2},{"damage":19,"enemies":"R_Hoarder","floor":47,"turns":6},{"damage":3,"enemies":"Mind Bloom Boss Battle","floor":48,"turns":2},{"damage":55,"enemies":"Awakened One","floor":50,"turns":5},{"damage":0,"enemies":"Menagerie:WhisperingWraith","floor":52,"turns":1},{"damage":3,"enemies":"Menagerie:MonstrousExperiment","floor":53,"turns":1},{"damage":8,"enemies":"Menagerie:MaskedSummoner","floor":55,"turns":2},{"damage":1,"enemies":"Menagerie:VoidReaper","floor":57,"turns":1},{"damage":0,"enemies":"Menagerie:2_RABBITS","floor":59,"turns":1},{"damage":0,"enemies":"Menagerie:STYGIAN_BOAR_AND_WHISPERING_WRAITH","floor":61,"turns":1},{"damage":0,"enemies":"Menagerie:MaskedSummoner","floor":62,"turns":1},{"damage":0,"enemies":"Menagerie:3_RABBITS","floor":65,"turns":1},{"damage":1,"enemies":"Menagerie:Chimera","floor":67,"turns":1},{"damage":1,"enemies":"Elementarium:2_ELEMENTALS","floor":69,"turns":1},{"damage":1,"enemies":"Elementarium:MUD_AND_TAR_GOLEMS","floor":70,"turns":1},{"damage":10,"enemies":"Elementarium:CYCLONE_AND_LIVING_STORMCLOUD","floor":72,"turns":2},{"damage":0,"enemies":"Elementarium:3_ELEMENTALS","floor":73,"turns":2},{"damage":12,"enemies":"Nightmare","floor":74,"turns":3},{"damage":24,"enemies":"Elementarium:Hydrostalker","floor":75,"turns":2},{"damage":2,"enemies":"Elementarium:FIRE_NOBILITY","floor":76,"turns":2},{"damage":0,"enemies":"Elementarium:WarGolem","floor":78,"turns":1},{"damage":9,"enemies":"Elementarium:VoidBeast","floor":79,"turns":1},{"damage":1,"enemies":"Elementarium:CYCLONE_AND_ORB_OF_FIRE","floor":82,"turns":1},{"damage":0,"enemies":"Elementarium:GolemEmperor","floor":84,"turns":1},{"damage":0,"enemies":"3 Darklings","floor":86,"turns":1},{"damage":0,"enemies":"Orb Walker","floor":87,"turns":1}],"seed_played":"-3284869834975542340","potions_obtained":[{"floor":6,"key":"LiquidBronze"},{"floor":8,"key":"SpeedPotion"},{"floor":10,"key":"LiquidBronze"},{"floor":12,"key":"Languid Potion"},{"floor":16,"key":"SpeedPotion"},{"floor":22,"key":"AttackPotion"},{"floor":29,"key":"SteroidPotion"},{"floor":33,"key":"LiquidBronze"},{"floor":35,"key":"Strength Potion"},{"floor":38,"key":"ElixirPotion"},{"floor":50,"key":"Fire Potion"},{"floor":75,"key":"BloodPotion"},{"floor":79,"key":"Toxic Potion"}],"is_trial":true,"path_per_floor":["M","?","$","M","?","E","R","E","T","M","M","E","$","E","R","B",null,"M","M","?","?","M","R","NM","$","T","M","R","M","E","E","R","B",null,"M","$","?","M","M","R","E","R","T","NM","M","$","E","?","R","B",null,"M","M","?","E","T","E","R","M","T","M","E","R","?","M","R","B",null,"M","M","?","M","M","NM","M","E","T","E","M","R","T","M","R","B",null,"M","M","$"],"character_chosen":"IRONCLAD","items_purchased":["Armaments+1","Feel No Pain","infinitespire:BottledMercury","Headbutt+1","Quantum Egg","Replay:Baseball","Sling","ReplayTheSpireMod:CursedCoin","hubris:HerbalPaste","Demon Form","ReplayTheSpireMod:Strike From Hell+1","Snack Pack","Brimstone","Bottled Tornado","BargainBundle","Dual Wield","Armaments","Evolve","Bandage Up","PreservedInsect","Question Card","Chemical X","OrangePellets","aspiration:SeaSaltIceCream","hubris:Sniper","hubris:ChampionShield"],"campfire_rested":8,"item_purchase_floors":[3,13,13,13,25,25,25,36,36,36,36,46,46,46,46,46,46,46,46,88,88,88,88,88,88,88],"current_hp_per_floor":[80,69,69,75,75,68,80,70,70,76,74,63,63,61,61,20,80,88,92,92,76,66,66,92,92,92,83,83,92,93,105,108,89,108,95,95,95,108,108,108,108,108,108,71,84,84,89,105,105,70,108,112,112,112,112,112,112,112,112,112,112,112,112,112,112,112,116,116,116,116,116,120,120,129,118,134,134,134,133,134,134,134,134,134,134,134,134,134,134],"gold":964,"neow_bonus":"","is_daily":false,"chose_seed":false,"campfire_upgraded":0,"win_rate":0.0,"timestamp":1609391042,"path_taken":["M","?","$","M","?","E","R","?","T","M","?","E","?","E","R","BOSS","M","M","?","?","M","R","NM","$","T","?","R","M","E","?","R","BOSS","M","$","?","M","M","R","E","R","T","NM","M","$","E","?","R","BOSS","M","M","?","?","?","E","R","?","T","M","?","R","?","M","R","BOSS","M","M","?","?","M","NM","M","E","T","E","M","R","?","M","R","BOSS","M","M","$"],"items_purchased_type":["Card","Card","Relic","Card","Relic","Relic","Relic","Relic","Relic","Card","Card","Relic","Relic","Relic","Relic","Card","Card","Card","Card","Relic","Relic","Relic","Relic","Relic","Card","Relic"],"build_version":"2020-12-22","purchased_purges":3,"victory":false,"max_hp_per_floor":[80,80,80,80,80,80,80,80,80,80,80,80,80,80,80,80,80,88,92,92,92,96,96,96,96,96,96,96,100,104,108,108,108,108,108,108,108,108,108,108,108,108,108,108,108,108,108,108,108,108,108,112,112,112,112,112,112,112,112,112,112,112,112,112,112,112,116,116,116,116,116,120,120,130,130,134,134,134,134,134,134,134,134,134,134,134,134,134,134],"card_choices":[{"not_picked":["Iron Wave","Twin Strike"],"picked":"Inflame","floor":1},{"not_picked":["hubris:ReadiedAction","Bloodletting"],"picked":"Pommel Strike","floor":4},{"not_picked":["Warcry","Cleave"],"picked":"Sword Boomerang","floor":6},{"not_picked":["Limit Break","Heavy Blade"],"picked":"Burning Pact","floor":8},{"not_picked":["Sentinel","Intimidate"],"picked":"Bloodletting","floor":10},{"not_picked":["Cleave","Thunderclap"],"picked":"Havoc","floor":11},{"not_picked":["Entrench","Shockwave"],"picked":"True Grit","floor":12},{"not_picked":["True Grit","hubris:ReadiedAction"],"picked":"Dual Wield","floor":14},{"not_picked":["Corruption","Bludgeon"],"picked":"Feed","floor":16},{"not_picked":["Bloodletting","Body Slam","Clothesline"],"picked":"SKIP","floor":18},{"not_picked":["Twin Strike","Feel No Pain+1","Perfected Strike"],"picked":"SKIP","floor":19},{"not_picked":["Ghostly Armor+1","Flex"],"picked":"Run Through+1","floor":22},{"not_picked":["Heavy Blade","Pommel Strike+1"],"picked":"Battle Trance+1","floor":24},{"not_picked":["ReplayTheSpireMod:Black Plague","infinitespire:NeuralNetwork"],"picked":"infinitespire:DeathsTouch","floor":24},{"not_picked":["Iron Wave+1","Sword Boomerang+1","Defy Death"],"picked":"SKIP","floor":27},{"not_picked":["Thunderclap+1","Armaments","True Grit"],"picked":"SKIP","floor":29},{"not_picked":["Sword Boomerang+1","ReplayReversal"],"picked":"Cleave+1","floor":30},{"not_picked":["Twin Strike+1","Flex"],"picked":"Pommel Strike+1","floor":31},{"not_picked":["Offering","Replay:Many Hands"],"picked":"Fiend Fire+1","floor":33},{"not_picked":["Reckless Charge+1","Bloodletting"],"picked":"Heavy Blade+1","floor":35},{"not_picked":["Armaments+1","True Grit","Havoc"],"picked":"SKIP","floor":38},{"not_picked":["ReplayTheSpireMod:Limb From Limb+1","Combust"],"picked":"Flame Barrier+1","floor":39},{"not_picked":["Flex","Ghostly Armor"],"picked":"Limit Break","floor":41},{"not_picked":["ReplayTheSpireMod:LeadingStrike+1","Havoc"],"picked":"Exhume","floor":44},{"not_picked":["Run Through+1","Clothesline+1"],"picked":"hubris:ReadiedAction+1","floor":45},{"not_picked":["ReplayTheSpireMod:Corrosion Curse+1","Hemokinesis+1"],"picked":"Pommel Strike+1","floor":47},{"not_picked":["Defy Death+1","Body Slam+1"],"picked":"Pommel Strike+1","floor":48},{"not_picked":["Brutality","Double Tap"],"picked":"Limit Break","floor":50},{"not_picked":["Clash+1","ReplayTheSpireMod:Limb From Limb+1"],"picked":"Inflame","floor":52},{"not_picked":["Clothesline+1","Shrug It Off","Burning Pact"],"picked":"SKIP","floor":53},{"not_picked":["Defy Death","Havoc"],"picked":"ReplayTheSpireMod:Strike From Hell+1","floor":55},{"not_picked":["Flame Barrier","Warcry"],"picked":"Heavy Blade+1","floor":57},{"not_picked":["Pommel Strike+1","Perfected Strike+1"],"picked":"Carnage+1","floor":59},{"not_picked":["Clothesline+1","Massacre+1"],"picked":"infinitespire:OneForAll+1","floor":61},{"not_picked":["Massacre+1","Infernal Blade"],"picked":"Anger+1","floor":62},{"not_picked":["ReplayReversal","Twin Strike+1","Replay:Undeath\u0027s Touch+1"],"picked":"SKIP","floor":65},{"not_picked":["Eclipse","Reaper+1"],"picked":"Exhume","floor":67},{"not_picked":["infinitespire:OneForAll+1","Clash+1"],"picked":"Heavy Blade+1","floor":69},{"not_picked":["Thunderclap+1","Iron Wave+1"],"picked":"Pommel Strike+1","floor":70},{"not_picked":["Clash+1","Thunderclap+1"],"picked":"Spot Weakness","floor":72},{"not_picked":["Warcry","Headbutt+1"],"picked":"Brutality","floor":73},{"not_picked":["ReplayTheSpireMod:LeadingStrike+1","Headbutt+1"],"picked":"Heavy Blade+1","floor":74},{"not_picked":["Life Link","Ghostly Armor+1"],"picked":"Shrug It Off+1","floor":75},{"not_picked":["hubris:CleavingFinish+1","ReplayTheSpireMod:Muscle Training","ReplayReversal"],"picked":"SKIP","floor":76},{"not_picked":["infinitespire:Collect","infinitespire:Fortify"],"picked":"hubris:Rewind","floor":78},{"not_picked":["Headbutt+1","Abandon"],"picked":"Massacre+1","floor":78},{"not_picked":["Headbutt+1","Perfected Strike+1","Immolate+1"],"picked":"SKIP","floor":79},{"not_picked":["Dropkick+1","True Grit+1"],"picked":"Inflame+1","floor":82},{"not_picked":["Juggernaut","Replay:Many Hands"],"picked":"Exhume","floor":84},{"not_picked":["Thunderclap+1","Masterful Stab+1","Armaments"],"picked":"Acrobatics+1","floor":86},{"not_picked":["Cleave+1","Shockwave+1","Acrobatics+1","Deadly Poison+1"],"picked":"SKIP","floor":87}],"player_experience":94307,"relics_obtained":[{"floor":6,"key":"Akabeko"},{"floor":8,"key":"Girya"},{"floor":9,"key":"Bottled Flame"},{"floor":12,"key":"Boot"},{"floor":14,"key":"ReplayTheSpireMod:TigerMarble"},{"floor":21,"key":"Nilry\u0027s Codex"},{"floor":24,"key":"Nunchaku"},{"floor":26,"key":"Molten Egg 2"},{"floor":30,"key":"Blood Vial"},{"floor":31,"key":"aspiration:ChemicalBlood"},{"floor":41,"key":"Charon\u0027s Ashes"},{"floor":43,"key":"hubris:ToyBattleship"},{"floor":44,"key":"infinitespire:PuzzleCube"},{"floor":47,"key":"Blue Candle"},{"floor":48,"key":"hubris:AstralHammer"},{"floor":49,"key":"Sundial"},{"floor":55,"key":"infinitespire:Bottled Soul"},{"floor":56,"key":"Centennial Puzzle"},{"floor":57,"key":"Toy Ornithopter"},{"floor":60,"key":"ReplayTheSpireMod:Shallot"},{"floor":62,"key":"StoneCalendar"},{"floor":74,"key":"Pear"},{"floor":76,"key":"hubris:DeckOfHolding"},{"floor":77,"key":"Replay:Accelerometer"},{"floor":78,"key":"Vajra"},{"floor":81,"key":"Chameleon Ring"}],"event_choices":[{"damage_healed":0,"gold_gain":75,"player_choice":"Gather Gold","damage_taken":11,"max_hp_gain":0,"max_hp_loss":0,"event_name":"World of Goop","floor":2,"gold_loss":0},{"cards_removed":["Defend_R"],"damage_healed":0,"gold_gain":0,"player_choice":"Offered Basic","damage_taken":0,"max_hp_gain":0,"max_hp_loss":0,"event_name":"Bonfire Elementals","floor":5,"gold_loss":0},{"damage_healed":0,"gold_gain":0,"player_choice":"Simplicity","damage_taken":0,"max_hp_gain":0,"max_hp_loss":0,"event_name":"Back to Basics","floor":20,"gold_loss":0,"cards_upgraded":["Strike_R","Strike_R","Strike_R","Defend_R","Defend_R","Defend_R"]},{"damage_healed":0,"gold_gain":0,"player_choice":"Obtained Book","damage_taken":16,"max_hp_gain":0,"max_hp_loss":0,"event_name":"Cursed Tome","floor":21,"gold_loss":0},{"cards_removed":["Defend_R"],"damage_healed":0,"gold_gain":0,"player_choice":"Removed Skill","damage_taken":0,"max_hp_gain":0,"max_hp_loss":0,"event_name":"Falling","floor":37,"gold_loss":0},{"damage_healed":0,"gold_gain":0,"player_choice":"Fight","damage_taken":0,"max_hp_gain":0,"max_hp_loss":0,"event_name":"MindBloom","floor":48,"gold_loss":0},{"damage_healed":0,"gold_gain":0,"player_choice":"3","damage_taken":0,"max_hp_gain":0,"max_hp_loss":0,"event_name":"betterMatch:BetterMatch","floor":54,"gold_loss":0,"cards_obtained":[]},{"damage_healed":0,"gold_gain":0,"player_choice":"Ignored","damage_taken":0,"max_hp_gain":0,"max_hp_loss":0,"event_name":"Menagerie:CorruptingLight","floor":64,"gold_loss":0},{"damage_healed":0,"gold_gain":0,"player_choice":"3","damage_taken":0,"max_hp_gain":0,"max_hp_loss":0,"event_name":"betterMatch:BetterMatch","floor":71,"gold_loss":0,"cards_obtained":[]}],"is_beta":false,"boss_relics":[{"not_picked":["Empty Cage","Busted Crown"],"picked":"Replay:Bronze Core"},{"not_picked":["Velvet Choker","ChewingGum"],"picked":"Abe\u0027s Treasure"},{"not_picked":["Coffee Dripper","hubris:ScarierMask"],"picked":"hubris:BlackHole"},{"not_picked":["hubris:HollowSoul","hubris:Stopwatch"],"picked":"Mark of Pain"},{"not_picked":["Electric Blood","Replay:Wanted Poster"],"picked":"aspiration:SilentSkillbook"}],"items_purged_floors":[3,13,36],"is_endless":true,"potions_floor_spawned":[6,8,10,12,16,22,29,33,35,38,41,48,50,52,53,65,67,72,73,75,79,84,87],"ascension_level":0}}