{"host":"otq8dfq4j7e4v22n","time":1609449475,"event":{"mods":["BaseMod","Better Third Choice","BetterRewards","Minty Spire (QoL Compilation)","Permanent Neow","Relic Stats","StSLib"],"gold_per_floor":[10,20,35,46,101,134,134,169,196,214,244,244,269,284,284,383,383,397,411,423,27,27,27,27,27],"floor_reached":24,"playtime":2237,"items_purged":[],"score":239,"play_id":"a4dc2a39-9621-468e-b8d8-88328d5d00aa","local_time":"20201231131755","is_ascension_mode":true,"campfire_choices":[{"floor":7,"key":"REST"},{"floor":12,"key":"REST"},{"data":"Eruption","floor":15,"key":"SMITH"},{"data":"Study","floor":23,"key":"SMITH"}],"circlet_count":0,"master_deck":["Strike_P","Strike_P","Strike_P","Strike_P","Defend_P","Defend_P","Defend_P","Defend_P","Eruption+1","Vigilance","ClearTheMind","MentalFortress","ClearTheMind","Crescendo","Study+1","BattleHymn","Indignation","Devotion","Crescendo","Establishment","WindmillStrike"],"relics":["HolyWater","FossilizedHelix","Bag of Marbles","Pen Nib","Singing Bowl","Anchor","Bag of Preparation","Ice Cream","Membership Card","Ginger"],"acts_visited":["Exordium","TheCity"],"potions_floor_usage":[6,11,13,13,20,20,24],"damage_taken":[{"damage":0,"enemies":"Cultist","floor":1,"turns":4},{"damage":0,"enemies":"Jaw Worm","floor":2,"turns":4},{"damage":2,"enemies":"Small Slimes","floor":3,"turns":4},{"damage":9,"enemies":"2 Fungi Beasts","floor":4,"turns":4},{"damage":21,"enemies":"Gremlin Nob","floor":6,"turns":5},{"damage":4,"enemies":"Lagavulin","floor":8,"turns":11},{"damage":0,"enemies":"Exordium Wildlife","floor":10,"turns":4},{"damage":54,"enemies":"Gremlin Nob","floor":11,"turns":6},{"damage":6,"enemies":"3 Sentries","floor":13,"turns":5},{"damage":0,"enemies":"Large Slime","floor":14,"turns":4},{"damage":7,"enemies":"Hexaghost","floor":16,"turns":8},{"damage":0,"enemies":"Shell Parasite","floor":18,"turns":4},{"damage":0,"enemies":"Spheric Guardian","floor":19,"turns":3},{"damage":54,"enemies":"Chosen and Byrds","floor":20,"turns":6},{"damage":51,"enemies":"Book of Stabbing","floor":24,"turns":3}],"seed_played":"-4213645559556877506","potions_obtained":[{"floor":3,"key":"CultistPotion"},{"floor":4,"key":"Fruit Juice"},{"floor":6,"key":"SpeedPotion"},{"floor":11,"key":"EssenceOfSteel"},{"floor":14,"key":"SneckoOil"},{"floor":18,"key":"ColorlessPotion"},{"floor":20,"key":"Block Potion"}],"is_trial":false,"path_per_floor":["M","M","M","M","T","E","R","E","T","M","E","R","E","M","R","B",null,"M","M","M","$","?","R","E"],"character_chosen":"WATCHER","items_purchased":["Membership Card","Establishment","WindmillStrike","Ginger"],"campfire_rested":2,"item_purchase_floors":[21,21,21,21],"current_hp_per_floor":[72,72,70,61,61,45,68,64,64,66,12,35,31,31,31,24,81,83,83,31,31,31,31,0,0],"gold":27,"neow_bonus":"ONE_RARE_RELIC","is_daily":false,"chose_seed":false,"campfire_upgraded":2,"win_rate":0.0,"timestamp":1609449475,"path_taken":["M","M","M","?","?","E","R","E","T","M","E","R","E","M","R","BOSS","M","M","M","$","?","R","E"],"items_purchased_type":["Relic","Card","Card","Relic"],"build_version":"2020-12-22","purchased_purges":0,"victory":false,"max_hp_per_floor":[72,72,72,72,72,77,77,77,77,79,79,79,81,81,81,81,81,83,83,85,85,85,85,85,85],"relic_stats":{"Singing Bowl":8,"counters":[15,75],"Pen Nib":[8],"Bag of Preparation":[14],"Ginger":[0],"obtain_stats":[{"Ice Cream":13,"Anchor":9,"Singing Bowl":8,"HolyWater":17,"Pen Nib":6,"Bag of Marbles":5,"Bag of Preparation":11,"Membership Card":21,"Ginger":21,"PureWater":0,"FossilizedHelix":0},{"Ice Cream":9,"Anchor":6,"Singing Bowl":6,"HolyWater":11,"Pen Nib":5,"Bag of Marbles":4,"Bag of Preparation":8,"Membership Card":14,"Ginger":14,"PureWater":0,"FossilizedHelix":0},{"Ice Cream":47,"Anchor":32,"Singing Bowl":32,"HolyWater":59,"Pen Nib":21,"Bag of Marbles":16,"Bag of Preparation":42,"Membership Card":72,"Ginger":72,"PureWater":0,"FossilizedHelix":0}]},"card_choices":[{"not_picked":["BowlingBash","Protect"],"picked":"ClearTheMind","floor":1},{"not_picked":["WindmillStrike","JustLucky"],"picked":"MentalFortress","floor":2},{"not_picked":["Swivel","Worship"],"picked":"ClearTheMind","floor":3},{"not_picked":["Sanctity","Adaptation"],"picked":"Crescendo","floor":4},{"not_picked":["BowlingBash","Nirvana","Worship"],"picked":"SKIP","floor":6},{"not_picked":["EmptyBody","Crescendo"],"picked":"Study","floor":8},{"not_picked":["Consecrate","Perseverance","Pray"],"picked":"Singing Bowl","floor":10},{"not_picked":["ConjureBlade","CutThroughFate"],"picked":"BattleHymn","floor":11},{"not_picked":["ThirdEye","Collect","Consecrate"],"picked":"Singing Bowl","floor":13},{"not_picked":["WindmillStrike","FollowUp"],"picked":"Indignation","floor":14},{"not_picked":["Alpha","Vault"],"picked":"Devotion","floor":16},{"not_picked":["Collect","ClearTheMind+1","Adaptation"],"picked":"Singing Bowl","floor":18},{"not_picked":["Fasting2","Collect"],"picked":"Crescendo","floor":19},{"not_picked":["Prostrate+1","CrushJoints","LikeWater"],"picked":"Singing Bowl","floor":20}],"player_experience":41838,"relics_obtained":[{"floor":5,"key":"Bag of Marbles"},{"floor":6,"key":"Pen Nib"},{"floor":8,"key":"Singing Bowl"},{"floor":9,"key":"Anchor"},{"floor":11,"key":"Bag of Preparation"},{"floor":13,"key":"Ice Cream"}],"event_choices":[],"is_beta":false,"boss_relics":[{"not_picked":["Ectoplasm","Snecko Eye"],"picked":"HolyWater"}],"items_purged_floors":[],"is_endless":false,"potions_floor_spawned":[3,4,6,11,14,18,20],"killed_by":"Book of Stabbing","ascension_level":1}}