{"host":"3qkmyeoym75lj4wn","time":1609424270,"event":{"mods":["2.2 Compatiblity","BaseMod","Block Reminder","Colored Powertips","Highlight Path","Minty Spire (QoL Compilation)","Permanent Neow","Potion Indicator Mod","Rare Cards Sparkle","Relic Stats","StSLib"],"gold_per_floor":[112,112,128,53,63,63,89,109,136,163,163,192,192,204,204,277,277,287,304,385,401,401,401,419,419,419],"floor_reached":25,"playtime":1201,"items_purged":["Strike_R"],"score":446,"play_id":"01140ea6-676b-4961-8d35-4260f94d59d1","local_time":"20201231141750","is_ascension_mode":true,"campfire_choices":[{"data":"Juggernaut","floor":6,"key":"SMITH"},{"floor":11,"key":"REST"},{"data":"Disarm","floor":15,"key":"SMITH"},{"data":"Juggernaut","floor":23,"key":"SMITH"}],"circlet_count":0,"master_deck":["AscendersBane","Strike_R+1","Strike_R+1","Strike_R","Strike_R","Defend_R","Defend_R","Defend_R","Defend_R","Bash","Juggernaut+1","Armaments","Flame Barrier","Metallicize","Disarm+1","Exhume","Juggernaut+1","Seeing Red"],"relics":["Burning Blood","Nunchaku","Art of War","Red Skull","Whetstone","Sozu","Question Card"],"acts_visited":["Exordium","TheCity"],"potions_floor_usage":[7,16,18],"damage_taken":[{"damage":1,"enemies":"Cultist","floor":1,"turns":4},{"damage":1,"enemies":"Small Slimes","floor":3,"turns":4},{"damage":9,"enemies":"2 Louse","floor":5,"turns":4},{"damage":22,"enemies":"Lagavulin","floor":7,"turns":10},{"damage":25,"enemies":"Gremlin Gang","floor":8,"turns":4},{"damage":31,"enemies":"3 Sentries","floor":10,"turns":7},{"damage":7,"enemies":"Lagavulin","floor":12,"turns":6},{"damage":16,"enemies":"Large Slime","floor":14,"turns":5},{"damage":36,"enemies":"Hexaghost","floor":16,"turns":10},{"damage":0,"enemies":"3 Byrds","floor":18,"turns":3},{"damage":26,"enemies":"Shell Parasite","floor":19,"turns":5},{"damage":22,"enemies":"3 Cultists","floor":21,"turns":5},{"damage":7,"enemies":"Snecko","floor":24,"turns":5},{"damage":44,"enemies":"Slavers","floor":25,"turns":4}],"seed_played":"-5240121142954329038","potions_obtained":[{"floor":1,"key":"LiquidBronze"},{"floor":2,"key":"Swift Potion"},{"floor":10,"key":"SteroidPotion"},{"floor":12,"key":"DuplicationPotion"},{"floor":16,"key":"CultistPotion"}],"is_trial":false,"path_per_floor":["M","?","M","$","M","R","E","M","T","E","R","E","?","M","R","B",null,"M","M","T","M","?","R","M","E"],"character_chosen":"IRONCLAD","items_purchased":[],"campfire_rested":1,"item_purchase_floors":[],"current_hp_per_floor":[73,73,75,75,72,72,56,37,37,12,34,33,85,75,75,45,75,81,61,61,45,45,45,44,0,0],"gold":419,"neow_bonus":"ONE_RANDOM_RARE_CARD","is_daily":false,"chose_seed":false,"campfire_upgraded":3,"win_rate":0.0,"timestamp":1609424270,"path_taken":["M","?","M","$","?","R","E","?","T","E","R","E","?","?","R","BOSS","M","?","?","M","?","R","M","E"],"items_purchased_type":[],"build_version":"2020-12-22","purchased_purges":1,"victory":false,"max_hp_per_floor":[75,75,75,75,75,75,75,75,75,75,75,75,85,85,85,85,85,85,85,85,85,85,85,85,85,85],"relic_stats":{"Sozu":1,"Nunchaku":[4],"counters":[14,76],"Art of War":[19],"Whetstone":["Strike_R","Strike_R"],"Question Card":2,"obtain_stats":[{"Sozu":17,"Nunchaku":7,"Art of War":9,"Whetstone":12,"Question Card":20,"Burning Blood":0,"Red Skull":10},{"Sozu":9,"Nunchaku":4,"Art of War":5,"Whetstone":7,"Question Card":11,"Burning Blood":0,"Red Skull":6},{"Sozu":54,"Nunchaku":22,"Art of War":26,"Whetstone":39,"Question Card":62,"Burning Blood":0,"Red Skull":33}],"Burning Blood":75},"card_choices":[{"not_picked":["Clothesline","Ghostly Armor"],"picked":"Armaments","floor":1},{"not_picked":["Cleave","Body Slam","Perfected Strike"],"picked":"SKIP","floor":3},{"not_picked":["Dual Wield","Iron Wave"],"picked":"Flame Barrier","floor":5},{"not_picked":["Warcry","Rupture"],"picked":"Corruption","floor":7},{"not_picked":["Armaments","True Grit"],"picked":"Metallicize","floor":8},{"not_picked":["Second Wind","Exhume"],"picked":"Disarm","floor":10},{"not_picked":["Clothesline","Anger"],"picked":"Exhume","floor":12},{"not_picked":["Body Slam","Warcry","Cleave"],"picked":"SKIP","floor":14},{"not_picked":["Exhume","Demon Form"],"picked":"Juggernaut","floor":16},{"not_picked":["True Grit","Flex+1","Armaments"],"picked":"SKIP","floor":18},{"not_picked":["Warcry","Cleave","Combust"],"picked":"SKIP","floor":19},{"not_picked":["True Grit","Havoc+1","Clash","Warcry+1"],"picked":"SKIP","floor":21},{"not_picked":["Pummel","Entrench","Inflame"],"picked":"Seeing Red","floor":24}],"player_experience":1625909,"relics_obtained":[{"floor":7,"key":"Nunchaku"},{"floor":9,"key":"Art of War"},{"floor":10,"key":"Red Skull"},{"floor":12,"key":"Whetstone"},{"floor":20,"key":"Question Card"}],"event_choices":[{"damage_healed":0,"gold_gain":0,"player_choice":"Got Potions","damage_taken":0,"max_hp_gain":0,"max_hp_loss":0,"event_name":"Lab","floor":2,"gold_loss":0},{"cards_removed":["Corruption"],"damage_healed":42,"gold_gain":0,"player_choice":"Offered Rare","damage_taken":0,"max_hp_gain":10,"max_hp_loss":0,"event_name":"Bonfire Elementals","floor":13,"gold_loss":0},{"damage_healed":0,"gold_gain":0,"player_choice":"Ignored","damage_taken":0,"max_hp_gain":0,"max_hp_loss":0,"event_name":"Cursed Tome","floor":22,"gold_loss":0}],"is_beta":false,"boss_relics":[{"not_picked":["Snecko Eye","Runic Dome"],"picked":"Sozu"}],"items_purged_floors":[4],"is_endless":false,"potions_floor_spawned":[1,3,10,12,16,21],"killed_by":"Slavers","ascension_level":20}}