{"host":"SteinPartDos","time":1609443104,"event":{"mods":["BaseMod","Colored Map","Minty Spire (QoL Compilation)","StSLib"],"gold_per_floor":[115,65,75,3,3,3,32,32,32,62,62,80,140,160,160,262,262,282,294,304,304,64,91,111,130,154,187,198,213,213,231,231,335,335,352,352,367,367,387,387,419,419,419,429,458,458,31,45,45,45],"floor_reached":51,"playtime":3339,"items_purged":["Strike_G","Strike_G"],"score":784,"play_id":"e8acad38-265f-4079-a45c-76cbbae54af3","local_time":"20201231143144","is_ascension_mode":false,"campfire_choices":[{"data":"Footwork","floor":8,"key":"SMITH"},{"data":"Doppelganger","floor":11,"key":"SMITH"},{"data":"Poisoned Stab","floor":15,"key":"SMITH"},{"floor":32,"key":"REST"},{"data":"Burst","floor":40,"key":"SMITH"},{"data":"Well Laid Plans","floor":46,"key":"SMITH"},{"data":"Burst","floor":49,"key":"SMITH"}],"circlet_count":0,"master_deck":["Strike_G","Strike_G","Defend_G","Defend_G","Defend_G","Defend_G","Defend_G","Survivor+1","Neutralize","Poisoned Stab+1","Backflip+1","Infinite Blades","Footwork+1","Doppelganger+1","Flying Knee","Leg Sweep","Backstab","Burst+1","Backflip+1","Prepared+1","Deadly Poison","Well Laid Plans+1","Escape Plan","Outmaneuver","Phantasmal Killer","Noxious Fumes+1","Deadly Poison+1","Acrobatics","Blur+1","PiercingWail","Burst+1","Footwork+1","Trip","Blind","PiercingWail","Distraction","Dodge and Roll","Outmaneuver+1","Footwork+1","Deflect+1","Prepared+1","Secret Technique+1","Deadly Poison+1"],"relics":["Ring of the Snake","NeowsBlessing","Ice Cream","Regal Pillow","Blood Vial","Shuriken","SlaversCollar","MutagenicStrength","Lantern","Anchor","Vajra","Sozu","Frozen Egg 2","Toxic Egg 2","Strawberry"],"acts_visited":["Exordium","TheCity","TheBeyond"],"potions_floor_usage":[13,18,23,27,31,50,50,50],"damage_taken":[{"damage":0,"enemies":"2 Louse","floor":1,"turns":1},{"damage":0,"enemies":"Jaw Worm","floor":3,"turns":1},{"damage":0,"enemies":"Gremlin Nob","floor":7,"turns":1},{"damage":2,"enemies":"Lagavulin","floor":10,"turns":8},{"damage":0,"enemies":"Cultist","floor":12,"turns":4},{"damage":3,"enemies":"Lagavulin Event","floor":13,"turns":9},{"damage":0,"enemies":"3 Louse","floor":14,"turns":4},{"damage":7,"enemies":"Hexaghost","floor":16,"turns":10},{"damage":3,"enemies":"Chosen","floor":18,"turns":7},{"damage":0,"enemies":"3 Byrds","floor":19,"turns":8},{"damage":3,"enemies":"3 Cultists","floor":20,"turns":7},{"damage":10,"enemies":"Slavers","floor":23,"turns":7},{"damage":6,"enemies":"Shelled Parasite and Fungi","floor":24,"turns":5},{"damage":4,"enemies":"Sentry and Sphere","floor":25,"turns":8},{"damage":12,"enemies":"Book of Stabbing","floor":27,"turns":6},{"damage":3,"enemies":"Snake Plant","floor":28,"turns":5},{"damage":0,"enemies":"Shelled Parasite and Fungi","floor":29,"turns":6},{"damage":14,"enemies":"Snecko","floor":31,"turns":6},{"damage":1,"enemies":"Automaton","floor":33,"turns":9},{"damage":2,"enemies":"3 Darklings","floor":35,"turns":6},{"damage":0,"enemies":"3 Shapes","floor":37,"turns":6},{"damage":1,"enemies":"Sphere and 2 Shapes","floor":39,"turns":6},{"damage":3,"enemies":"Giant Head","floor":41,"turns":9},{"damage":4,"enemies":"Writhing Mass","floor":44,"turns":7},{"damage":4,"enemies":"Nemesis","floor":45,"turns":9},{"damage":12,"enemies":"3 Darklings","floor":48,"turns":9},{"damage":12,"enemies":"Donu and Deca","floor":50,"turns":11}],"seed_played":"-9214476796187759747","potions_obtained":[{"floor":3,"key":"SkillPotion"},{"floor":12,"key":"LiquidMemories"},{"floor":13,"key":"SteroidPotion"},{"floor":16,"key":"Ancient Potion"},{"floor":19,"key":"Block Potion"},{"floor":24,"key":"GamblersBrew"},{"floor":28,"key":"SpeedPotion"},{"floor":31,"key":"Regen Potion"}],"is_trial":false,"path_per_floor":["M","?","M","$","?","$","E","R","T","E","R","M","?","M","R","B",null,"M","M","M","?","$","E","M","M","T","E","M","M","?","M","R","B",null,"M","?","M","?","M","R","E","?","T","M","E","R","$","M","R","B",null],"character_chosen":"THE_SILENT","items_purchased":["Infinite Blades","Well Laid Plans","Escape Plan","Outmaneuver","Footwork+1","Deflect+1","Prepared+1","Secret Technique+1"],"campfire_rested":1,"item_purchase_floors":[4,22,22,22,47,47,47,47],"current_hp_per_floor":[70,70,70,70,56,56,56,56,56,54,54,56,55,57,57,52,70,67,69,67,67,67,59,55,53,53,43,42,44,31,19,56,57,75,73,63,65,65,66,66,65,58,58,56,61,61,61,51,51,56],"gold":45,"neow_bonus":"THREE_ENEMY_KILL","is_daily":false,"chose_seed":false,"campfire_upgraded":6,"win_rate":0.0,"timestamp":1609443104,"path_taken":["M","?","M","$","?","?","E","R","T","E","R","M","?","M","R","BOSS","M","M","M","?","$","E","M","M","T","E","M","M","?","M","R","BOSS","M","?","M","?","M","R","E","?","T","?","E","R","$","M","R","BOSS"],"items_purchased_type":["Card","Card","Card","Card","Card","Card","Card","Card"],"build_version":"2020-12-18","purchased_purges":2,"victory":true,"max_hp_per_floor":[70,70,70,70,70,70,70,70,70,70,70,70,70,70,70,70,70,70,70,70,70,70,70,70,70,70,70,70,70,75,75,75,75,75,75,75,75,75,75,75,75,75,75,75,82,82,82,82,82,82],"card_choices":[{"not_picked":["PiercingWail","Infinite Blades"],"picked":"Poisoned Stab","floor":1},{"not_picked":["Riddle With Holes","Reflex"],"picked":"Backflip","floor":3},{"not_picked":["Quick Slash","Backflip"],"picked":"Footwork","floor":7},{"not_picked":["PiercingWail","Outmaneuver"],"picked":"Doppelganger","floor":10},{"not_picked":["Prepared","Outmaneuver"],"picked":"Flying Knee","floor":12},{"not_picked":["Prepared","Acrobatics"],"picked":"Leg Sweep","floor":13},{"not_picked":["Slice","All Out Attack"],"picked":"Backstab","floor":14},{"not_picked":["Die Die Die","Bullet Time"],"picked":"Burst","floor":16},{"not_picked":["Deadly Poison","Tactician+1"],"picked":"Backflip+1","floor":18},{"not_picked":["Poisoned Stab","Underhanded Strike+1"],"picked":"Prepared+1","floor":19},{"not_picked":["Reflex","Dagger Throw"],"picked":"Deadly Poison","floor":20},{"not_picked":["Well Laid Plans+1","Sucker Punch"],"picked":"Phantasmal Killer","floor":23},{"not_picked":["Flying Knee","Reflex","Outmaneuver"],"picked":"SKIP","floor":24},{"not_picked":["Masterful Stab","Poisoned Stab"],"picked":"Noxious Fumes+1","floor":25},{"not_picked":["Slice","Dodge and Roll"],"picked":"Deadly Poison+1","floor":27},{"not_picked":["Bullet Time","Backstab"],"picked":"Acrobatics","floor":28},{"not_picked":["Sucker Punch+1","Riddle With Holes+1"],"picked":"Blur+1","floor":29},{"not_picked":["Outmaneuver","Flying Knee"],"picked":"PiercingWail","floor":31},{"not_picked":["Phantasmal Killer","Unload"],"picked":"Burst","floor":33},{"not_picked":["Predator","Quick Slash"],"picked":"Footwork+1","floor":35},{"not_picked":["Purity","Swift Strike"],"picked":"Trip","floor":36},{"not_picked":["Impatience","Secret Weapon"],"picked":"Blind","floor":36},{"not_picked":["Choke+1","Sucker Punch"],"picked":"PiercingWail","floor":37},{"not_picked":["Quick Slash+1","Blade Dance"],"picked":"Distraction","floor":39},{"not_picked":["Calculated Gamble","Prepared+1"],"picked":"Dodge and Roll","floor":41},{"not_picked":["Flying Knee+1","Blade Dance+1"],"picked":"Outmaneuver+1","floor":44},{"not_picked":["Sucker Punch","Backstab","Underhanded Strike"],"picked":"SKIP","floor":45},{"not_picked":["Die Die Die","Caltrops+1"],"picked":"Deadly Poison+1","floor":48}],"player_experience":2539,"relics_obtained":[{"floor":7,"key":"Ice Cream"},{"floor":9,"key":"Regal Pillow"},{"floor":10,"key":"Blood Vial"},{"floor":13,"key":"Shuriken"},{"floor":23,"key":"Lantern"},{"floor":26,"key":"Anchor"},{"floor":27,"key":"Vajra"},{"floor":41,"key":"Frozen Egg 2"},{"floor":43,"key":"Toxic Egg 2"},{"floor":45,"key":"Strawberry"}],"event_choices":[{"cards_removed":["Strike_G"],"damage_healed":0,"gold_gain":0,"player_choice":"Card Removal","damage_taken":0,"max_hp_gain":0,"max_hp_loss":0,"event_name":"The Cleric","floor":2,"gold_loss":50},{"damage_healed":0,"gold_gain":0,"player_choice":"Entered Light","damage_taken":14,"max_hp_gain":0,"max_hp_loss":0,"event_name":"Shining Light","floor":5,"gold_loss":0,"cards_upgraded":["Backflip","Survivor"]},{"damage_healed":0,"gold_gain":0,"player_choice":"Searched \u00271\u0027 times","damage_taken":0,"max_hp_gain":0,"max_hp_loss":0,"event_name":"Dead Adventurer","floor":13,"gold_loss":0},{"damage_healed":0,"gold_gain":0,"player_choice":"Inject Mutagens","damage_taken":0,"relics_obtained":["MutagenicStrength"],"max_hp_gain":0,"max_hp_loss":0,"event_name":"Drug Dealer","floor":21,"gold_loss":0},{"damage_healed":0,"gold_gain":0,"player_choice":"Shed Blood","damage_taken":18,"max_hp_gain":5,"max_hp_loss":0,"event_name":"Forgotten Altar","floor":30,"gold_loss":0},{"damage_healed":0,"gold_gain":0,"player_choice":"Memory 3","damage_taken":10,"max_hp_gain":0,"max_hp_loss":0,"event_name":"SensoryStone","floor":36,"gold_loss":0},{"damage_healed":0,"gold_gain":0,"player_choice":"Ignored","damage_taken":0,"max_hp_gain":0,"max_hp_loss":0,"event_name":"Tomb of Lord Red Mask","floor":38,"gold_loss":0},{"damage_healed":0,"gold_gain":0,"player_choice":"Damaged","damage_taken":7,"max_hp_gain":0,"max_hp_loss":0,"event_name":"Wheel of Change","floor":42,"gold_loss":0}],"is_beta":true,"boss_relics":[{"not_picked":["Black Star","Ectoplasm"],"picked":"SlaversCollar"},{"not_picked":["Philosopher\u0027s Stone","Cursed Key"],"picked":"Sozu"}],"items_purged_floors":[22,47],"is_endless":false,"potions_floor_spawned":[3,12,13,16,19,20,24,28,31,35,39,44],"ascension_level":0}}