{"host":"ooy9sn8qgs7oliwr","time":1609423959,"event":{"mods":["ATMod(阿瑾Mod)","Act Like it!","BaseMod","BetterRewards","Minty Spire (QoL Compilation)","Pale of the Ancients","Prisma Mod","Remilia_Scarlet Moed（蕾米莉亚・斯卡雷特）3.3.5","Replay The Spire","RumiaBox-露米娅的神秘盒子","StSLib","The Alterego","The Jungle","Yakumo Yukari mod","【遗物卡牌】REMEMod"],"gold_per_floor":[119,133,133,147,167,202,218,148,196,115,115,132,61,92,92,195,195,213,224,323,323,338,338,365,365,365,380,409,426,439,439,439,542,542,554,571,584,598,608,608,608],"floor_reached":40,"playtime":1425,"items_purged":[],"score":544,"play_id":"574a8fd0-e423-404e-b0ab-492d99737b19","local_time":"20201231221239","is_ascension_mode":false,"campfire_choices":[{"data":"REME_Cut","floor":11,"key":"SMITH"},{"data":"Whirlwind","floor":11,"key":"SMITH"},{"data":"Shockwave","floor":15,"key":"SMITH"},{"data":"AT_PowerWithin","floor":15,"key":"SMITH"},{"floor":23,"key":"REST"},{"floor":25,"key":"REST"},{"floor":32,"key":"REST"}],"circlet_count":0,"master_deck":["Strike_R","Strike_R","Strike_R","Strike_R","Strike_R","Defend_R","Defend_R","Defend_R","Defend_R","Bash","Sword Boomerang","Cleave","Dark Embrace","Defy Death","Whirlwind+1","REME_Scribble","REME_Cut+1","AT_PowerWithin+1","Shockwave+1","Offering","Languid","Delirium","CommonCold","Shockwave+1"],"relics":["Burning Blood","AT_ATBox","REME_ComplimentaryCards","NeowsBlessing","Replay:Arrowhead","ReplayTheSpireMod:TigerMarble","AT_RedNoBalance","Ooze Armor","ZombieArmy","Ice Cream","Replay:Mystery Machine","Replay:Ancient Bell","Ccalipers","Pantograph","AT_Manta"],"acts_visited":["Exordium","TheCity","TheBeyond"],"potions_floor_usage":[19,33,40],"damage_taken":[{"damage":0.0,"enemies":"Jaw Worm","floor":1.0,"turns":1.0},{"damage":0.0,"enemies":"Cultist","floor":2.0,"turns":1.0},{"damage":0.0,"enemies":"2 Louse","floor":4.0,"turns":1.0},{"damage":15.0,"enemies":"Looter","floor":5.0,"turns":3.0},{"damage":26.0,"enemies":"Lagavulin","floor":6.0,"turns":6.0},{"damage":7.0,"enemies":"Exordium Thugs","floor":7.0,"turns":4.0},{"damage":15,"enemies":"Lots of Slimes","floor":12,"turns":3},{"damage":1,"enemies":"Gremlin Nob","floor":14,"turns":2},{"damage":32,"enemies":"Fading Forest","floor":16,"turns":11},{"damage":0,"enemies":"Spheric Guardian","floor":18,"turns":2},{"damage":13,"enemies":"2 Thieves","floor":19,"turns":2},{"damage":13,"enemies":"Shelled Parasite and Fungi","floor":22,"turns":2},{"damage":21,"enemies":"Slavers","floor":24,"turns":2},{"damage":11,"enemies":"3 Cultists","floor":27,"turns":2},{"damage":10,"enemies":"Gremlin Leader","floor":28,"turns":2},{"damage":9,"enemies":"Centurion and Healer","floor":29,"turns":1},{"damage":15,"enemies":"Snake Plant","floor":30,"turns":3},{"damage":21,"enemies":"Collector","floor":33,"turns":3},{"damage":25,"enemies":"3 Shapes","floor":35,"turns":1},{"damage":17,"enemies":"3 Darklings","floor":36,"turns":3},{"damage":37,"enemies":"Transient","floor":37,"turns":5},{"damage":46,"enemies":"Maw","floor":38,"turns":4},{"damage":12,"enemies":"3 Darklings","floor":39,"turns":1},{"damage":41,"enemies":"Nemesis","floor":40,"turns":4}],"seed_played":"8801465942086036589","potions_obtained":[{"floor":3.0,"key":"Swift Potion"},{"floor":3.0,"key":"Reflective Coating"},{"floor":3.0,"key":"CultistPotion"},{"floor":7.0,"key":"Milkshake"},{"floor":12,"key":"Elixir"},{"floor":18,"key":"Fruit Juice"},{"floor":19,"key":"PowerPotion"},{"floor":22,"key":"Energy Potion"},{"floor":33,"key":"Reflective Coating"}],"is_trial":false,"path_per_floor":["M","M","?","M","M","E","M","$","T","$","R","M","$","E","R","B",null,"M","M","?","?","M","R","E","R","T","M","E","M","M","?","R","B",null,"M","M","M","M","M","E"],"character_chosen":"IRONCLAD","items_purchased":["REME_Cut","AT_PowerWithin","Shockwave"],"campfire_rested":3,"item_purchase_floors":[8,10,13],"current_hp_per_floor":[80,80,80,80,71,51,50,50,50,50,50,43,43,48,48,29,84,48,40,40,32,25,51,36,62,62,59,57,54,45,45,72,59,95,82,75,68,28,22,0,0],"gold":608,"neow_bonus":"THREE_ENEMY_KILL","is_daily":false,"chose_seed":false,"campfire_upgraded":4,"win_rate":0.0,"timestamp":1609423959,"path_taken":["M","M","?","M","M","E","M","$","T","$","R","?","$","E","R","BOSS","M","M","?","?","M","R","E","R","T","?","E","?","M","?","R","BOSS","M","M","M","M","M","E"],"items_purchased_type":["Card","Card","Card"],"build_version":"2020-12-22","purchased_purges":0,"victory":false,"max_hp_per_floor":[80,80,80,80,80,80,80,80,80,80,80,82,82,82,82,84,84,84,89,89,89,89,89,89,89,89,91,93,93,93,93,93,95,95,101,105,109,109,109,113,113],"card_choices":[{"not_picked":["Shrug It Off","Intimidate"],"picked":"Sword Boomerang","floor":1.0},{"not_picked":["Thunderclap","Run Through"],"picked":"Cleave","floor":2.0},{"not_picked":["Burning Pact","Reckless Charge"],"picked":"Dark Embrace","floor":4.0},{"not_picked":["Body Slam","Dual Wield"],"picked":"Defy Death","floor":5.0},{"not_picked":["Anger","Cleave"],"picked":"Whirlwind","floor":6.0},{"not_picked":["Spot Weakness","Clothesline"],"picked":"REME_Scribble","floor":7.0},{"not_picked":["Blood for Blood","Flex","Spot Weakness"],"picked":"SKIP","floor":12},{"not_picked":["AT_IchimonjiDouble","Inflame","Shockwave"],"picked":"SKIP","floor":14},{"not_picked":["Bludgeon","Barricade"],"picked":"Offering","floor":16},{"not_picked":["Fire Breathing","Burning Pact","ReplayTheSpireMod:Strike From Hell"],"picked":"SKIP","floor":18},{"not_picked":["Anger","Seeing Red","Replay:Undeath\u0027s Touch+1"],"picked":"SKIP","floor":19},{"not_picked":["Second Wind","Clash","Impervious"],"picked":"SKIP","floor":22},{"not_picked":["Hemokinesis","Carnage","AT_GerminateFire"],"picked":"SKIP","floor":24},{"not_picked":["Twin Strike","AT_GerminateFire","Sword Boomerang+1"],"picked":"SKIP","floor":27},{"not_picked":["True Grit","Shrug It Off","Flex+1"],"picked":"SKIP","floor":28},{"not_picked":["ReplayTheSpireMod:Muscle Training","Second Wind+1","Iron Wave"],"picked":"SKIP","floor":29},{"not_picked":["Run Through","Headbutt","AT_BodySlamDance+1"],"picked":"SKIP","floor":30},{"not_picked":["Regret","Normality"],"picked":"Languid","floor":34},{"not_picked":["ReplayTheSpireMod:Faulty Equipment","Hallucinations"],"picked":"Delirium","floor":34},{"not_picked":["Languid","Shame"],"picked":"CommonCold","floor":34},{"not_picked":["Bludgeon","Clash"],"picked":"Shockwave+1","floor":35},{"not_picked":["Warcry+1","Sword Boomerang","Perfected Strike"],"picked":"SKIP","floor":36},{"not_picked":["Demonic Infusion","Abandon+1","ReplayTheSpireMod:Muscle Training+1"],"picked":"SKIP","floor":37},{"not_picked":["Flex+1","AT_IchimonjiDouble+1","Clothesline+1"],"picked":"SKIP","floor":38},{"not_picked":["Pummel+1","Clothesline","Dropkick+1"],"picked":"SKIP","floor":39}],"player_experience":4695,"relics_obtained":[{"floor":6.0,"key":"Replay:Arrowhead"},{"floor":9.0,"key":"ReplayTheSpireMod:TigerMarble"},{"floor":14,"key":"AT_SilverBalance"},{"floor":24,"key":"ZombieArmy"},{"floor":26,"key":"Ice Cream"},{"floor":28,"key":"Replay:Mystery Machine"}],"event_choices":[{"damage_healed":0.0,"max_hp_gain":0.0,"max_hp_loss":0.0,"gold_gain":0.0,"event_name":"Lab","player_choice":"Got Potions","floor":3.0,"gold_loss":0.0,"damage_taken":0.0},{"damage_healed":0,"gold_gain":99,"player_choice":"Stole From Cult","damage_taken":0,"max_hp_gain":0,"max_hp_loss":0,"event_name":"Nest","floor":20,"gold_loss":0},{"damage_healed":0,"gold_gain":0,"player_choice":"Damaged","damage_taken":8,"max_hp_gain":0,"max_hp_loss":0,"event_name":"Wheel of Change","floor":21,"gold_loss":0},{"damage_healed":0,"gold_gain":0,"player_choice":"Ignored","damage_taken":0,"max_hp_gain":0,"max_hp_loss":0,"event_name":"Vampires","floor":31,"gold_loss":0}],"is_beta":false,"boss_relics":[{"not_picked":["Runic Pyramid","Honey Jar"],"picked":"Ooze Armor"},{"not_picked":["REME_DuelDisc","Snecko Eye"],"picked":"Replay:Ancient Bell"},{"not_picked":["Dream Catcher","Blue Doll"],"picked":"Ccalipers"},{"not_picked":["AT_TimeSand","SumBook"],"picked":"Pantograph"},{"not_picked":["CaptainsWheel","ChaoDraw"],"picked":"AT_Manta"}],"items_purged_floors":[],"is_endless":false,"potions_floor_spawned":[4,7,12,18,19,22,33,35,39],"killed_by":"Nemesis","ascension_level":0}}