{"host":"qxeepl7ydvsgmfdb","time":1609427319,"event":{"mods":["AchievementEnabler","BaseMod","Colored Powertips","Minty Spire (QoL Compilation)","Quick Restart","slay the spire mod where everything is the same but ironclad has a cowboy hat"],"gold_per_floor":[112,112,127,139,239,239,255,266,266,231,231,231,249,268,268,366,366,382,428,285,302,321,321,337,372,372,372,386,386,386,386,386,386,386],"floor_reached":33,"playtime":1159,"items_purged":[],"score":313,"play_id":"35dbe488-07ef-484b-9ba0-f6d19f1f0b46","local_time":"20201231100839","is_ascension_mode":true,"campfire_choices":[{"data":"All Out Attack","floor":6.0,"key":"SMITH"},{"data":"Deadly Poison","floor":11.0,"key":"SMITH"},{"floor":15.0,"key":"REST"},{"floor":23,"key":"REST"},{"floor":27,"key":"REST"},{"floor":30,"key":"REST"},{"floor":32,"key":"REST"}],"circlet_count":0,"master_deck":["Strike_G","Strike_G","Strike_G","Strike_G","Strike_G","Defend_G","Defend_G","Defend_G","Defend_G","Defend_G","Survivor","Neutralize","Deflect","All Out Attack+1","Dagger Throw","Deadly Poison+1","Backstab","Corpse Explosion","CurseOfTheBell","PiercingWail+1","Cloak And Dagger","Backflip","Blade Dance+1"],"relics":["Ring of the Snake","NeowsBlessing","Frozen Egg 2","Bottled Lightning","Calling Bell","Centennial Puzzle","Ninja Scroll","Torii","Ancient Tea Set","Sling","Red Mask","Potion Belt"],"acts_visited":["Exordium","TheCity"],"potions_floor_usage":[29,33],"damage_taken":[{"damage":0.0,"enemies":"Cultist","floor":1.0,"turns":1.0},{"damage":0.0,"enemies":"Jaw Worm","floor":3.0,"turns":1.0},{"damage":0.0,"enemies":"Small Slimes","floor":4.0,"turns":1.0},{"damage":13.0,"enemies":"Red Slaver","floor":7.0,"turns":4.0},{"damage":11.0,"enemies":"Exordium Thugs","floor":8.0,"turns":4.0},{"damage":10.0,"enemies":"Large Slime","floor":13.0,"turns":5.0},{"damage":12.0,"enemies":"3 Louse","floor":14.0,"turns":3.0},{"damage":52.0,"enemies":"Slime Boss","floor":16.0,"turns":11.0},{"damage":15,"enemies":"Shell Parasite","floor":18,"turns":5},{"damage":8,"enemies":"2 Thieves","floor":21,"turns":3},{"damage":24,"enemies":"Shelled Parasite and Fungi","floor":22,"turns":8},{"damage":9,"enemies":"Centurion and Healer","floor":24,"turns":5},{"damage":14,"enemies":"Masked Bandits","floor":25,"turns":5},{"damage":0,"enemies":"3 Cultists","floor":28,"turns":1},{"damage":22,"enemies":"Snecko","floor":29,"turns":6},{"damage":117,"enemies":"Champ","floor":33,"turns":11}],"seed_played":"-6435255456019758893","potions_obtained":[{"floor":7.0,"key":"Explosive Potion"},{"floor":8.0,"key":"SmokeBomb"},{"floor":12.0,"key":"Fruit Juice"},{"floor":12.0,"key":"CultistPotion"},{"floor":12.0,"key":"FairyPotion"}],"is_trial":false,"path_per_floor":["M","T","M","M","?","R","M","M","T","?","R","?","M","M","R","B",null,"M","T","$","M","M","R","M","?","T","R","M","M","R","?","R","B"],"character_chosen":"THE_SILENT","items_purchased":["Sling"],"campfire_rested":5,"item_purchase_floors":[20],"current_hp_per_floor":[63,63,63,63,63,63,50,39,39,56,56,61,51,39,61,9,59,44,44,44,36,12,34,25,11,11,33,33,11,33,33,55,0,0],"gold":386,"neow_bonus":"THREE_ENEMY_KILL","is_daily":false,"chose_seed":false,"campfire_upgraded":2,"win_rate":0.0,"timestamp":1609427319,"path_taken":["M","?","M","?","?","R","M","?","T","?","R","?","M","M","R","BOSS","M","?","?","M","M","R","M","?","T","R","M","M","R","?","R","BOSS"],"items_purchased_type":["Relic"],"build_version":"2020-12-22","purchased_purges":0,"victory":false,"max_hp_per_floor":[70,70,70,70,70,70,70,70,70,70,70,75,75,75,75,75,75,75,75,75,75,75,75,75,75,75,75,75,75,75,75,75,75,75],"card_choices":[{"not_picked":["Prepared","Acrobatics"],"picked":"Deflect","floor":1.0},{"not_picked":["Masterful Stab","Blur"],"picked":"All Out Attack","floor":3.0},{"not_picked":["Setup","Dodge and Roll"],"picked":"Dagger Throw","floor":4.0},{"not_picked":["Dagger Throw","Accuracy+1","Outmaneuver"],"picked":"SKIP","floor":7.0},{"not_picked":["Acrobatics","Finisher"],"picked":"Deadly Poison","floor":8.0},{"not_picked":["Phantasmal Killer","Underhanded Strike","Dagger Throw"],"picked":"SKIP","floor":13.0},{"not_picked":["Choke","Dagger Spray"],"picked":"Backstab","floor":14.0},{"not_picked":["Bullet Time","Night Terror"],"picked":"Corpse Explosion","floor":16.0},{"not_picked":["Terror","Deflect"],"picked":"PiercingWail+1","floor":18},{"not_picked":["Bouncing Flask","Skewer","Underhanded Strike"],"picked":"SKIP","floor":21},{"not_picked":["Dodge and Roll+1","Endless Agony"],"picked":"Cloak And Dagger","floor":22},{"not_picked":["Bouncing Flask","Expertise+1"],"picked":"Backflip","floor":24},{"not_picked":["Skewer","Distraction"],"picked":"Blade Dance+1","floor":28}],"player_experience":339409,"relics_obtained":[{"floor":2.0,"key":"Frozen Egg 2"},{"floor":9.0,"key":"Bottled Lightning"},{"floor":17,"key":"Centennial Puzzle"},{"floor":17,"key":"Ninja Scroll"},{"floor":17,"key":"Torii"},{"floor":19,"key":"Ancient Tea Set"},{"floor":25,"key":"Red Mask"},{"floor":26,"key":"Potion Belt"}],"event_choices":[{"damage_healed":0.0,"max_hp_gain":0.0,"max_hp_loss":0.0,"gold_gain":100.0,"event_name":"Wheel of Change","player_choice":"Gold","floor":5.0,"gold_loss":0.0,"damage_taken":0.0},{"damage_healed":17.0,"max_hp_gain":0.0,"max_hp_loss":0.0,"gold_gain":0.0,"event_name":"The Cleric","player_choice":"Healed","floor":10.0,"gold_loss":35.0,"damage_taken":0.0},{"damage_healed":0.0,"max_hp_gain":0.0,"max_hp_loss":0.0,"gold_gain":0.0,"event_name":"Lab","player_choice":"Got Potions","floor":12.0,"gold_loss":0.0,"damage_taken":0.0},{"damage_healed":0,"gold_gain":0,"player_choice":"Fought Bandits","damage_taken":0,"max_hp_gain":0,"max_hp_loss":0,"event_name":"Masked Bandits","floor":25,"gold_loss":0},{"damage_healed":0,"gold_gain":0,"player_choice":"Ignored","damage_taken":0,"max_hp_gain":0,"max_hp_loss":0,"event_name":"Ghosts","floor":31,"gold_loss":0}],"is_beta":false,"boss_relics":[{"not_picked":["Cursed Key","Snecko Eye"],"picked":"Calling Bell"}],"items_purged_floors":[],"is_endless":false,"potions_floor_spawned":[7,8,16,21,22,24,25],"killed_by":"Champ","ascension_level":6}}