{"host":"9l2xd2qbyxfqdc97","time":1609437352,"event":{"mods":["BaseMod","Colored Map","Highlight Path","Minty Spire (QoL Compilation)","Quick Restart"],"gold_per_floor":[116,41,41,41,66,101,126,126,126,126,126,150,50,68,68,189,189,204,304,327,346,20,20,64,64,64,64,78,78,78,92,92,217,217,235,235,248,98,122,156,174,174,198,198,198,216,10,31,31,31],"floor_reached":51,"playtime":1596,"items_purged":["Strike_B","Strike_B","Defend_B","Defend_B","Strike_B+1"],"score":856,"play_id":"41a1618c-e0fc-41a2-8606-8705e9fa0f6b","local_time":"20210101025552","is_ascension_mode":true,"campfire_choices":[{"data":"Zap","floor":8,"key":"SMITH"},{"data":"Dualcast","floor":10,"key":"SMITH"},{"floor":15,"key":"REST"},{"data":"Beam Cell","floor":23,"key":"SMITH"},{"floor":25,"key":"REST"},{"floor":27,"key":"REST"},{"data":"Seek","floor":29,"key":"SMITH"},{"data":"Scrape","floor":32,"key":"SMITH"},{"data":"Gash","floor":42,"key":"SMITH"},{"data":"Go for the Eyes","floor":44,"key":"SMITH"},{"data":"All For One","floor":49,"key":"SMITH"}],"circlet_count":0,"master_deck":["Strike_B+1","Defend_B","Zap+1","Dualcast+1","Beam Cell+1","FTL+1","Go for the Eyes+1","All For One+1","Beam Cell+1","Gash+1","Seek+1","Self Repair+1","Scrape+1","Buffer+1","Good Instincts"],"relics":["FrozenCore","NeowsBlessing","Golden Idol","Frozen Egg 2","Dream Catcher","Philosopher\u0027s Stone","Lee\u0027s Waffle","HornCleat","Unceasing Top","Eternal Feather","Smiling Mask","Runic Capacitor"],"acts_visited":["Exordium","TheCity","TheBeyond"],"potions_floor_usage":[24,24,33,33,40,40,50],"damage_taken":[{"damage":0,"enemies":"Small Slimes","floor":1,"turns":1},{"damage":0,"enemies":"2 Louse","floor":5,"turns":1},{"damage":0,"enemies":"Gremlin Nob","floor":6,"turns":1},{"damage":1,"enemies":"Cultist","floor":7,"turns":3},{"damage":6,"enemies":"Looter","floor":12,"turns":2},{"damage":12,"enemies":"Gremlin Gang","floor":14,"turns":4},{"damage":37,"enemies":"The Guardian","floor":16,"turns":13},{"damage":4,"enemies":"3 Byrds","floor":18,"turns":3},{"damage":18,"enemies":"2 Thieves","floor":20,"turns":3},{"damage":41,"enemies":"Snecko","floor":21,"turns":6},{"damage":63,"enemies":"Gremlin Leader","floor":24,"turns":3},{"damage":1,"enemies":"3 Cultists","floor":28,"turns":4},{"damage":10,"enemies":"Centurion and Healer","floor":31,"turns":2},{"damage":36,"enemies":"Automaton","floor":33,"turns":6},{"damage":9,"enemies":"3 Darklings","floor":35,"turns":3},{"damage":53,"enemies":"3 Shapes","floor":37,"turns":4},{"damage":7,"enemies":"Writhing Mass","floor":39,"turns":4},{"damage":6,"enemies":"Giant Head","floor":40,"turns":5},{"damage":0,"enemies":"3 Darklings","floor":41,"turns":3},{"damage":0,"enemies":"Sphere and 2 Shapes","floor":46,"turns":3},{"damage":22,"enemies":"Jaw Worm Horde","floor":48,"turns":3},{"damage":46,"enemies":"Time Eater","floor":50,"turns":7}],"seed_played":"-1752385249834635795","potions_obtained":[{"floor":12,"key":"LiquidMemories"},{"floor":16,"key":"DuplicationPotion"},{"floor":18,"key":"Weak Potion"},{"floor":28,"key":"EssenceOfSteel"},{"floor":31,"key":"ColorlessPotion"},{"floor":33,"key":"FearPotion"},{"floor":37,"key":"FocusPotion"},{"floor":48,"key":"Strength Potion"}],"is_trial":false,"path_per_floor":["M","$","?","?","M","E","M","R","T","R","?","M","$","M","R","B",null,"M","?","M","M","$","R","E","R","T","R","M","R","?","M","R","B",null,"M","?","M","$","M","E","M","R","T","R","?","M","$","M","R","B",null],"character_chosen":"DEFECT","items_purchased":["Gash","Lee\u0027s Waffle","Runic Capacitor"],"campfire_rested":3,"item_purchase_floors":[22,22,47],"current_hp_per_floor":[75,75,60,60,60,60,59,59,59,59,52,46,46,34,54,17,69,65,65,47,6,76,76,13,35,35,57,66,66,66,66,66,40,76,76,76,33,33,36,40,50,59,59,68,68,76,76,64,73,37],"gold":31,"neow_bonus":"THREE_ENEMY_KILL","is_daily":false,"chose_seed":false,"campfire_upgraded":8,"win_rate":0.0,"timestamp":1609437352,"path_taken":["M","$","?","?","M","E","M","R","T","R","?","M","$","M","R","BOSS","M","?","M","M","$","R","E","R","T","R","?","R","?","M","R","BOSS","M","?","M","$","?","E","M","R","T","R","?","M","$","M","R","BOSS"],"items_purchased_type":["Card","Relic","Relic"],"build_version":"2020-12-22","purchased_purges":5,"victory":true,"max_hp_per_floor":[75,75,75,69,69,69,69,69,69,69,69,69,69,69,69,69,69,69,69,69,69,76,76,76,76,76,76,76,76,76,76,76,76,76,76,76,76,76,76,76,76,76,76,76,76,76,76,76,76,76],"card_choices":[{"not_picked":["Sweeping Beam","Stack"],"picked":"Beam Cell","floor":1},{"not_picked":["Force Field","Cold Snap"],"picked":"FTL","floor":5},{"not_picked":["Leap","Turbo","Melter"],"picked":"SKIP","floor":6},{"not_picked":["Loop+1","Compile Driver","Stack"],"picked":"SKIP","floor":7},{"not_picked":["Redo","Conserve Battery"],"picked":"Go for the Eyes","floor":12},{"not_picked":["Conserve Battery","Stack","Rainbow"],"picked":"SKIP","floor":14},{"not_picked":["Core Surge","Machine Learning+1"],"picked":"All For One","floor":16},{"not_picked":["Turbo+1","Streamline"],"picked":"Beam Cell+1","floor":18},{"not_picked":["Glacier","Fusion","BootSequence+1"],"picked":"SKIP","floor":20},{"not_picked":["Defragment+1","Beam Cell","Streamline"],"picked":"SKIP","floor":21},{"not_picked":["Coolheaded","Beam Cell"],"picked":"Seek","floor":24},{"not_picked":["Undo","Storm+1"],"picked":"Self Repair+1","floor":25},{"not_picked":["Leap+1","Doom and Gloom","Sweeping Beam+1"],"picked":"SKIP","floor":28},{"not_picked":["Fission","Stack","Barrage"],"picked":"SKIP","floor":31},{"not_picked":["Electrodynamics+1","Reboot"],"picked":"Buffer+1","floor":33},{"not_picked":["Leap+1","Glacier","Sunder+1"],"picked":"SKIP","floor":35},{"not_picked":["Redo+1","Reprogram+1","Rebound"],"picked":"SKIP","floor":37},{"not_picked":["Rip and Tear","Force Field+1","Fusion+1"],"picked":"SKIP","floor":39},{"not_picked":["Stack+1","Conserve Battery","Beam Cell+1"],"picked":"SKIP","floor":40},{"not_picked":["Reinforced Body","Sweeping Beam","Doom and Gloom"],"picked":"SKIP","floor":41},{"not_picked":["Beam Cell+1","Redo","Stack+1"],"picked":"SKIP","floor":46},{"not_picked":["Fission","Turbo+1","Fusion"],"picked":"SKIP","floor":48}],"player_experience":208273,"relics_obtained":[{"floor":6,"key":"Frozen Egg 2"},{"floor":9,"key":"Dream Catcher"},{"floor":24,"key":"HornCleat"},{"floor":26,"key":"Unceasing Top"},{"floor":40,"key":"Eternal Feather"},{"floor":43,"key":"Smiling Mask"}],"event_choices":[{"damage_healed":0,"gold_gain":0,"player_choice":"Entered Light","damage_taken":15,"max_hp_gain":0,"max_hp_loss":0,"event_name":"Shining Light","floor":3,"gold_loss":0,"cards_upgraded":["Strike_B","Strike_B"]},{"damage_healed":0,"gold_gain":0,"player_choice":"Lose Max HP","damage_taken":0,"relics_obtained":["Golden Idol"],"max_hp_gain":0,"max_hp_loss":6,"event_name":"Golden Idol","floor":4,"gold_loss":0},{"cards_removed":["Defend_B"],"damage_healed":0,"gold_gain":0,"player_choice":"Card Removal","damage_taken":7,"max_hp_gain":0,"max_hp_loss":0,"event_name":"Golden Wing","floor":11,"gold_loss":0},{"damage_healed":0,"gold_gain":100,"player_choice":"Pray","damage_taken":0,"max_hp_gain":0,"max_hp_loss":0,"event_name":"Golden Shrine","floor":19,"gold_loss":0},{"damage_healed":0,"gold_gain":0,"player_choice":"Read","damage_taken":0,"max_hp_gain":0,"max_hp_loss":0,"event_name":"The Library","floor":30,"gold_loss":0,"cards_obtained":["Scrape"]},{"damage_healed":0,"gold_gain":0,"player_choice":"Upgraded","damage_taken":0,"max_hp_gain":0,"max_hp_loss":0,"event_name":"Upgrade Shrine","floor":36,"gold_loss":0,"cards_upgraded":["FTL"]},{"damage_healed":0,"gold_gain":0,"player_choice":"1 cards matched","damage_taken":0,"max_hp_gain":0,"max_hp_loss":0,"event_name":"Match and Keep!","floor":45,"gold_loss":0,"cards_obtained":["Good Instincts"]}],"is_beta":false,"boss_relics":[{"not_picked":["Sozu","Empty Cage"],"picked":"Philosopher\u0027s Stone"},{"not_picked":["Fusion Hammer","SlaversCollar"],"picked":"FrozenCore"}],"items_purged_floors":[2,13,22,38,47],"is_endless":false,"potions_floor_spawned":[12,16,18,28,31,33,37,48],"ascension_level":4}}