{"host":"novohdx135h0xyrr","time":1609373743,"event":{"mods":["BaseMod","Colored Map","Colored Powertips","Highlight Path","Minty Spire (QoL Compilation)"],"gold_per_floor":[115,115,129,129,47,47,73,73,96,131,131,156,156,182,182,286,286,306,306,15,26,38,72,72,107,107,107,134,145,145,165,165,265,265,284,295,310,324,5,5,54,89,89,102,102,102],"floor_reached":45,"playtime":4144,"items_purged":["Strike_B"],"score":555,"play_id":"3691841f-3912-4974-a1c7-0428e4d6497c","local_time":"20201230161543","is_ascension_mode":true,"campfire_choices":[{"data":"Flash of Steel","floor":6,"key":"SMITH"},{"data":"Chaos","floor":8,"key":"SMITH"},{"floor":11,"key":"REST"},{"data":"Hologram","floor":13,"key":"SMITH"},{"data":"Dualcast","floor":15,"key":"SMITH"},{"floor":24,"key":"REST"},{"data":"Chaos","floor":30,"key":"SMITH"},{"floor":32,"key":"RECALL"},{"floor":40,"key":"REST"}],"circlet_count":0,"master_deck":["Strike_B","Strike_B","Defend_B","Defend_B","Defend_B","Zap+1","Dualcast+1","Go for the Eyes+1","Redo+1","Flash of Steel+1","Chaos+1","Defragment","Hologram+1","Ball Lightning","All For One","Chill","Ball Lightning+1","Cold Snap","Go for the Eyes","Chill","Chaos+1","Go for the Eyes+1","BootSequence","Electrodynamics","Gash+1","Hello World","Coolheaded","Gash","Secret Technique","Beam Cell","Redo","Ball Lightning+1","Beam Cell"],"relics":["Cracked Core","WingedGreaves","Centennial Puzzle","Ancient Tea Set","Lantern","Blood Vial","Empty Cage","Bag of Marbles","Pen Nib","Eternal Feather","InkBottle","Happy Flower","Fusion Hammer","Incense Burner","Letter Opener","Sundial"],"acts_visited":["Exordium","TheCity","TheBeyond"],"potions_floor_usage":[0,7,7,12,12,14,23,23,25,25,33,35,41,41],"damage_taken":[{"damage":1,"enemies":"Jaw Worm","floor":1,"turns":4},{"damage":7,"enemies":"Cultist","floor":3,"turns":4},{"damage":17,"enemies":"3 Sentries","floor":7,"turns":6},{"damage":11,"enemies":"Lagavulin","floor":10,"turns":6},{"damage":18,"enemies":"3 Sentries","floor":12,"turns":6},{"damage":5,"enemies":"Gremlin Nob","floor":14,"turns":3},{"damage":17,"enemies":"Hexaghost","floor":16,"turns":8},{"damage":24,"enemies":"2 Thieves","floor":18,"turns":4},{"damage":5,"enemies":"Spheric Guardian","floor":21,"turns":3},{"damage":0,"enemies":"Cultist and Chosen","floor":22,"turns":4},{"damage":26,"enemies":"Gremlin Leader","floor":23,"turns":5},{"damage":10,"enemies":"Book of Stabbing","floor":25,"turns":3},{"damage":17,"enemies":"Gremlin Leader","floor":28,"turns":8},{"damage":1,"enemies":"3 Cultists","floor":29,"turns":5},{"damage":12,"enemies":"Centurion and Healer","floor":31,"turns":2},{"damage":49,"enemies":"Automaton","floor":33,"turns":8},{"damage":0,"enemies":"3 Shapes","floor":35,"turns":2},{"damage":2,"enemies":"3 Darklings","floor":36,"turns":3},{"damage":28,"enemies":"4 Shapes","floor":37,"turns":3},{"damage":27,"enemies":"Spire Growth","floor":38,"turns":4},{"damage":13,"enemies":"2 Orb Walkers","floor":41,"turns":3},{"damage":16,"enemies":"Giant Head","floor":42,"turns":9},{"damage":4,"enemies":"Sphere and 2 Shapes","floor":44,"turns":4},{"damage":45,"enemies":"Writhing Mass","floor":45,"turns":3}],"seed_played":"3521572856889078111","potions_obtained":[{"floor":0,"key":"Fruit Juice"},{"floor":0,"key":"LiquidMemories"},{"floor":0,"key":"AttackPotion"},{"floor":1,"key":"SpeedPotion"},{"floor":7,"key":"PowerPotion"},{"floor":10,"key":"Weak Potion"},{"floor":19,"key":"GamblersBrew"},{"floor":19,"key":"FairyPotion"},{"floor":19,"key":"FearPotion"},{"floor":21,"key":"SteroidPotion"},{"floor":23,"key":"Regen Potion"},{"floor":31,"key":"SkillPotion"},{"floor":33,"key":"LiquidBronze"},{"floor":36,"key":"AttackPotion"},{"floor":38,"key":"PotionOfCapacity"},{"floor":41,"key":"LiquidBronze"}],"is_trial":false,"path_per_floor":["M","?","M","?","$","R","E","R","T","E","R","E","R","E","R","B",null,"M","?","$","M","M","E","R","E","T","?","E","M","R","M","R","B",null,"M","M","M","M","$","R","?","E","T","M","M"],"character_chosen":"DEFECT","items_purchased":["Flash of Steel","Bag of Marbles","Pen Nib","Gash","Secret Technique","Beam Cell"],"campfire_rested":3,"item_purchase_floors":[5,20,20,39,39,39],"current_hp_per_floor":[79,79,72,72,72,72,55,55,55,44,68,50,50,45,45,30,80,56,56,56,53,55,31,67,68,68,68,53,54,66,56,68,21,80,80,78,52,27,27,69,58,44,44,42,0,0],"gold":102,"neow_bonus":"THREE_SMALL_POTIONS","is_daily":false,"chose_seed":false,"campfire_upgraded":5,"win_rate":0.0,"timestamp":1609373743,"path_taken":["M","?","?","?","$","R","E","R","T","E","R","E","R","E","R","BOSS","M","?","?","M","?","E","R","E","T","?","E","?","R","M","R","BOSS","M","?","M","M","$","R","?","E","T","M","M"],"items_purchased_type":["Card","Relic","Relic","Card","Card","Card"],"build_version":"2020-12-22","purchased_purges":1,"victory":false,"max_hp_per_floor":[80,80,80,80,80,80,80,80,80,80,80,80,80,80,80,80,80,80,80,80,80,80,80,80,80,80,80,80,80,80,80,80,80,80,80,80,80,80,80,80,80,80,80,80,80,80],"card_choices":[{"not_picked":["Sunder","Sweeping Beam"],"picked":"Go for the Eyes","floor":1},{"not_picked":["Melter","Streamline"],"picked":"Redo","floor":3},{"not_picked":["Conserve Battery","Stack"],"picked":"Chaos","floor":7},{"not_picked":["Sweeping Beam","Amplify"],"picked":"Defragment","floor":10},{"not_picked":["Sweeping Beam","Reprogram"],"picked":"Hologram","floor":12},{"not_picked":["Reinforced Body","Thunder Strike"],"picked":"Ball Lightning","floor":14},{"not_picked":["Biased Cognition","Echo Form"],"picked":"All For One","floor":16},{"not_picked":["Barrage","Rip and Tear"],"picked":"Chill","floor":18},{"not_picked":["Rebound","Beam Cell"],"picked":"Ball Lightning+1","floor":21},{"not_picked":["Storm","Conserve Battery+1"],"picked":"Cold Snap","floor":22},{"not_picked":["Turbo","Meteor Strike"],"picked":"Go for the Eyes","floor":23},{"not_picked":["Force Field","Self Repair"],"picked":"Chill","floor":25},{"not_picked":["Reprogram","White Noise"],"picked":"Chaos","floor":28},{"not_picked":["Undo","Reprogram"],"picked":"Go for the Eyes+1","floor":29},{"not_picked":["Steam","Leap+1"],"picked":"BootSequence","floor":31},{"not_picked":["Hyperbeam","Creative AI"],"picked":"Electrodynamics","floor":33},{"not_picked":["Turbo","Tempest"],"picked":"Gash+1","floor":35},{"not_picked":["Conserve Battery","Leap+1","Undo+1"],"picked":"SKIP","floor":36},{"not_picked":["Stack","Leap+1"],"picked":"Hello World","floor":37},{"not_picked":["Steam+1","Self Repair+1"],"picked":"Coolheaded","floor":38},{"not_picked":["Force Field","Turbo+1"],"picked":"Redo","floor":41},{"not_picked":["Barrage","Gash"],"picked":"Ball Lightning+1","floor":42},{"not_picked":["Fusion","Meteor Strike"],"picked":"Beam Cell","floor":44}],"player_experience":145544,"relics_obtained":[{"floor":7,"key":"WingedGreaves"},{"floor":9,"key":"Centennial Puzzle"},{"floor":10,"key":"Ancient Tea Set"},{"floor":12,"key":"Lantern"},{"floor":14,"key":"Blood Vial"},{"floor":23,"key":"Eternal Feather"},{"floor":25,"key":"InkBottle"},{"floor":28,"key":"Happy Flower"},{"floor":41,"key":"Incense Burner"},{"floor":42,"key":"Letter Opener"},{"floor":43,"key":"Sundial"}],"event_choices":[{"damage_healed":0,"gold_gain":0,"player_choice":"Forge","damage_taken":0,"max_hp_gain":0,"max_hp_loss":0,"event_name":"Accursed Blacksmith","floor":2,"gold_loss":0,"cards_upgraded":["Go for the Eyes"]},{"damage_healed":0,"gold_gain":0,"player_choice":"Grow","damage_taken":0,"max_hp_gain":0,"max_hp_loss":0,"event_name":"Living Wall","floor":4,"gold_loss":0,"cards_upgraded":["Redo"]},{"damage_healed":0,"gold_gain":0,"player_choice":"Got Potions","damage_taken":0,"max_hp_gain":0,"max_hp_loss":0,"event_name":"Lab","floor":19,"gold_loss":0},{"damage_healed":0,"gold_gain":0,"player_choice":"Upgraded","damage_taken":0,"max_hp_gain":0,"max_hp_loss":0,"event_name":"Upgrade Shrine","floor":27,"gold_loss":0,"cards_upgraded":["Zap"]},{"damage_healed":0,"gold_gain":0,"player_choice":"Fight","damage_taken":0,"max_hp_gain":0,"max_hp_loss":0,"event_name":"Mysterious Sphere","floor":41,"gold_loss":0}],"is_beta":false,"boss_relics":[{"not_picked":["Snecko Eye","Cursed Key"],"picked":"Empty Cage"},{"not_picked":["Runic Dome","Velvet Choker"],"picked":"Fusion Hammer"}],"items_purged_floors":[39],"is_endless":false,"potions_floor_spawned":[1,7,10,21,23,31,33,36,38,41],"killed_by":"Writhing Mass","ascension_level":1}}