{"host":"1hppsasng8mkn0s8","time":1609407552,"event":{"mods":["BaseMod","Downfall","Minty Spire (QoL Compilation)","StSLib"],"gold_per_floor":[99,99,99,99,99,124,147,247,8,8,27,54,64,49,68,169,169,19,39,58,158,68,68,68,68,68,68],"floor_reached":25,"playtime":1252,"items_purged":["Slimebound:Defend_Slimebound"],"score":205,"play_id":"0fef86a5-30a8-4827-bf5f-21d035d55a6d","local_time":"20201231173912","is_ascension_mode":false,"campfire_choices":[{"floor":1.0,"key":"RECALL"},{"floor":10,"key":"REST"},{"data":"Slimebound:Grow","floor":18,"key":"SMITH"},{"data":"Slimebound:LeechEnergy","floor":23,"key":"SMITH"}],"circlet_count":0,"master_deck":["Slimebound:Strike_Slimebound","Slimebound:Strike_Slimebound","Slimebound:Tackle","Slimebound:Defend_Slimebound","Slimebound:Defend_Slimebound","Slimebound:Defend_Slimebound","Slimebound:Split","Slimebound:CorrosiveSpit","Slimebound:Grow+1","Slimebound:SplitMire","Slimebound:Dissolve","Slimebound:LeechingTouch","Slimebound:OozeBath+1","Slimebound:RainOfGoop+1","Slimebound:SlimeTap+1","Slimebound:RejuvenatingLick+1","Slimebound:SplitLeeching+1","Slimebound:PrepareCrush+1","CurseOfTheBell","Slimebound:SplitBruiser+1","Slimebound:Prepare+1","Slimebound:LeechEnergy+1","Slimebound:ForwardTackle+1"],"relics":["Slimebound:AbsorbEndCombat","downfall:HeartsMalice","Toxic Egg 2","Blood Vial","Vajra","Calling Bell","Bag of Preparation","HornCleat","Du-Vu Doll","downfall:HeartBlessingRed","downfall:HeartBlessingBlue","Calipers","Mercury Hourglass","Question Card"],"acts_visited":["Exordium","TheCity"],"potions_floor_usage":[12,16,16,16,22],"damage_taken":[{"damage":0.0,"enemies":"Jaw Worm","floor":2.0,"turns":1.0},{"damage":0.0,"enemies":"Small Slimes","floor":3.0,"turns":1.0},{"damage":0.0,"enemies":"Cultist","floor":5.0,"turns":1.0},{"damage":56,"enemies":"Gremlin Nob","floor":6,"turns":5},{"damage":12,"enemies":"downfall:FleeingMerchant","floor":9,"turns":4},{"damage":11,"enemies":"2 Fungi Beasts","floor":11,"turns":4},{"damage":15,"enemies":"Lagavulin","floor":12,"turns":6},{"damage":21,"enemies":"3 Louse","floor":13,"turns":3},{"damage":24,"enemies":"downfall:FleeingMerchant","floor":14,"turns":4},{"damage":18,"enemies":"Large Slime","floor":15,"turns":4},{"damage":37,"enemies":"downfall:Silent","floor":16,"turns":6},{"damage":8,"enemies":"Spheric Guardian","floor":19,"turns":3},{"damage":30,"enemies":"Shelled Parasite and Fungi","floor":20,"turns":4},{"damage":56,"enemies":"downfall:Defect","floor":21,"turns":5},{"damage":16,"enemies":"downfall:FleeingMerchant","floor":22,"turns":4},{"damage":57,"enemies":"Gremlin Leader","floor":25,"turns":3}],"seed_played":"2199839582596404093","potions_obtained":[{"floor":11,"key":"AttackPotion"},{"floor":12,"key":"SpeedPotion"},{"floor":13,"key":"Strength Potion"},{"floor":15,"key":"Weak Potion"},{"floor":20,"key":"Swift Potion"}],"is_trial":false,"path_per_floor":["R","M","M","?","M","E","T","?","$","R","M","E","M","$","M","B",null,"R","M","M","?","$","R","T","E"],"character_chosen":"SLIMEBOUND","items_purchased":["Blood Vial","Regen Potion"],"campfire_rested":1,"item_purchase_floors":[9,9],"current_hp_per_floor":[60,60,60,60,60,16,16,16,20,38,43,48,39,31,31,35,60,70,70,60,32,46,46,46,0,0,0],"gold":68,"neow_bonus":"THREE_ENEMY_KILL","is_daily":false,"chose_seed":false,"campfire_upgraded":2,"win_rate":0.0,"timestamp":1609407552,"path_taken":["R","M","M","?","M","E","T","?","?","R","M","E","M","$","M","BOSS","R","M","?","?","$","R","T","E"],"items_purchased_type":["Relic","Potion"],"build_version":"2020-12-22","purchased_purges":1,"victory":false,"max_hp_per_floor":[60,60,60,60,60,60,60,60,60,60,60,60,60,60,60,60,60,70,70,70,70,70,70,70,70,70,70],"card_choices":[{"not_picked":["Slimebound:Prepare","Slimebound:RollThrough"],"picked":"Slimebound:Grow","floor":2.0},{"not_picked":["Slimebound:SamplingLick","Slimebound:Schlurp"],"picked":"Slimebound:SplitMire","floor":3.0},{"not_picked":["Slimebound:HauntingLick","Slimebound:ForwardTackle"],"picked":"Slimebound:Dissolve","floor":5.0},{"not_picked":["Slimebound:Equalize","Slimebound:SlimeBarrage"],"picked":"Slimebound:LeechingTouch","floor":6},{"not_picked":["Slimebound:BestDefense","Slimebound:RainOfGoop+1"],"picked":"Slimebound:OozeBath+1","floor":9},{"not_picked":["Slimebound:LeechingTouch","Slimebound:Dissolve+1","Slimebound:Nibble"],"picked":"SKIP","floor":11},{"not_picked":["Slimebound:FinishingTackle","Slimebound:TongueLash"],"picked":"Slimebound:RainOfGoop+1","floor":12},{"not_picked":["Slimebound:Schlurp+1","Slimebound:SplitAcid+1"],"picked":"Slimebound:SlimeTap+1","floor":13},{"not_picked":["Slimebound:Grow","Slimebound:Prepare+1"],"picked":"Slimebound:RejuvenatingLick+1","floor":14},{"not_picked":["Slimebound:FinishingTackle","Slimebound:SplitAcid+1"],"picked":"Slimebound:SplitLeeching+1","floor":15},{"not_picked":["Slimebound:RallyTheTroops","Slimebound:LeechLife"],"picked":"Slimebound:PrepareCrush+1","floor":16},{"not_picked":["Slimebound:GrowthPunch","Slimebound:SamplingLick+1"],"picked":"Slimebound:SplitBruiser+1","floor":19},{"not_picked":["Slimebound:LeadByExample","Slimebound:SplitBruiser+1"],"picked":"Slimebound:Prepare+1","floor":20},{"not_picked":["Slimebound:FinishingTackle","Slimebound:RollThrough"],"picked":"Slimebound:LeechEnergy","floor":21},{"not_picked":["Slimebound:GoopSpray+1","Slimebound:ComboTackle+1"],"picked":"Slimebound:ForwardTackle+1","floor":22}],"player_experience":186913,"relics_obtained":[{"floor":6,"key":"Toxic Egg 2"},{"floor":12,"key":"Vajra"},{"floor":17,"key":"Bag of Preparation"},{"floor":17,"key":"HornCleat"},{"floor":17,"key":"Du-Vu Doll"},{"floor":21,"key":"Calipers"},{"floor":21,"key":"Mercury Hourglass"},{"floor":24,"key":"Question Card"}],"event_choices":[],"is_beta":false,"boss_relics":[{"not_picked":["Astrolabe","Philosopher\u0027s Stone"],"picked":"Calling Bell"}],"items_purged_floors":[22],"is_endless":false,"potions_floor_spawned":[11,12,13,15,20],"killed_by":"Gremlin Leader","ascension_level":0}}