{"host":"9qh03gjyvt0jixwo","time":1609434248,"event":{"mods":["Act Like it!","BaseMod","CapriCore","Colored Map","Colored Powertips","Dota2Spire","Friendly Minions","Gensokyo","GifTheSpireLib","Highlight Path","Koishi","KomeijiMod","Marisa£®ÏF”Í°°ƒß¿Ì…≥£©","Minty Spire (QoL Compilation)","Reimu£®≤©¿ˆ¡È√Œ£©","Remilia£®¿Ÿ√◊¿Ú—«£©","Replay The Spire","StSLib","The Immortal","Yakumo Yukari mod","Youmu£®ªÍ∆«—˝√Œ£©"],"gold_per_floor":[119,119,119,154,187,187,200,200,253,273,273,273,273,287,287,287,287,402,402,442,455,549,566,582,582,618,618,618,629,648,660,31,31,31,136,236,275,312,238,275,309,395,452,452,452,503,556,556,588,622,622,622],"floor_reached":53,"playtime":5307,"items_purged":["Pride"],"score":686,"play_id":"4e2bdf6e-6a93-4f0a-bbf6-2f6dbd3a70cf","local_time":"20210101010408","is_ascension_mode":false,"campfire_choices":[{"data":"ScarletDream","floor":6,"key":"SMITH"},{"data":"GlobalNightmare","floor":8,"key":"SMITH"},{"data":"RedMoon","floor":12,"key":"SMITH"},{"floor":17,"key":"DIG"},{"floor":25,"key":"REST"},{"floor":27,"key":"REST"},{"floor":34,"key":"REST"},{"floor":44,"key":"REST"},{"floor":48,"key":"REST"},{"floor":51,"key":"REST"}],"circlet_count":0,"master_deck":["Strike_RM","Strike_RM","Strike_RM+1","Defend_RM","Defend_RM+1","Defend_RM","RedMoon+1","ScarletShoot","FavorOfDestiny+1","ScarletDream+1","GlobalNightmare+1","LeisurelyOfLord+1","FavorOfDestiny","ScarletImprint+1","BloodRain+1","DiffusionOfMisfortune+1","RedNightlessCastle","ScarletImprint+1","UnstableMagic","MastersStateliness","TwelveNightmare","ForecastOfChange","EternalNight","ScarletMeister","BloodAndWine+1","HunterOfTheNight","MastersStateliness+1","ReincarnationDial","CurseOfVladTepes"],"relics":["ScarletHat","Vajra","Ring of Fangs","Art of War","Replay:Grab Bag","Fusion Hammer","Philosopher\u0027s Stone","Empty Cage","SacredBark","Meat on the Bone","Dota2Spire:Dagon","Gremlin Food","Membership Card","GreatHeart","Replay:Wanted Poster","CatCart","Replay:Rubber Ducky"],"acts_visited":["Exordium","TheCity","TheBeyond"],"potions_floor_usage":[18,18,21,23,24,35,35,50,52,52,52],"damage_taken":[{"damage":0,"enemies":"Jaw Worm","floor":1,"turns":5},{"damage":0,"enemies":"2 Louse","floor":4,"turns":6},{"damage":0,"enemies":"Small Slimes","floor":5,"turns":4},{"damage":2,"enemies":"Blue Slaver","floor":7,"turns":4},{"damage":0,"enemies":"Looter","floor":10,"turns":2},{"damage":0,"enemies":"3 Louse","floor":14,"turns":1},{"damage":0,"enemies":"Fading Forest","floor":18,"turns":11},{"damage":0,"enemies":"Shell Parasite","floor":20,"turns":4},{"damage":0,"enemies":"Chosen","floor":21,"turns":6},{"damage":0,"enemies":"Centurion and Healer","floor":23,"turns":3},{"damage":8,"enemies":"3 Cultists","floor":24,"turns":5},{"damage":11,"enemies":"Sentry and Sphere","floor":26,"turns":7},{"damage":2,"enemies":"Centurion and Healer","floor":29,"turns":5},{"damage":16,"enemies":"Shelled Parasite and Fungi","floor":30,"turns":10},{"damage":9,"enemies":"Chosen and Byrds","floor":31,"turns":5},{"damage":49,"enemies":"Champ","floor":35,"turns":11},{"damage":8,"enemies":"Orb Walker","floor":37,"turns":5},{"damage":31,"enemies":"3 Darklings","floor":38,"turns":3},{"damage":19,"enemies":"Maw","floor":40,"turns":6},{"damage":19,"enemies":"Spire Growth","floor":41,"turns":5},{"damage":3,"enemies":"Orin","floor":42,"turns":7},{"damage":35,"enemies":"4 Shapes","floor":43,"turns":5},{"damage":0,"enemies":"Maw","floor":46,"turns":7},{"damage":13,"enemies":"3 Darklings","floor":47,"turns":5},{"damage":27,"enemies":"Jaw Worm Horde","floor":49,"turns":7},{"damage":8,"enemies":"Maw","floor":50,"turns":5},{"damage":31,"enemies":"Awakened One","floor":52,"turns":7}],"seed_played":"6144808540423602999","potions_obtained":[{"floor":0,"key":"ExcitationPotion"},{"floor":0,"key":"ColorlessPotion"},{"floor":0,"key":"FairyPotion"},{"floor":7,"key":"LifebloodPotion"},{"floor":18,"key":"SkillPotion"},{"floor":18,"key":"Weak Potion"},{"floor":21,"key":"Dota2Spire:HealingSalve"},{"floor":23,"key":"LiquidMemories"},{"floor":24,"key":"Dota2Spire:Clarity"},{"floor":35,"key":"GrandPatriotsElixir:ReiMu"},{"floor":35,"key":"Elixir"},{"floor":37,"key":"Toxic Potion"},{"floor":49,"key":"Dota2Spire:HealingSalve"},{"floor":50,"key":"RedTea"},{"floor":50,"key":"DestinyDice"}],"is_trial":false,"path_per_floor":["M","?","?","M","M","R","M","R","T","M","?","R","?","M","PTL","PTL","R_BF","B",null,"M","M","?","M","M","R","M","R","T","M","M","M","$","?","R","B",null,"M","M","$","M","M","?","M","R","T","M","M","R","M","M","R","B",null],"character_chosen":"REMILIA","items_purchased":["Dota2Spire:Dagon","Gremlin Food","Membership Card","HunterOfTheNight"],"campfire_rested":6,"item_purchase_floors":[32,32,32,39],"current_hp_per_floor":[75,75,60,62,62,62,62,62,62,62,62,62,62,62,62,62,62,69,75,75,75,75,75,67,75,65,75,75,73,63,62,62,62,75,41,75,71,52,52,45,43,61,49,71,71,75,63,75,61,75,75,60],"gold":622,"neow_bonus":"THREE_SMALL_POTIONS","is_daily":false,"chose_seed":false,"campfire_upgraded":3,"win_rate":0.0,"timestamp":1609434248,"path_taken":["M","?","?","M","M","R","M","R","T","M","?","R","?","?","PTL","PTL","R_BF","BOSS","M","M","?","M","?","R","M","R","T","M","M","?","?","?","R","BOSS","M","M","$","M","M","?","M","R","T","M","M","R","M","M","R","BOSS"],"items_purchased_type":["Relic","Relic","Relic","Card"],"build_version":"2020-12-22","purchased_purges":1,"victory":true,"max_hp_per_floor":[75,75,75,75,75,75,75,75,75,75,75,75,75,75,75,75,75,75,75,75,75,75,75,75,75,75,75,75,75,75,75,75,75,75,75,75,75,75,75,75,75,75,75,75,75,75,75,75,75,75,75,75],"card_choices":[{"not_picked":["NightLord","UnstableMagic"],"picked":"FavorOfDestiny","floor":1},{"not_picked":["VampireSweep","DiffusionOfMisfortune"],"picked":"ScarletDream","floor":4},{"not_picked":["RedRainbow","EndlessAdversity"],"picked":"GlobalNightmare","floor":5},{"not_picked":["UnderTheZenith","ScarletDream"],"picked":"LeisurelyOfLord","floor":7},{"not_picked":["UnderTheZenith","EndlessAdversity"],"picked":"FavorOfDestiny","floor":10},{"not_picked":["EndlessAdversity","BlasphemousPunishment"],"picked":"ScarletImprint","floor":14},{"not_picked":["CeilingFear","ScarletMeister"],"picked":"BloodRain","floor":18},{"not_picked":["CharismaGuard","Stigmanizer"],"picked":"DiffusionOfMisfortune+1","floor":20},{"not_picked":["MastersStateliness","RedRainbow"],"picked":"RedNightlessCastle","floor":21},{"not_picked":["FavorOfDestiny","VampireFantasy"],"picked":"ScarletImprint+1","floor":22},{"not_picked":["ChaoticDestiny","CharismaGuard"],"picked":"UnstableMagic","floor":22},{"not_picked":["EmergencyRegeneration","EndlessAdversity+1"],"picked":"MastersStateliness","floor":22},{"not_picked":["Stigmanizer","ScarletImprint"],"picked":"TwelveNightmare","floor":23},{"not_picked":["RedRainbow","UnstableMagic","BlasphemousPunishment"],"picked":"SKIP","floor":24},{"not_picked":["DiffusionOfMisfortune","BloodyTrap","RedRainbow"],"picked":"SKIP","floor":26},{"not_picked":["RedRainbow","EndlessAdversity","LeisurelyOfLord"],"picked":"SKIP","floor":29},{"not_picked":["ScarletImprint","UnderTheZenith+1"],"picked":"ForecastOfChange","floor":30},{"not_picked":["FavorOfDestiny","MastersStateliness"],"picked":"EternalNight","floor":31},{"not_picked":["KillingBlow","HellCatastrophe"],"picked":"ScarletMeister","floor":35},{"not_picked":["Maim+1","ScarletImprint"],"picked":"BloodAndWine+1","floor":37},{"not_picked":["ScarletDream","EmergencyRegeneration","DiffusionOfMisfortune+1"],"picked":"SKIP","floor":38},{"not_picked":["LeisurelyOfLord+1","UltimateOffering+1","VampireFantasy+1"],"picked":"SKIP","floor":40},{"not_picked":["ScarletImprint","Stigmanizer"],"picked":"MastersStateliness+1","floor":41},{"not_picked":["LeisurelyOfLord","BlasphemousPunishment"],"picked":"ReincarnationDial","floor":42},{"not_picked":["DiffusionOfMisfortune","FavorOfDestiny+1","AfternoonTea+1"],"picked":"SKIP","floor":43},{"not_picked":["ScarletGensokyo+1","FavorOfDestiny","HellCatastrophe"],"picked":"SKIP","floor":46},{"not_picked":["VampireSweep+1","UnderTheZenith+1","CharismaGuard+1"],"picked":"SKIP","floor":47},{"not_picked":["RedRainbow","MastersStateliness","ScarletImprint"],"picked":"SKIP","floor":49},{"not_picked":["DiffusionOfMisfortune+1","CharismaGuard"],"picked":"CurseOfVladTepes","floor":50}],"player_experience":269706,"relics_obtained":[{"floor":9,"key":"Vajra"},{"floor":13,"key":"Ring of Fangs"},{"floor":17,"key":"Art of War"},{"floor":28,"key":"Meat on the Bone"},{"floor":42,"key":"CatCart"},{"floor":45,"key":"Replay:Rubber Ducky"}],"event_choices":[{"damage_healed":0,"gold_gain":0,"player_choice":"Entered Light","damage_taken":15,"max_hp_gain":0,"max_hp_loss":0,"event_name":"Shining Light","floor":3,"gold_loss":0,"cards_upgraded":["Defend_RM","Strike_RM"]},{"damage_healed":0,"gold_gain":0,"player_choice":"Ignored","damage_taken":0,"max_hp_gain":0,"max_hp_loss":0,"event_name":"Liars Game","floor":11,"gold_loss":0},{"damage_healed":0,"gold_gain":0,"player_choice":"Fight","damage_taken":0,"max_hp_gain":0,"max_hp_loss":0,"event_name":"OrinTheCat","floor":42,"gold_loss":0}],"is_beta":false,"boss_relics":[{"not_picked":["Ring of Chaos","Coffee Dripper"],"picked":"Replay:Grab Bag"},{"not_picked":["Busted Crown","ChewingGum"],"picked":"Fusion Hammer"},{"not_picked":["Runic Dome","Velvet Choker"],"picked":"Philosopher\u0027s Stone"},{"not_picked":["Calling Bell","Runic Pyramid"],"picked":"Empty Cage"},{"not_picked":["Snecko Eye","Kintsugi"],"picked":"SacredBark"},{"not_picked":["Painkiller Herb","APieceOfRedMist"],"picked":"Replay:Wanted Poster"}],"items_purged_floors":[39],"is_endless":false,"potions_floor_spawned":[5,7,18,23,24,31,40,41,46,47,49,50],"ascension_level":0}}