{"host":"bf9sa99gaumonoeu","time":1609388665,"event":{"mods":["AchievementEnabler","Act Like it!","BaseMod","Colored Map","Colored Powertips","Downfall","Friendly Minions","Gensokyo","Hermit","Jorbs\u0027s Wanderer Trilogy","Marisa????????","Minty Spire (QoL Compilation)","Remilia??????","Replay The Spire","Shop Mod","StSLib","The Animator","The Bug Knight","The Cursed","The Disciple","The Hierophant","The Senshi","The Servant 0.9.4"],"gold_per_floor":[117,65,81,107,138,138,154,154,154,154,172,217,242,271,271,369,369,369,61,61,61,61,61,61,61,61,61,61,61,61,61,61,61,61,61,61,61,61,61,61,61,7,7,7,7,7,7,7,7,7,7,7,438,438,438],"floor_reached":54,"playtime":9088,"items_purged":["animator:Strike"],"score":796,"play_id":"494a72ed-286f-42c1-8e79-74f357420061","local_time":"20201231022425","is_ascension_mode":false,"campfire_choices":[{"data":"animator:Shion","floor":6.0,"key":"SMITH"},{"data":"animator:Lancer","floor":10.0,"key":"SMITH"},{"floor":15,"key":"DIG"},{"data":"animator:LizardPriest","floor":23,"key":"SMITH"},{"data":"animator:Mitsurugi","floor":28,"key":"SMITH"},{"data":"animator:Guy","floor":32,"key":"SMITH"},{"floor":44,"key":"RECALL"},{"data":"animator:HomuraAkemi","floor":47,"key":"SMITH"},{"floor":49,"key":"REST"},{"data":"animator:LizardPriest","floor":52,"key":"SMITH"}],"circlet_count":0,"master_deck":["animator:Strike_Konosuba","animator:Defend_Konosuba","animator:Strike","animator:Strike","animator:Defend","animator:Defend","animator:Defend","animator:Kazuma","animator:Lancer","animator:Shion","animator:Viivi","animator:Mitsurugi","animator:Gillette","animator:Sonic","animator:HomuraAkemi","animator:Guy","animator:LizardPriest","animator:Gilgamesh","animator:Kaijin","animator:Darkness","animator:MumenRider","animator:AcuraAkari","animator:Saber","animator:Darkness","animator:Fredrika","animator:KyokoSakura","animator:Lancer","animator:AcuraTooru","animator:LizardPriest"],"relics":["animator:TheWolleyCore","animator:LivingPicture","animator:TheMissingPiece"],"acts_visited":["Exordium","TheCity","TheBeyond","TheEnding","EYB:TheUnnamedReign"],"potions_floor_usage":[12,22,25,27,33,33,40,48,50],"damage_taken":[{"damage":1.0,"enemies":"2 Louse","floor":1.0,"turns":3.0},{"damage":4.0,"enemies":"Cultist","floor":3.0,"turns":4.0},{"damage":6.0,"enemies":"Jaw Worm","floor":4.0,"turns":3.0},{"damage":1.0,"enemies":"Exordium Wildlife","floor":5.0,"turns":5.0},{"damage":0.0,"enemies":"Looter","floor":7.0,"turns":2.0},{"damage":0.0,"enemies":"Large Slime","floor":11.0,"turns":5.0},{"damage":0,"enemies":"3 Sentries","floor":12,"turns":6},{"damage":0,"enemies":"2 Fungi Beasts","floor":13,"turns":3},{"damage":2,"enemies":"Lagavulin","floor":14,"turns":8},{"damage":16,"enemies":"Fading Forest","floor":16,"turns":11},{"damage":0,"enemies":"Shell Parasite","floor":18,"turns":5},{"damage":0,"enemies":"Chosen","floor":20,"turns":4},{"damage":0,"enemies":"Snake Plant","floor":22,"turns":4},{"damage":2,"enemies":"HollowMod:Nosk","floor":25,"turns":7},{"damage":0,"enemies":"Gremlin Leader","floor":27,"turns":5},{"damage":0,"enemies":"Snecko","floor":29,"turns":4},{"damage":2,"enemies":"Centurion and Healer","floor":30,"turns":6},{"damage":54,"enemies":"Champ","floor":33,"turns":15},{"damage":0,"enemies":"Orb Walker","floor":35,"turns":3},{"damage":0,"enemies":"3 Shapes","floor":36,"turns":5},{"damage":0,"enemies":"Transient","floor":37,"turns":6},{"damage":27,"enemies":"Reptomancer","floor":40,"turns":5},{"damage":0,"enemies":"4 Shapes","floor":41,"turns":5},{"damage":0,"enemies":"Sphere and 2 Shapes","floor":45,"turns":4},{"damage":2,"enemies":"3 Darklings","floor":46,"turns":7},{"damage":0,"enemies":"Orin","floor":48,"turns":9},{"damage":56,"enemies":"Donu and Deca","floor":50,"turns":8},{"damage":86,"enemies":"animator:TRIPLE_SHAPES_WEAK","floor":54,"turns":9}],"seed_played":"-1400050522573357264","potions_obtained":[{"floor":1.0,"key":"Flashbang"},{"floor":5.0,"key":"animator:FalseLifePotion"},{"floor":7.0,"key":"Fire Potion"},{"floor":12,"key":"Dexterity Potion"},{"floor":16,"key":"SpeedPotion"},{"floor":24,"key":"DuplicationPotion"},{"floor":25,"key":"Languid Potion"},{"floor":29,"key":"LiquidMemories"},{"floor":37,"key":"Dexterity Potion"},{"floor":41,"key":"SpeedPotion"},{"floor":45,"key":"Elixir"}],"is_trial":false,"path_per_floor":["M","$","M","M","M","R","M","?","T","R","M","E","M","E","R_BF","B",null,"M","$","M","$","M","R","?","E","T","E","R","M","M","T","R","B",null,"M","M","M","?","T","E","M","$","T","R","M","M","R","?","R","B",null,"R","??","M"],"character_chosen":"THE_ANIMATOR","items_purchased":["Fire Potion","ClockworkSouvenir","animator:Kaijin","animator:LizardPriest"],"campfire_rested":1,"item_purchase_floors":[2,19,19,42],"current_hp_per_floor":[71,71,68,64,65,65,68,73,73,73,73,73,73,71,71,55,73,73,73,74,74,74,74,74,72,72,72,72,73,71,71,71,17,75,75,75,76,76,76,49,51,51,51,51,51,49,49,49,72,16,78,78,86,0,0],"gold":438,"neow_bonus":"TEN_PERCENT_HP_BONUS","is_daily":false,"chose_seed":false,"campfire_upgraded":7,"win_rate":0.0,"timestamp":1609388665,"path_taken":["M","$","M","M","M","R","M","?","T","R","M","E","M","E","R_BF","BOSS","M","$","M","?","M","R","?","E","T","E","R","M","?","?","R","BOSS","M","M","?","?","?","E","M","$","T","R","M","M","R","?","R","BOSS","R","??","M"],"items_purchased_type":["Potion","Relic","Card","Card"],"build_version":"2020-12-22","purchased_purges":1,"victory":false,"max_hp_per_floor":[72,72,72,72,72,72,73,73,73,73,73,73,73,73,73,73,73,73,73,74,74,74,74,74,74,74,74,74,75,75,75,75,75,75,75,75,76,76,76,76,78,78,78,78,78,78,78,78,78,78,78,78,86,86,86],"card_choices":[{"not_picked":["animator:DwarfShaman","animator:MumenRider"],"picked":"animator:Lancer","floor":1.0},{"not_picked":["animator:LizardPriest","animator:Geryuganshoop"],"picked":"animator:Shion","floor":3.0},{"not_picked":["animator:Lancer","animator:YuiTsuruno"],"picked":"animator:Viivi","floor":4.0},{"not_picked":["animator:Kazuma","animator:Verdia"],"picked":"animator:Mitsurugi","floor":5.0},{"not_picked":["animator:SuzuneAmano","animator:Vanir"],"picked":"animator:Gillette","floor":7.0},{"not_picked":["animator:Fredrika","animator:Mitsurugi"],"picked":"animator:Sonic","floor":11.0},{"not_picked":["animator:SakuraMatou","animator:Rider"],"picked":"animator:HomuraAkemi","floor":12},{"not_picked":["animator:Gillette","animator:Viivi"],"picked":"animator:Guy","floor":13},{"not_picked":["animator:Caster","animator:SuzuneAmano"],"picked":"animator:LizardPriest","floor":14},{"not_picked":["animator:ChaikaTrabant","animator:MadokaKaname"],"picked":"animator:Gilgamesh","floor":16},{"not_picked":["animator:Vesta","animator:Spearman","animator:Shion"],"picked":"SKIP","floor":18},{"not_picked":["animator:YachiyoNanami","animator:LizardPriest"],"picked":"animator:Darkness+1","floor":20},{"not_picked":["animator:Wiz","animator:Verdia","animator:MetalKnight"],"picked":"SKIP","floor":25},{"not_picked":["animator:LizardPriest","animator:Berserker"],"picked":"animator:MumenRider+1","floor":27},{"not_picked":["animator:Kazuma","animator:SakuraMatou"],"picked":"animator:AcuraAkari+1","floor":29},{"not_picked":["animator:AcuraShin","animator:Kyubey"],"picked":"animator:Saber","floor":33},{"not_picked":["animator:CowGirl+1","animator:Genos"],"picked":"animator:Darkness+1","floor":35},{"not_picked":["animator:Archer+1","animator:Illya+1"],"picked":"animator:Fredrika+1","floor":36},{"not_picked":["animator:NagisaMomoe+1","animator:Layla"],"picked":"animator:KyokoSakura+1","floor":37},{"not_picked":["animator:Illya","animator:Assassin"],"picked":"animator:Lancer","floor":40},{"not_picked":["animator:ShinjiMatou+1","animator:GazelDwargon+1"],"picked":"animator:AcuraTooru+1","floor":41},{"not_picked":["animator:KyokoSakura","animator:ChaikaBohdan+1","animator:Berserker+1"],"picked":"SKIP","floor":45},{"not_picked":["animator:Verdia+1","animator:Kazuma+1","animator:Berserker"],"picked":"SKIP","floor":46}],"player_experience":611916,"relics_obtained":[{"floor":9.0,"key":"Divine Protection"},{"floor":12,"key":"animator:Buoy"},{"floor":14,"key":"War Paint"},{"floor":15,"key":"Replay:Bottled Flurry"},{"floor":25,"key":"theSenshi:SailorFukuRelic"},{"floor":26,"key":"Darkstone Periapt"},{"floor":27,"key":"ReplayTheSpireMod:Lightbulb"},{"floor":31,"key":"Bag of Marbles"},{"floor":39,"key":"Whetstone"},{"floor":40,"key":"PreservedInsect"},{"floor":48,"key":"CatCart"},{"floor":53,"key":"animator:TheWolleyCore"}],"event_choices":[{"cards_removed":["animator:Aqua"],"damage_healed":5.0,"max_hp_gain":0.0,"max_hp_loss":0.0,"gold_gain":0.0,"event_name":"Bonfire Elementals","player_choice":"Offered Uncommon","floor":8.0,"gold_loss":0.0,"damage_taken":0.0},{"damage_healed":0,"gold_gain":0,"player_choice":"Got Potions","damage_taken":0,"max_hp_gain":0,"max_hp_loss":0,"event_name":"Lab","floor":24,"gold_loss":0},{"damage_healed":0,"gold_gain":0,"player_choice":"Fight","damage_taken":0,"max_hp_gain":0,"max_hp_loss":0,"event_name":"OrinTheCat","floor":48,"gold_loss":0}],"is_beta":false,"boss_relics":[{"not_picked":["Velvet Choker","Fusion Hammer"],"picked":"Ectoplasm"},{"not_picked":["ChewingGum","SacredBark"],"picked":"SlaversCollar"}],"items_purged_floors":[19],"is_endless":false,"potions_floor_spawned":[1,5,7,12,16,18,25,29,30,37,41,45],"killed_by":"animator:TRIPLE_SHAPES_WEAK","ascension_level":0}}