{"host":"qfskrnw3pl1q86j0","time":1609425212,"event":{"mods":["BaseMod","Block Reminder","Hermit","Marisa????????","Minty Spire (QoL Compilation)","Quick Restart","Random Character Button","Relic Stats","StSLib","The Poker Player","slay the spire mod where everything is the same but ironclad has a cowboy hat"],"gold_per_floor":[10,10,35,59,72,72,96,135,135,135,170,170,245,258,258,383,383,404,283,243,258,281,281,294,294,348,101,126,126,149,190,190,318,318,334,128,149,149,170,170,170,503,526,545,557,110,110,127,127,127],"floor_reached":51,"playtime":1476,"items_purged":["Strike_P","Strike_P","DeusExMachina","Strike_P"],"score":756,"play_id":"0a7f8531-1057-43a9-b01b-7f8a483d95b6","local_time":"20201231153332","is_ascension_mode":false,"campfire_choices":[{"data":"Eruption","floor":6.0,"key":"SMITH"},{"data":"EmptyFist","floor":10.0,"key":"SMITH"},{"data":"Vigilance","floor":12.0,"key":"SMITH"},{"data":"1","floor":15.0,"key":"LIFT"},{"data":"2","floor":23,"key":"LIFT"},{"data":"3","floor":25,"key":"LIFT"},{"data":"Tantrum","floor":29,"key":"SMITH"},{"data":"BattleHymn","floor":32,"key":"SMITH"},{"data":"EmptyFist","floor":40,"key":"SMITH"},{"floor":47,"key":"REST"},{"data":"Meditate","floor":49,"key":"SMITH"}],"circlet_count":0,"master_deck":["Strike_P","Defend_P","Defend_P+1","Defend_P","Defend_P","Eruption+1","Vigilance+1","EmptyBody+1","EmptyFist+1","Conclude","BattleHymn+1","Tantrum+1","Judgement","FollowUp","Halt","Perseverance+1","EmptyFist+1","Evaluate+1","Adaptation","Meditate+1","WindmillStrike+1"],"relics":["PureWater","Shovel","Girya","Pear","Blood Vial","Sozu","Juzu Bracelet","Omamori","CloakClasp","Busted Crown","StoneCalendar","Boot","Strawberry","Frozen Eye"],"acts_visited":["Exordium","TheCity","TheBeyond"],"potions_floor_usage":[21,31,50],"damage_taken":[{"damage":0.0,"enemies":"Cultist","floor":1.0,"turns":2.0},{"damage":3.0,"enemies":"2 Louse","floor":3.0,"turns":2.0},{"damage":0.0,"enemies":"Small Slimes","floor":4.0,"turns":3.0},{"damage":0.0,"enemies":"Exordium Thugs","floor":5.0,"turns":4.0},{"damage":3.0,"enemies":"Red Slaver","floor":7.0,"turns":4.0},{"damage":0.0,"enemies":"Lagavulin","floor":8.0,"turns":4.0},{"damage":5.0,"enemies":"3 Sentries","floor":11.0,"turns":4.0},{"damage":0.0,"enemies":"Large Slime","floor":14.0,"turns":2.0},{"damage":23.0,"enemies":"The Guardian","floor":16.0,"turns":7.0},{"damage":0.0,"enemies":"Chosen","floor":18.0,"turns":3.0},{"damage":0,"enemies":"Shell Parasite","floor":21,"turns":2},{"damage":7,"enemies":"Snake Plant","floor":22,"turns":3},{"damage":0,"enemies":"3 Cultists","floor":24,"turns":4},{"damage":3,"enemies":"Shelled Parasite and Fungi","floor":28,"turns":3},{"damage":14,"enemies":"Snake Plant","floor":30,"turns":2},{"damage":0,"enemies":"Slavers","floor":31,"turns":2},{"damage":19,"enemies":"Champ","floor":33,"turns":6},{"damage":7,"enemies":"Orb Walker","floor":35,"turns":3},{"damage":7,"enemies":"3 Shapes","floor":37,"turns":4},{"damage":0,"enemies":"Writhing Mass","floor":39,"turns":4},{"damage":16,"enemies":"3 Darklings","floor":44,"turns":3},{"damage":14,"enemies":"4 Shapes","floor":45,"turns":4},{"damage":3,"enemies":"Jaw Worm Horde","floor":48,"turns":3},{"damage":37,"enemies":"Time Eater","floor":50,"turns":7}],"seed_played":"3846870397129269821","potions_obtained":[{"floor":3.0,"key":"FearPotion"},{"floor":7.0,"key":"Regen Potion"},{"floor":8.0,"key":"Energy Potion"},{"floor":14.0,"key":"PowerPotion"},{"floor":16.0,"key":"DistilledChaos"}],"is_trial":false,"path_per_floor":["M","?","M","M","M","R","M","E","T","R","E","R","?","M","R","B",null,"M","$","?","M","M","R","M","R","T","$","M","R","M","E","R","B",null,"M","$","M","T","M","R","?","?","T","M","M","$","R","M","R","B",null],"character_chosen":"WATCHER","items_purchased":["Halt","Omamori","Meditate","Strawberry","Frozen Eye"],"campfire_rested":1,"item_purchase_floors":[19,27,36,46,46],"current_hp_per_floor":[72,67,64,64,64,64,61,61,71,71,66,66,55,57,57,36,77,77,77,77,77,70,70,72,72,72,72,71,71,59,61,61,44,77,70,70,65,65,67,67,67,67,67,53,41,48,73,72,72,37],"gold":127,"neow_bonus":"ONE_RARE_RELIC","is_daily":false,"chose_seed":false,"campfire_upgraded":7,"win_rate":0.0,"timestamp":1609425212,"path_taken":["M","?","M","M","M","R","M","E","T","R","E","R","?","M","R","BOSS","M","$","?","?","M","R","M","R","T","$","M","R","M","E","R","BOSS","M","$","M","?","M","R","?","?","T","M","M","$","R","M","R","BOSS"],"items_purchased_type":["Card","Relic","Card","Relic","Relic"],"build_version":"2020-12-22","purchased_purges":4,"victory":true,"max_hp_per_floor":[72,67,67,67,67,67,67,67,77,77,77,77,77,77,77,77,77,77,77,77,77,77,77,77,77,77,77,77,77,77,77,77,77,77,77,77,77,77,77,77,77,77,77,77,77,84,84,84,84,84],"relic_stats":{"Blood Vial":26,"Sozu":7,"Shovel":0,"Busted Crown":12,"counters":[24,85],"StoneCalendar":[0],"Juzu Bracelet":1,"CloakClasp":[72],"Boot":[4],"obtain_stats":[{"Girya":8,"Pear":9,"Golden Idol":2,"StoneCalendar":38,"Juzu Bracelet":26,"Omamori":27,"CloakClasp":31,"Boot":43,"Blood Vial":11,"Sozu":17,"Frozen Eye":46,"Shovel":0,"Busted Crown":34,"Strawberry":46,"PureWater":0},{"Girya":6,"Pear":6,"Golden Idol":1,"StoneCalendar":19,"Juzu Bracelet":13,"Omamori":13,"CloakClasp":16,"Boot":20,"Blood Vial":7,"Sozu":9,"Frozen Eye":22,"Shovel":0,"Busted Crown":17,"Strawberry":22,"PureWater":0},{"Girya":19,"Pear":19,"Golden Idol":2,"StoneCalendar":64,"Juzu Bracelet":44,"Omamori":44,"CloakClasp":51,"Boot":68,"Blood Vial":23,"Sozu":32,"Frozen Eye":75,"Shovel":0,"Busted Crown":57,"Strawberry":75,"PureWater":0}]},"card_choices":[{"not_picked":["ClearTheMind","Halt"],"picked":"EmptyBody","floor":1.0},{"not_picked":["PathToVictory","ForeignInfluence"],"picked":"EmptyFist","floor":3.0},{"not_picked":["WreathOfFlame","JustLucky"],"picked":"Conclude","floor":4.0},{"not_picked":["ThirdEye","Weave"],"picked":"BattleHymn","floor":5.0},{"not_picked":["Protect","Wallop","Brilliance"],"picked":"SKIP","floor":7.0},{"not_picked":["CarveReality","TalkToTheHand","Nirvana"],"picked":"SKIP","floor":8.0},{"not_picked":["PathToVictory","ReachHeaven","Crescendo"],"picked":"SKIP","floor":11.0},{"not_picked":["FearNoEvil","InnerPeace"],"picked":"Tantrum","floor":14.0},{"not_picked":["Brilliance","DevaForm"],"picked":"Judgement","floor":16.0},{"not_picked":["FlurryOfBlows","Perseverance"],"picked":"FollowUp","floor":18.0},{"not_picked":["Evaluate","Pray"],"picked":"Perseverance+1","floor":21},{"not_picked":["TalkToTheHand","SashWhip"],"picked":"EmptyFist","floor":22},{"not_picked":["Weave","Crescendo+1","Protect"],"picked":"SKIP","floor":24},{"not_picked":["EmptyFist","CrushJoints"],"picked":"Evaluate+1","floor":28},{"not_picked":["JustLucky","Consecrate","Study"],"picked":"SKIP","floor":30},{"not_picked":["WheelKick","Vengeance"],"picked":"Adaptation","floor":31},{"not_picked":["Alpha","ConjureBlade"],"picked":"DeusExMachina","floor":33},{"not_picked":["ReachHeaven+1"],"picked":"SKIP","floor":35},{"not_picked":["JustLucky+1"],"picked":"SKIP","floor":37},{"not_picked":[],"picked":"WindmillStrike+1","floor":39},{"not_picked":["ForeignInfluence+1"],"picked":"SKIP","floor":44},{"not_picked":["ThirdEye"],"picked":"SKIP","floor":45},{"not_picked":["DeceiveReality"],"picked":"SKIP","floor":48}],"player_experience":886902,"relics_obtained":[{"floor":8.0,"key":"Girya"},{"floor":9.0,"key":"Pear"},{"floor":11.0,"key":"Blood Vial"},{"floor":26,"key":"Juzu Bracelet"},{"floor":31,"key":"CloakClasp"},{"floor":38,"key":"StoneCalendar"},{"floor":43,"key":"Boot"}],"event_choices":[{"damage_healed":0.0,"max_hp_gain":0.0,"max_hp_loss":5.0,"gold_gain":0.0,"event_name":"Golden Idol","player_choice":"Lose Max HP","floor":2.0,"gold_loss":0.0,"damage_taken":0.0,"relics_obtained":["Golden Idol"]},{"damage_healed":0.0,"max_hp_gain":0.0,"max_hp_loss":0.0,"gold_gain":75.0,"event_name":"World of Goop","player_choice":"Gather Gold","floor":13.0,"gold_loss":0.0,"damage_taken":11.0},{"damage_healed":0,"gold_gain":0,"player_choice":"Upgraded Two","damage_taken":0,"max_hp_gain":0,"max_hp_loss":0,"event_name":"Designer","floor":20,"gold_loss":40,"cards_upgraded":["EmptyBody","Defend_P"]},{"damage_healed":0,"gold_gain":0,"player_choice":"Ignored","damage_taken":0,"max_hp_gain":0,"max_hp_loss":0,"event_name":"SecretPortal","floor":41,"gold_loss":0},{"damage_healed":0,"gold_gain":333,"player_choice":"Gave Idol","damage_taken":0,"max_hp_gain":0,"max_hp_loss":0,"event_name":"The Moai Head","floor":42,"relics_lost":["Golden Idol"],"gold_loss":0}],"is_beta":false,"boss_relics":[{"not_picked":["Snecko Eye","Ectoplasm"],"picked":"Sozu"},{"not_picked":["Philosopher\u0027s Stone","Coffee Dripper"],"picked":"Busted Crown"}],"items_purged_floors":[19,27,36,46],"is_endless":false,"potions_floor_spawned":[3,7,8,14,16,18,24,28,30,33,44,48],"ascension_level":0}}