{"host":"4c7oxphrh4ok8x7u","time":1609432359,"event":{"mods":["2.2 Compatiblity","Act Like it!","Arknights The Spire","Aspiration","BaseMod","Better Skull","Better Vampires","BetterRewards","Challenge The Spire","Conjunction","Conspire","Custom Start","Dota2Spire","Ekko","Evolution","Friendly Minions","FruityMod","GifTheSpireLib","Halation","Hermit","HololiveMod","Hubris","Hyrulean Relics","Jedi Mod","Kratos Character Expansion","Minty Spire (QoL Compilation)","MostiFishMod","Permanent Neow","Prisma Mod","Quarter Circle Forward PUNCH!","RatMod","Replay The Spire","Robot Space Explorer","SCP261 Mod","Shade Mod","Slay the Relics Exporter","Small Relic Pack","Spicy Shops","Spikes Relics","Spires And Sneckos","StSLib","Stuff the Spire","The Animator","The Blue Laboratory","The Death Knight","The Edgeheg","The Exalted","The Fake Hero","The Trickster","TheWitcher","Wandering Minibosses"],"gold_per_floor":[112,130,205,205,205,233,251,265,336,336,347,122,122,139,139,244,244,257,269,10,24,224,257,275,290,362,387,387,402,402,414,414,518,518,536,536,550,76,91,108,108,108,108,126,138,167,186,198,198,198],"floor_reached":51,"playtime":3989,"items_purged":["Strike_G"],"score":977,"play_id":"c7c0e680-e465-4833-bec1-1e80ebeb1633","local_time":"20201231193239","is_ascension_mode":false,"campfire_choices":[{"floor":15,"key":"DIG"},{"data":"rat:VenomousWounds","floor":28,"key":"SMITH"},{"floor":30,"key":"RECALL"},{"data":"Strike_G","floor":32,"key":"PURGE"},{"data":"jedi:collectorvenom","floor":41,"key":"SMITH"},{"data":"ReplayTheSpireMod:Scrap Shanks","floor":49,"key":"SMITH"}],"circlet_count":0,"master_deck":["Strike_G","Strike_G","Defend_G","Defend_G","Defend_G","Defend_G","Defend_G","Survivor","Neutralize","ReplayTheSpireMod:The Works","rat:EchoingStrikes+1","Poisoned Stab","StuffTheSpire:Injection","Slice","ReplayTheSpireMod:Scrap Shanks+1","luka_mod:Optimistic+1","jedi:collectorvenom+1","rat:VenomousWounds+1","rat:RuptureArtery","rat:Garrote+1","StuffTheSpire:BrainWave+1","hubris:Sniper","Noxious Fumes"],"relics":["Ring of the Snake","EVO:Axolotl","DaveBox","aspiration:Nostalgia","Replay:M_StaffOfTheSnake","Medical Kit","SynthV:TestCard","halation:PinkSoulGem","ats:Originium","Vajra","jedi:sprinkler","SynthV","Dota2Spire:MaskOfMadness","FeatherPendant","Mirror","Dota2Spire:ArcaneBoots","jedi:HeartOfTheCards","Dota2Spire:OrchidMalevolence","wanderingMiniBosses:Inkheart","Philosopher\u0027s Stone","qcfpunch:Necklace_of_Skulls","Bromod:ArcaneNullifier","StuffTheSpire:Nightcore","Bromod:ArcaneDeflection"],"acts_visited":["Exordium","TheCity","TheBeyond"],"potions_floor_usage":[16],"damage_taken":[{"damage":0,"enemies":"Small Slimes","floor":1,"turns":3},{"damage":0,"enemies":"Jaw Worm","floor":2,"turns":2},{"damage":0,"enemies":"Replay:BlueRogue","floor":6,"turns":11},{"damage":6,"enemies":"conspire:RoseBush","floor":7,"turns":6},{"damage":25,"enemies":"Gremlin Gang","floor":8,"turns":4},{"damage":2,"enemies":"Looter","floor":11,"turns":3},{"damage":0,"enemies":"Lots of Slimes","floor":14,"turns":5},{"damage":37,"enemies":"The Guardian","floor":16,"turns":10},{"damage":0,"enemies":"Spheric Guardian","floor":18,"turns":1},{"damage":0,"enemies":"2 Thieves","floor":19,"turns":1},{"damage":0,"enemies":"Cultist and Chosen","floor":21,"turns":4},{"damage":2,"enemies":"conspire:SneckoGhost","floor":23,"turns":4},{"damage":0,"enemies":"3 Cultists","floor":24,"turns":4},{"damage":0,"enemies":"Snake Plant","floor":25,"turns":1},{"damage":0,"enemies":"Gremlin Leader","floor":27,"turns":3},{"damage":0,"enemies":"conspire:HollyBat","floor":29,"turns":4},{"damage":15,"enemies":"Shelled Parasite and Fungi","floor":31,"turns":6},{"damage":0,"enemies":"Collector","floor":33,"turns":2},{"damage":0,"enemies":"Orb Walker","floor":35,"turns":1},{"damage":10,"enemies":"3 Shapes","floor":37,"turns":2},{"damage":0,"enemies":"Spire Growth","floor":39,"turns":1},{"damage":0,"enemies":"3 Darklings","floor":40,"turns":2},{"damage":0,"enemies":"Transient","floor":44,"turns":4},{"damage":21,"enemies":"Writhing Mass","floor":45,"turns":2},{"damage":0,"enemies":"Nemesis","floor":46,"turns":1},{"damage":0,"enemies":"Sphere and 2 Shapes","floor":47,"turns":5},{"damage":0,"enemies":"Jaw Worm Horde","floor":48,"turns":1},{"damage":2,"enemies":"Donu and Deca","floor":50,"turns":3}],"seed_played":"-6835384286424310900","potions_obtained":[{"floor":7,"key":"Dexterity Potion"},{"floor":11,"key":"Block Potion"},{"floor":25,"key":"SpeedPotion"},{"floor":29,"key":"SCP261:BlastolaColaPotion"},{"floor":47,"key":"PowerPotion"}],"is_trial":false,"path_per_floor":["M","M","?","$","?","E","M","M","T","?","M","$","?","M","R","B",null,"M","M","$","M","?","E","M","M","T","E","R","M","R","M","R","B",null,"M","?","M","$","M","M","R","?","T","M","M","E","M","M","R","B",null],"character_chosen":"THE_SILENT","items_purchased":["ReplayTheSpireMod:Scrap Shanks","SynthV","Mirror","qcfpunch:Necklace_of_Skulls","Bromod:ArcaneNullifier"],"campfire_rested":0,"item_purchase_floors":[12,12,20,38,38],"current_hp_per_floor":[70,70,59,59,59,59,53,28,28,28,26,26,26,36,36,17,70,70,70,70,70,70,68,70,70,70,70,70,70,70,70,70,70,70,70,63,57,57,57,63,63,63,63,63,42,46,63,63,63,63],"gold":198,"neow_bonus":"NOSTALGIA","is_daily":false,"chose_seed":false,"campfire_upgraded":3,"win_rate":0.0,"timestamp":1609432359,"path_taken":["M","M","?","$","?","E","M","M","T","?","?","$","?","M","R","BOSS","M","?","$","M","?","E","M","?","T","E","R","M","R","M","R","BOSS","M","?","M","$","M","M","R","?","T","M","M","E","?","M","R","BOSS"],"items_purchased_type":["Card","Relic","Relic","Relic","Relic"],"build_version":"2020-12-22","purchased_purges":1,"victory":true,"max_hp_per_floor":[70,70,70,70,70,70,70,70,70,70,70,70,70,70,70,70,70,70,70,70,70,70,70,70,70,70,70,70,70,70,70,70,70,70,70,63,63,63,63,63,63,63,63,63,63,63,63,63,63,63],"card_choices":[{"not_picked":["Acrobatics","Calculated Gamble"],"picked":"StuffTheSpire:Injection","floor":1},{"not_picked":["rat:SiphonSilver","Dodge and Roll","MostiFishMod:PerfectParry","All Out Attack"],"picked":"ReplayTheSpireMod:The Works","floor":2},{"not_picked":["CutThroughFate","Blade Dance","StuffTheSpire:Python","Burst"],"picked":"rat:EchoingStrikes","floor":6},{"not_picked":["Blade Dance","Quick Slash","rat:SilverDagger","Dagger Throw"],"picked":"Poisoned Stab","floor":7},{"not_picked":["WaveOfTheHand","StuffTheSpire:Python","Deflect","rat:Shadowstep"],"picked":"StuffTheSpire:Injection","floor":8},{"not_picked":["StuffTheSpire:MirrorStance","rat:Shadowstep","MostiFishMod:AdrenalineArouse","Crescendo"],"picked":"Slice","floor":11},{"not_picked":["rat:SilveredBlade","Poisoned Stab","rat:Shadowstep","ShadowRift"],"picked":"jedi:collectorvenom","floor":14},{"not_picked":["Atom Bomb","Venomology","jedi:rejectivetoxin","ReplayTheSpireMod:Necrosis"],"picked":"rat:VenomousWounds","floor":16},{"not_picked":["StuffTheSpire:ReptileScales","Predator","PiercingWail","rat:DextrousStrike"],"picked":"jedi:collectorvenom","floor":18},{"not_picked":["jedi:collectorvenom","rat:Shadowstep","rat:FanOfKnives","StuffTheSpire:ClusterCrunch"],"picked":"rat:RuptureArtery","floor":19},{"not_picked":["ReplayTheSpireMod:Necrosis","Draining Mist+1","MostiFishMod:PreservedThorns+1","StuffTheSpire:Python"],"picked":"jedi:collectorvenom","floor":21},{"not_picked":["rat:SilveredBlade","jedi:poisonivy","StuffTheSpire:Repulse","rat:ArgentInfusion"],"picked":"jedi:collectorvenom","floor":23},{"not_picked":["Outmaneuver","Hidden Blade+1","Choke","Quick Slash+1"],"picked":"jedi:collectorvenom","floor":24},{"not_picked":["StuffTheSpire:ClusterCrunch","rat:DextrousStrike","jedi:studypoison","Flechettes"],"picked":"jedi:collectorvenom","floor":25},{"not_picked":["Deadly Poison","Dash","StuffTheSpire:ClusterCrunch","rat:Dispatch"],"picked":"jedi:collectorvenom","floor":27},{"not_picked":["Deadly Poison","rat:FanOfKnives","StuffTheSpire:Injection","Quick Slash"],"picked":"jedi:collectorvenom","floor":29},{"not_picked":["Blur","Deflect+1","jedi:collectorvenom","rat:FanOfKnives"],"picked":"rat:Garrote","floor":31},{"not_picked":["aspiration:Lunge","Storm of Steel","MostiFishMod:AdrenalineArouse","jedi:studyshivs"],"picked":"jedi:collectorvenom","floor":33},{"not_picked":["jedi:pocketpoison","Poisoned Stab+1","rat:RuptureArtery+1","StuffTheSpire:ClusterCrunch"],"picked":"jedi:collectorvenom","floor":35},{"not_picked":["Eviscerate+1","Predator","Terror","rat:FanOfKnives+1"],"picked":"jedi:collectorvenom","floor":37},{"not_picked":["jedi:acidrain+1","Hidden Blade+1","StuffTheSpire:ReptileScales","rat:DextrousStrike+1"],"picked":"jedi:collectorvenom","floor":39},{"not_picked":["rat:BloodPact","Underhanded Strike+1","MostiFishMod:PreservedThorns+1","Flying Knee+1"],"picked":"jedi:collectorvenom","floor":40},{"not_picked":["PiercingWail+1","Distraction","StuffTheSpire:ClusterCrunch+1","StuffTheSpire:Injection+1"],"picked":"jedi:collectorvenom+1","floor":44},{"not_picked":["Dagger Throw","MostiFishMod:ThornCasing+1","Outmaneuver+1","rat:WitheringShackles+1"],"picked":"jedi:collectorvenom+1","floor":45},{"not_picked":["Reflex","MostiFishMod:FullyArmed","Bane+1","Deadly Poison+1"],"picked":"jedi:collectorvenom+1","floor":46},{"not_picked":["jedi:collectorvenom+1","Bane","StuffTheSpire:BumpUp","ReplayTheSpireMod:Speed Training"],"picked":"Noxious Fumes","floor":47},{"not_picked":["jedi:rejectivetoxin","ReplayTheSpireMod:Scrap Shanks","Backflip+1","MostiFishMod:PerfectParry+1"],"picked":"jedi:collectorvenom+1","floor":48}],"player_experience":642310,"relics_obtained":[{"floor":1,"key":"SynthV:TestCard"},{"floor":6,"key":"ats:Originium"},{"floor":6,"key":"Vajra"},{"floor":9,"key":"jedi:sprinkler"},{"floor":15,"key":"Dota2Spire:MaskOfMadness"},{"floor":23,"key":"ats:Originium"},{"floor":23,"key":"Dota2Spire:ArcaneBoots"},{"floor":26,"key":"jedi:HeartOfTheCards"},{"floor":27,"key":"ats:Originium"},{"floor":27,"key":"Dota2Spire:OrchidMalevolence"},{"floor":31,"key":"wanderingMiniBosses:Inkheart"},{"floor":43,"key":"StuffTheSpire:Nightcore"},{"floor":46,"key":"Bromod:ArcaneDeflection"}],"event_choices":[{"damage_healed":0,"gold_gain":75,"player_choice":"Gather Gold","damage_taken":11,"max_hp_gain":0,"max_hp_loss":0,"event_name":"World of Goop","floor":3,"gold_loss":0},{"damage_healed":0,"gold_gain":0,"player_choice":"Upgraded","damage_taken":0,"max_hp_gain":0,"max_hp_loss":0,"event_name":"Upgrade Shrine","floor":10,"gold_loss":0,"cards_upgraded":["rat:EchoingStrikes"]},{"cards_removed":["StuffTheSpire:Injection"],"damage_healed":0,"gold_gain":0,"player_choice":"Took Card","damage_taken":0,"max_hp_gain":0,"max_hp_loss":0,"event_name":"NoteForYourself","floor":13,"gold_loss":0,"cards_obtained":["luka_mod:Optimistic"]},{"damage_healed":0,"gold_gain":200,"player_choice":"Gold","damage_taken":0,"max_hp_gain":0,"max_hp_loss":0,"event_name":"Wheel of Change","floor":22,"gold_loss":0},{"damage_healed":0,"gold_gain":0,"cards_transformed":["Strike_G"],"player_choice":"Transformed","damage_taken":0,"max_hp_gain":0,"max_hp_loss":0,"event_name":"Transmorgrifier","floor":42,"gold_loss":0,"cards_obtained":["hubris:Sniper"]}],"is_beta":false,"boss_relics":[{"not_picked":["ReplayTheSpireMod:DimensionalGlitch","Pandora\u0027s Box"],"picked":"FeatherPendant"},{"not_picked":["rat:SilverFlask","FixedStarFall"],"picked":"Philosopher\u0027s Stone"}],"items_purged_floors":[38],"is_endless":false,"potions_floor_spawned":[7,11,16,19,23,25,29,44,45,46,47],"ascension_level":0}}