{"host":"lhth1efayex2023z","time":1609376350,"event":{"mods":["BaseMod","Colored Map","Googly Eyes","Minty Spire (QoL Compilation)","StSLib"],"gold_per_floor":[110,122,47,12,24,59,59,391,391,391,408,408,433,461,461,538,538,550,550,156,2,17,17,42,59,59,90,0,0,41,67,79,170,182,206,218,230,254,282,294,306,306],"floor_reached":41,"playtime":1347,"items_purged":["Strike_G","Strike_G"],"score":837,"play_id":"7672ec19-e695-459c-aca1-bff6034ea721","local_time":"20201230175910","is_ascension_mode":true,"campfire_choices":[{"data":"Cloak And Dagger","floor":7,"key":"SMITH"},{"data":"Accuracy","floor":10,"key":"SMITH"},{"floor":12,"key":"REST"},{"data":"Accuracy","floor":15,"key":"SMITH"},{"data":"Blade Dance","floor":23,"key":"SMITH"},{"data":"Blade Dance","floor":32,"key":"SMITH"},{"data":"A Thousand Cuts","floor":40,"key":"SMITH"}],"circlet_count":0,"master_deck":["AscendersBane","Strike_G","Defend_G","Defend_G+1","Defend_G","Defend_G","Defend_G","Survivor","Neutralize","Cloak And Dagger+1","Bouncing Flask","Accuracy+1","Accuracy+1","Caltrops","Finisher","After Image","Blade Dance+1","Blade Dance+1","Shame","A Thousand Cuts+1","After Image","Cloak And Dagger+1"],"relics":["Sozu","Thread and Needle","Old Coin","Incense Burner","Blood Vial","Singing Bowl","WristBlade","Ornamental Fan","Juzu Bracelet","Bag of Marbles","Orichalcum","MawBank","Potion Belt","Runic Pyramid"],"acts_visited":["Exordium","TheCity","TheBeyond"],"potions_floor_usage":[],"damage_taken":[{"damage":0.0,"enemies":"Cultist","floor":1.0,"turns":5.0},{"damage":2.0,"enemies":"Jaw Worm","floor":2.0,"turns":5.0},{"damage":0.0,"enemies":"2 Louse","floor":5.0,"turns":3.0},{"damage":28,"enemies":"3 Sentries","floor":6,"turns":13},{"damage":10,"enemies":"Gremlin Nob","floor":8,"turns":4},{"damage":5,"enemies":"Exordium Thugs","floor":11,"turns":6},{"damage":2,"enemies":"Lagavulin","floor":14,"turns":9},{"damage":27,"enemies":"Hexaghost","floor":16,"turns":11},{"damage":0,"enemies":"3 Byrds","floor":18,"turns":4},{"damage":4,"enemies":"2 Thieves","floor":22,"turns":3},{"damage":13,"enemies":"Gremlin Leader","floor":24,"turns":5},{"damage":2,"enemies":"Snecko","floor":25,"turns":3},{"damage":6,"enemies":"Book of Stabbing","floor":27,"turns":4},{"damage":0,"enemies":"Gremlin Leader","floor":30,"turns":6},{"damage":11,"enemies":"Snake Plant","floor":31,"turns":3},{"damage":15,"enemies":"Champ","floor":33,"turns":8},{"damage":2,"enemies":"3 Shapes","floor":35,"turns":4},{"damage":2,"enemies":"3 Darklings","floor":38,"turns":3},{"damage":26,"enemies":"Jaw Worm Horde","floor":39,"turns":4},{"damage":64,"enemies":"Nemesis","floor":41,"turns":4}],"seed_played":"-7605820966071792009","potions_obtained":[],"is_trial":false,"path_per_floor":["M","M","$","?","M","E","R","E","T","R","M","R","T","E","R","B",null,"M","?","$","$","M","R","E","M","T","E","?","?","E","M","R","B",null,"M","?","?","M","M","R","E"],"character_chosen":"THE_SILENT","items_purchased":["Ornamental Fan","Blade Dance","Juzu Bracelet"],"campfire_rested":1,"item_purchase_floors":[20,20,21],"current_hp_per_floor":[63,61,61,70,70,42,42,32,32,32,27,48,48,48,48,23,58,60,60,60,60,60,60,51,53,53,51,51,51,55,48,48,35,70,72,72,72,74,50,50,0,0],"gold":306,"neow_bonus":"BOSS_RELIC","is_daily":false,"chose_seed":false,"campfire_upgraded":6,"win_rate":0.0,"timestamp":1609376350,"path_taken":["M","M","?","?","M","E","R","E","T","R","M","R","?","E","R","BOSS","M","?","?","$","M","R","E","M","T","E","?","?","E","M","R","BOSS","M","?","?","M","M","R","E"],"items_purchased_type":["Relic","Card","Relic"],"build_version":"2020-12-22","purchased_purges":2,"victory":false,"max_hp_per_floor":[70,70,70,70,70,70,70,70,70,70,70,70,70,70,70,70,70,70,70,70,70,72,72,74,76,76,78,78,78,80,82,82,82,82,84,84,84,86,86,86,86,86],"card_choices":[{"not_picked":["Bane","Endless Agony"],"picked":"Cloak And Dagger","floor":1.0},{"not_picked":["Expertise","Crippling Poison"],"picked":"Bouncing Flask","floor":2.0},{"not_picked":["Dodge and Roll","Blade Dance"],"picked":"Accuracy","floor":5.0},{"not_picked":["All Out Attack","Escape Plan"],"picked":"Accuracy","floor":6},{"not_picked":["Catalyst","Deflect","Bane"],"picked":"SKIP","floor":8},{"not_picked":["Catalyst","Deflect","Bane"],"picked":"SKIP","floor":8},{"not_picked":["Dodge and Roll","Underhanded Strike"],"picked":"Caltrops","floor":11},{"not_picked":["Distraction","Backstab"],"picked":"Finisher","floor":14},{"not_picked":["Storm of Steel","Unload"],"picked":"After Image","floor":16},{"not_picked":["Outmaneuver","Slice"],"picked":"Blade Dance","floor":18},{"not_picked":["Skewer","Flying Knee","Terror"],"picked":"Singing Bowl","floor":22},{"not_picked":["Bane","Deadly Poison","Prepared"],"picked":"Singing Bowl","floor":24},{"not_picked":["All Out Attack","Quick Slash","Dagger Throw"],"picked":"Singing Bowl","floor":25},{"not_picked":["Expertise","Endless Agony","Backflip"],"picked":"Singing Bowl","floor":27},{"not_picked":["Slice","Acrobatics","Catalyst+1"],"picked":"Singing Bowl","floor":30},{"not_picked":["Acrobatics","Distraction","Heel Hook"],"picked":"Singing Bowl","floor":31},{"not_picked":["Storm of Steel","Corpse Explosion"],"picked":"A Thousand Cuts","floor":33},{"not_picked":["Dagger Throw+1","Flying Knee+1","Dagger Spray+1"],"picked":"Singing Bowl","floor":35},{"not_picked":["Deadly Poison+1","Terror+1","Prepared"],"picked":"Singing Bowl","floor":38},{"not_picked":["Deadly Poison","Prepared"],"picked":"Cloak And Dagger+1","floor":39}],"player_experience":431099,"relics_obtained":[{"floor":6,"key":"Thread and Needle"},{"floor":8,"key":"Old Coin"},{"floor":9,"key":"Incense Burner"},{"floor":13,"key":"Blood Vial"},{"floor":14,"key":"Singing Bowl"},{"floor":24,"key":"Bag of Marbles"},{"floor":27,"key":"Orichalcum"},{"floor":30,"key":"Potion Belt"}],"event_choices":[{"damage_healed":17.0,"max_hp_gain":0.0,"max_hp_loss":0.0,"gold_gain":0.0,"event_name":"The Cleric","player_choice":"Healed","floor":4.0,"gold_loss":35.0,"damage_taken":0.0},{"damage_healed":0,"gold_gain":0,"player_choice":"Bought 0 Potions","damage_taken":0,"max_hp_gain":0,"max_hp_loss":0,"event_name":"The Woman in Blue","floor":19,"gold_loss":0},{"cards_removed":["Strike_G"],"damage_healed":0,"gold_gain":0,"player_choice":"Upgrade and Remove","damage_taken":0,"max_hp_gain":0,"max_hp_loss":0,"event_name":"Designer","floor":28,"gold_loss":90,"cards_upgraded":["Defend_G"]},{"damage_healed":0,"gold_gain":0,"player_choice":"Stole Relic","damage_taken":0,"relics_obtained":["MawBank"],"max_hp_gain":0,"max_hp_loss":0,"event_name":"Addict","floor":29,"gold_loss":0,"cards_obtained":["Shame"]},{"cards_removed":["Strike_G"],"damage_healed":0,"gold_gain":0,"player_choice":"Removed Attack","damage_taken":0,"max_hp_gain":0,"max_hp_loss":0,"event_name":"Falling","floor":36,"gold_loss":0},{"damage_healed":0,"gold_gain":0,"player_choice":"Copied","damage_taken":0,"max_hp_gain":0,"max_hp_loss":0,"event_name":"Duplicator","floor":37,"gold_loss":0,"cards_obtained":["After Image"]}],"is_beta":false,"boss_relics":[{"not_picked":["Velvet Choker","Runic Dome"],"picked":"WristBlade"},{"not_picked":["SacredBark","Pandora\u0027s Box"],"picked":"Runic Pyramid"}],"items_purged_floors":[3,20],"is_endless":false,"potions_floor_spawned":[6,8,16,18,30,33],"killed_by":"Nemesis","ascension_level":13}}