{"host":"yo9wwslrag05lh37","time":1609374095,"event":{"mods":["AchievementEnabler","BaseMod","Block Reminder","Colored Map","Colored Powertips","GifTheSpireLib","HexUI Lib","Highlight Path","Minty Spire (QoL Compilation)","Rare Cards Sparkle","Relic Stats","StSLib","everything is the same but u backflip on backflip"],"gold_per_floor":[119,119,133,133,152,152,187,187,214,224,235,250,276,290,290,364,364,341,341,33,33,47,74,74,107,407,437,437,456,456,469,469,548,548,561,578,578,591,601,633,633,633,633],"floor_reached":42,"playtime":2079,"items_purged":["Writhe"],"score":1100,"play_id":"c943cfc1-36d4-4480-bf74-26990bf78c1e","local_time":"20201231012135","is_ascension_mode":true,"campfire_choices":[{"data":"Skewer","floor":6.0,"key":"SMITH"},{"data":"Poisoned Stab","floor":8.0,"key":"SMITH"},{"data":"Envenom","floor":15.0,"key":"SMITH"},{"data":"Catalyst","floor":24.0,"key":"SMITH"},{"floor":30.0,"key":"REST"},{"floor":32.0,"key":"REST"},{"data":"Corpse Explosion","floor":41.0,"key":"SMITH"}],"circlet_count":0,"master_deck":["AscendersBane","Strike_G","Defend_G","Defend_G","Defend_G+1","Defend_G","Defend_G+1","Survivor","Neutralize","Poisoned Stab+1","Dagger Throw","Skewer+1","Envenom+1","Blade Dance","Malaise","Reflex+1","Grand Finale+1","Adrenaline+1","Predator","Corpse Explosion+1","Well Laid Plans","Catalyst+1","Malaise","PiercingWail"],"relics":["Ring of the Snake","NeowsBlessing","Lantern","War Paint","The Specimen","Astrolabe","Strawberry","Membership Card","Pocketwatch","Snake Skull","Old Coin","Centennial Puzzle","Coffee Dripper","CaptainsWheel"],"acts_visited":["Exordium","TheCity","TheBeyond"],"potions_floor_usage":[42,42],"damage_taken":[{"damage":0.0,"enemies":"Jaw Worm","floor":1.0,"turns":1.0},{"damage":0.0,"enemies":"Small Slimes","floor":3.0,"turns":1.0},{"damage":0.0,"enemies":"Cultist","floor":5.0,"turns":1.0},{"damage":31.0,"enemies":"Gremlin Nob","floor":7.0,"turns":4.0},{"damage":0.0,"enemies":"Gremlin Gang","floor":10.0,"turns":4.0},{"damage":0.0,"enemies":"3 Louse","floor":11.0,"turns":3.0},{"damage":1.0,"enemies":"Exordium Wildlife","floor":12.0,"turns":5.0},{"damage":22.0,"enemies":"3 Sentries","floor":13.0,"turns":7.0},{"damage":1.0,"enemies":"Lots of Slimes","floor":14.0,"turns":4.0},{"damage":6.0,"enemies":"The Guardian","floor":16.0,"turns":9.0},{"damage":11.0,"enemies":"2 Thieves","floor":18.0,"turns":4.0},{"damage":0.0,"enemies":"Spheric Guardian","floor":22.0,"turns":3.0},{"damage":48.0,"enemies":"Gremlin Leader","floor":23.0,"turns":6.0},{"damage":21.0,"enemies":"Book of Stabbing","floor":25.0,"turns":6.0},{"damage":0.0,"enemies":"Gremlin Leader","floor":27.0,"turns":5.0},{"damage":3.0,"enemies":"Snecko","floor":29.0,"turns":3.0},{"damage":0.0,"enemies":"3 Cultists","floor":31.0,"turns":2.0},{"damage":19.0,"enemies":"Champ","floor":33.0,"turns":6.0},{"damage":18.0,"enemies":"Orb Walker","floor":35.0,"turns":4.0},{"damage":13.0,"enemies":"3 Darklings","floor":36.0,"turns":2.0},{"damage":44.0,"enemies":"Spire Growth","floor":38.0,"turns":6.0},{"damage":3.0,"enemies":"Sphere and 2 Shapes","floor":39.0,"turns":5.0},{"damage":12.0,"enemies":"Nemesis","floor":40.0,"turns":7.0},{"damage":6,"enemies":"Giant Head","floor":42,"turns":4}],"seed_played":"4306924341345910654","potions_obtained":[{"floor":1.0,"key":"Swift Potion"},{"floor":3.0,"key":"SpeedPotion"},{"floor":7.0,"key":"SneckoOil"},{"floor":13.0,"key":"PowerPotion"},{"floor":16.0,"key":"FairyPotion"},{"floor":27.0,"key":"LiquidBronze"},{"floor":29.0,"key":"Poison Potion"},{"floor":31.0,"key":"BlessingOfTheForge"},{"floor":38.0,"key":"GamblersBrew"},{"floor":40.0,"key":"Block Potion"}],"is_trial":false,"path_per_floor":["M","?","M","?","M","R","E","R","T","M","M","M","E","M","R","B",null,"M","?","$","?","M","E","R","E","T","E","?","M","R","M","R","B",null,"M","M","?","M","M","E","R","E"],"character_chosen":"THE_SILENT","items_purchased":["Membership Card","Corpse Explosion","Well Laid Plans"],"campfire_rested":2,"item_purchase_floors":[20,20,20],"current_hp_per_floor":[59,64,64,64,64,64,33,33,33,33,33,32,10,9,9,3,54,43,50,50,50,50,2,2,4,4,4,4,1,24,24,47,28,66,48,35,64,20,17,5,5,0,0],"gold":633,"neow_bonus":"THREE_ENEMY_KILL","is_daily":false,"chose_seed":false,"campfire_upgraded":5,"win_rate":0.0,"timestamp":1609374095,"path_taken":["M","?","M","?","?","R","E","R","T","?","M","M","E","M","R","BOSS","M","?","$","?","M","E","R","E","T","E","?","M","R","M","R","BOSS","M","?","?","M","M","E","R","E"],"items_purchased_type":["Relic","Card","Card"],"build_version":"2020-12-22","purchased_purges":1,"victory":false,"max_hp_per_floor":[66,71,71,71,71,71,71,71,71,71,71,71,71,71,71,71,71,71,78,78,78,78,78,78,78,78,78,78,78,78,78,78,78,78,78,78,64,64,64,64,64,64,64],"relic_stats":{"Centennial Puzzle":[24],"counters":[24,102],"Astrolabe":["Reflex","Grand Finale","Adrenaline"],"Snake Skull":[114],"War Paint":["Defend_G","Defend_G"],"obtain_stats":[{"Lantern":7,"NeowsBlessing":0,"The Specimen":13,"Astrolabe":17,"Snake Skull":25,"War Paint":9,"Old Coin":26,"Centennial Puzzle":27,"CaptainsWheel":40,"Strawberry":19,"Coffee Dripper":34,"Membership Card":20,"Ring of the Snake":0,"Pocketwatch":23},{"Lantern":4,"NeowsBlessing":0,"The Specimen":8,"Astrolabe":10,"Snake Skull":14,"War Paint":4,"Old Coin":14,"Centennial Puzzle":15,"CaptainsWheel":23,"Strawberry":11,"Coffee Dripper":18,"Membership Card":11,"Ring of the Snake":0,"Pocketwatch":13},{"Lantern":7,"NeowsBlessing":0,"The Specimen":26,"Astrolabe":39,"Snake Skull":58,"War Paint":7,"Old Coin":58,"Centennial Puzzle":63,"CaptainsWheel":98,"Strawberry":43,"Coffee Dripper":74,"Membership Card":43,"Ring of the Snake":0,"Pocketwatch":52}],"Ring of the Snake":[48],"Pocketwatch":[28]},"card_choices":[{"not_picked":["Well Laid Plans","Backflip"],"picked":"Poisoned Stab","floor":1.0},{"not_picked":["Flechettes","Expertise"],"picked":"Dagger Throw","floor":3.0},{"not_picked":["Blade Dance","Noxious Fumes"],"picked":"Skewer","floor":5.0},{"not_picked":["Underhanded Strike","Finisher","Backflip"],"picked":"SKIP","floor":7.0},{"not_picked":["Accuracy","Skewer","Blade Dance"],"picked":"SKIP","floor":10.0},{"not_picked":["Outmaneuver","Backflip","Quick Slash"],"picked":"SKIP","floor":11.0},{"not_picked":["Masterful Stab","Crippling Poison"],"picked":"Envenom","floor":12.0},{"not_picked":["Acrobatics","Slice","Underhanded Strike"],"picked":"SKIP","floor":13.0},{"not_picked":["Masterful Stab","Heel Hook"],"picked":"Blade Dance","floor":14.0},{"not_picked":["Wraith Form v2","Doppelganger"],"picked":"Malaise","floor":16.0},{"not_picked":["Acrobatics","Heel Hook"],"picked":"Predator","floor":18.0},{"not_picked":["Slice","Outmaneuver","Infinite Blades"],"picked":"SKIP","floor":22.0},{"not_picked":["Backstab","Reflex"],"picked":"Catalyst","floor":23.0},{"not_picked":["Predator","Quick Slash","Reflex"],"picked":"SKIP","floor":25.0},{"not_picked":["Backstab+1","Prepared"],"picked":"Malaise","floor":27.0},{"not_picked":["Prepared","Slice","Dagger Throw"],"picked":"SKIP","floor":29.0},{"not_picked":["Sucker Punch","Poisoned Stab","Blade Dance"],"picked":"SKIP","floor":31.0},{"not_picked":["Endless Agony","All Out Attack","Deadly Poison"],"picked":"SKIP","floor":35.0},{"not_picked":["Eviscerate+1","Flechettes","Dash+1"],"picked":"SKIP","floor":36.0},{"not_picked":["All Out Attack","Well Laid Plans","Outmaneuver+1"],"picked":"SKIP","floor":38.0},{"not_picked":["Riddle With Holes+1","Blade Dance+1"],"picked":"PiercingWail","floor":39.0},{"not_picked":["Outmaneuver","Endless Agony","Underhanded Strike"],"picked":"SKIP","floor":40.0}],"player_experience":1420816,"relics_obtained":[{"floor":7.0,"key":"Lantern"},{"floor":9.0,"key":"War Paint"},{"floor":13.0,"key":"The Specimen"},{"floor":23.0,"key":"Pocketwatch"},{"floor":25.0,"key":"Snake Skull"},{"floor":26.0,"key":"Old Coin"},{"floor":27.0,"key":"Centennial Puzzle"},{"floor":40.0,"key":"CaptainsWheel"}],"event_choices":[{"damage_healed":0.0,"max_hp_gain":5.0,"max_hp_loss":0.0,"gold_gain":0.0,"event_name":"Big Fish","player_choice":"Donut","floor":2.0,"gold_loss":0.0,"damage_taken":0.0},{"cards_removed":["Strike_G"],"damage_healed":0.0,"max_hp_gain":0.0,"max_hp_loss":0.0,"gold_gain":0.0,"event_name":"Purifier","player_choice":"Purged","floor":4.0,"gold_loss":0.0,"damage_taken":0.0},{"damage_healed":0.0,"max_hp_gain":0.0,"max_hp_loss":0.0,"gold_gain":0.0,"event_name":"The Mausoleum","player_choice":"Opened","floor":19.0,"gold_loss":0.0,"damage_taken":0.0,"relics_obtained":["Strawberry"],"cards_obtained":["Writhe"]},{"damage_healed":0.0,"max_hp_gain":0.0,"max_hp_loss":0.0,"gold_gain":0.0,"event_name":"Vampires","player_choice":"Ignored","floor":21.0,"gold_loss":0.0,"damage_taken":0.0},{"damage_healed":0.0,"max_hp_gain":0.0,"max_hp_loss":0.0,"gold_gain":0.0,"event_name":"Match and Keep!","player_choice":"0 cards matched","floor":28.0,"gold_loss":0.0,"damage_taken":0.0,"cards_obtained":[]},{"damage_healed":64.0,"max_hp_gain":0.0,"max_hp_loss":14.0,"gold_gain":0.0,"event_name":"The Moai Head","player_choice":"Heal","floor":37.0,"gold_loss":0.0,"damage_taken":0.0}],"is_beta":false,"boss_relics":[{"not_picked":["Busted Crown","Runic Pyramid"],"picked":"Astrolabe"},{"not_picked":["Empty Cage","Snecko Eye"],"picked":"Coffee Dripper"}],"items_purged_floors":[20],"is_endless":false,"potions_floor_spawned":[1,3,7,13,16,27,29,31,38,40],"killed_by":"Giant Head","ascension_level":20}}