{"host":"59ckh7bj2z84pzgo","time":1609388648,"event":{"mods":["BaseMod","Better Vampires","Marked Mod","Minty Spire (QoL Compilation)","Replay The Spire","Spicy Shops","StSLib","TestMod","TheWitcher","°æ“≈ŒÔø®≈∆°øREMEMod","≤–¡Ù÷ÆŒÔ"],"gold_per_floor":[118,133,151,167,183,209,209,240,240,309,309,309],"floor_reached":11,"playtime":496,"items_purged":[],"score":170,"play_id":"2130171b-7590-4df3-9bcc-0705eb7acfda","local_time":"20201231122408","is_ascension_mode":true,"campfire_choices":[],"circlet_count":0,"master_deck":["AscendersBane","Strike_B+1","Strike_B","Strike_B","Strike_B+1","Defend_B","Defend_B","Defend_B","Defend_B","Zap","Dualcast","Hyperbeam","Turbo","Coolheaded","Hologram","REME_ForAll","Injury","ReplayRNGCard","Genetic Algorithm"],"relics":["Cracked Core","REME_ComplimentaryCards","testmod-TestBox","testmod-ChristmasGift","Pet Ghost","Golden Idol","Whetstone","Solar Panel","Lantern"],"acts_visited":["Exordium"],"potions_floor_usage":[],"damage_taken":[{"damage":5.0,"enemies":"2 Louse","floor":1.0,"turns":2.0},{"damage":0.0,"enemies":"Jaw Worm","floor":2.0,"turns":3.0},{"damage":0.0,"enemies":"Small Slimes","floor":3.0,"turns":1.0},{"damage":0.0,"enemies":"2 Fungi Beasts","floor":4.0,"turns":1.0},{"damage":11.0,"enemies":"Red Slaver","floor":5.0,"turns":4.0},{"damage":38.0,"enemies":"Gremlin Nob","floor":6.0,"turns":5.0},{"damage":16.0,"enemies":"Lagavulin","floor":8.0,"turns":5.0},{"damage":0,"enemies":"Gremlin Nob","floor":11,"turns":1}],"seed_played":"-3267571877354180682","potions_obtained":[{"floor":1.0,"key":"Block Potion"},{"floor":6.0,"key":"FocusPotion"},{"floor":8.0,"key":"EssenceOfSteel"}],"is_trial":false,"path_per_floor":["M","M","M","M","M","E","?","E","T","?","E"],"character_chosen":"DEFECT","items_purchased":[],"campfire_rested":0,"item_purchase_floors":[],"current_hp_per_floor":[67,68,68,68,59,23,23,18,18,18,18,18],"gold":309,"neow_bonus":"TEN_PERCENT_HP_BONUS","is_daily":false,"chose_seed":false,"campfire_upgraded":0,"win_rate":0.0,"timestamp":1609388648,"path_taken":["M","M","M","M","M","E","?","E","T","?","E"],"items_purchased_type":[],"build_version":"2020-12-22","purchased_purges":0,"victory":false,"max_hp_per_floor":[78,78,78,78,78,78,78,78,78,78,78,78],"card_choices":[{"not_picked":["Steam","Beam Cell"],"picked":"Turbo","floor":1.0},{"not_picked":["Barrage","Melter"],"picked":"Coolheaded","floor":2.0},{"not_picked":["Stack","Sweeping Beam"],"picked":"Hologram","floor":3.0},{"not_picked":["Coolheaded","Rebound","Gash"],"picked":"SKIP","floor":4.0},{"not_picked":["Barrage","Panic Button"],"picked":"REME_ForAll","floor":5.0},{"not_picked":["Sweeping Beam","Hologram","Melter"],"picked":"SKIP","floor":6.0},{"not_picked":["Force Field","Stack"],"picked":"ReplayRNGCard","floor":8.0},{"not_picked":["Ball Lightning","Streamline"],"picked":"Genetic Algorithm","floor":10.0}],"player_experience":208721,"relics_obtained":[{"floor":6.0,"key":"Pet Ghost"},{"floor":8.0,"key":"Whetstone"},{"floor":9.0,"key":"Solar Panel"},{"floor":10.0,"key":"Lantern"}],"event_choices":[{"damage_healed":0.0,"max_hp_gain":0.0,"max_hp_loss":0.0,"gold_gain":0.0,"event_name":"Golden Idol","player_choice":"Take Wound","floor":7.0,"gold_loss":0.0,"damage_taken":0.0,"relics_obtained":["Golden Idol"],"cards_obtained":["Injury"]}],"is_beta":false,"boss_relics":[],"items_purged_floors":[],"is_endless":false,"potions_floor_spawned":[1,6,8],"killed_by":"Gremlin Nob","ascension_level":20}}