{"host":"k61zkrqx5zdi0yzo","time":1609386745,"event":{"mods":["AchievementEnabler","BaseMod","Colored Map","Highlight Path","Minty Spire (QoL Compilation)","Permanent Neow","Quick Restart","Rare Cards Sparkle","StSLib","SuperFastMode"],"gold_per_floor":[113,126,144,144,163,163,180,180,232,232,250,122,147,161,161,259,259,288,317,329,341,341],"floor_reached":21,"playtime":863,"items_purged":["Strike_G"],"score":183,"play_id":"31f9e3cc-0c89-4f90-a06a-635d45e80096","local_time":"20201231125225","is_ascension_mode":false,"campfire_choices":[{"data":"Dodge and Roll","floor":6,"key":"SMITH"},{"data":"Endless Agony","floor":10,"key":"SMITH"},{"data":"Cloak And Dagger","floor":15,"key":"SMITH"}],"circlet_count":0,"master_deck":["Strike_G","Strike_G","Strike_G","Defend_G","Defend_G","Defend_G","Survivor","Neutralize","Cloak And Dagger+1","Slice","Flying Knee","Dodge and Roll+1","Endless Agony+1","Backflip","Dagger Spray","Dagger Throw","Die Die Die","CurseOfTheBell","Slice","RitualDagger"],"relics":["Ring of the Snake","Matryoshka","PreservedInsect","MealTicket","Bronze Scales","Calling Bell","MawBank","Mummified Hand","Ginger"],"acts_visited":["Exordium","TheCity"],"potions_floor_usage":[16],"damage_taken":[{"damage":1,"enemies":"Small Slimes","floor":1,"turns":3},{"damage":0,"enemies":"Cultist","floor":2,"turns":4},{"damage":7,"enemies":"2 Louse","floor":3,"turns":3},{"damage":0,"enemies":"Blue Slaver","floor":5,"turns":4},{"damage":2,"enemies":"Looter","floor":7,"turns":3},{"damage":1,"enemies":"Large Slime","floor":11,"turns":7},{"damage":2,"enemies":"Gremlin Nob","floor":13,"turns":3},{"damage":0,"enemies":"Exordium Thugs","floor":14,"turns":3},{"damage":29,"enemies":"Slime Boss","floor":16,"turns":10},{"damage":5,"enemies":"Shell Parasite","floor":18,"turns":4},{"damage":10,"enemies":"Spheric Guardian","floor":19,"turns":4}],"seed_played":"3185097703855249596","potions_obtained":[{"floor":2,"key":"GamblersBrew"},{"floor":7,"key":"Block Potion"},{"floor":13,"key":"SkillPotion"},{"floor":14,"key":"Block Potion"},{"floor":19,"key":"AttackPotion"}],"is_trial":false,"path_per_floor":["M","M","M","?","M","R","M","?","T","R","M","$","E","M","R","B",null,"M","M","?","?"],"character_chosen":"THE_SILENT","items_purchased":["Dagger Spray"],"campfire_rested":0,"item_purchase_floors":[12],"current_hp_per_floor":[48,48,41,41,41,41,39,39,39,39,38,53,51,51,51,22,70,65,55,49,49,49],"gold":341,"neow_bonus":"REMOVE_TWO","is_daily":false,"chose_seed":false,"campfire_upgraded":3,"win_rate":0.0,"timestamp":1609386745,"path_taken":["M","M","M","?","M","R","?","?","T","R","M","$","E","M","R","BOSS","M","M","?","?"],"items_purchased_type":["Card"],"build_version":"2020-12-22","purchased_purges":1,"victory":false,"max_hp_per_floor":[70,70,70,70,70,70,70,70,70,70,70,70,70,70,70,70,70,70,70,70,70,70],"card_choices":[{"not_picked":["Poisoned Stab","Tactician"],"picked":"Cloak And Dagger","floor":1},{"not_picked":["Bane","All Out Attack"],"picked":"Slice","floor":2},{"not_picked":["Sucker Punch","Outmaneuver"],"picked":"Flying Knee","floor":3},{"not_picked":["Bane","Well Laid Plans"],"picked":"Dodge and Roll","floor":5},{"not_picked":["Underhanded Strike","Prepared"],"picked":"Endless Agony","floor":7},{"not_picked":["PiercingWail","Night Terror"],"picked":"Backflip","floor":11},{"not_picked":["Dodge and Roll","Poisoned Stab","Bane"],"picked":"SKIP","floor":13},{"not_picked":["Prepared","Distraction"],"picked":"Dagger Throw","floor":14},{"not_picked":["Doppelganger","Storm of Steel"],"picked":"Die Die Die","floor":16},{"not_picked":["Bane","Catalyst","Cloak And Dagger"],"picked":"SKIP","floor":18},{"not_picked":["Dodge and Roll","Quick Slash"],"picked":"Slice","floor":19}],"player_experience":8349,"relics_obtained":[{"floor":9,"key":"PreservedInsect"},{"floor":9,"key":"MealTicket"},{"floor":13,"key":"Bronze Scales"},{"floor":17,"key":"MawBank"},{"floor":17,"key":"Mummified Hand"},{"floor":17,"key":"Ginger"}],"event_choices":[{"damage_healed":0,"gold_gain":0,"player_choice":"Gave Potion","damage_taken":0,"relics_obtained":["Matryoshka"],"max_hp_gain":0,"max_hp_loss":0,"event_name":"WeMeetAgain","floor":4,"gold_loss":0},{"cards_removed":["Strike_G"],"damage_healed":0,"gold_gain":0,"player_choice":"Forget","damage_taken":0,"max_hp_gain":0,"max_hp_loss":0,"event_name":"Living Wall","floor":8,"gold_loss":0},{"damage_healed":0,"gold_gain":0,"player_choice":"Joined the Cult","damage_taken":6,"max_hp_gain":0,"max_hp_loss":0,"event_name":"Nest","floor":20,"gold_loss":0,"cards_obtained":["RitualDagger"]}],"is_beta":false,"boss_relics":[{"not_picked":["Coffee Dripper","Snecko Eye"],"picked":"Calling Bell"}],"items_purged_floors":[12],"is_endless":false,"potions_floor_spawned":[2,7,13,14,19],"ascension_level":0}}