{"host":"r65a7hy0otg6m46m","time":1609660696,"event":{"mods":["Aspiration","BaseMod","Beaked The Cultist","Bestiary","BetterRewards","Colored Map","Downfall","Fiend Mod","Friendly Minions","Glutton Mod","Hermit","Hubris","Hunter ??","Infinite Spire","Minty Spire (QoL Compilation)","Replay The Spire","Shop Mod","StSLib","The Bladedancer","The Bug Knight","The Clintock","The Cursed","The Death Knight","The Forsaken","The Hayseed","The IronCluck","The Necromancer","The Saiyan","The Servant 0.9.4","[IsaacMod]????","??????REMEMod"],"gold_per_floor":[99,116,116,128,147,182,182,213,213,213,228,243,168,188,205,205,205],"floor_reached":16,"playtime":1274,"items_purged":[],"score":114,"play_id":"feb69849-6064-4d33-85e5-ece80d9d87bf","local_time":"20210103085816","is_ascension_mode":false,"campfire_choices":[{"data":"Fiend:FiendDemonSlash","floor":1,"key":"SMITH"},{"data":"Fiend:FiendViolentOutburst","floor":13,"key":"SMITH"}],"circlet_count":0,"master_deck":["Fiend:FiendDemonSlash+1","Fiend:FiendDemonSlash+1","Fiend:FiendDemonSlash+1","Fiend:FiendDemonSlash+1","Fiend:FiendDemonSlash+1","Fiend:FiendFortify","Fiend:FiendFortify","Fiend:FiendFortify","Fiend:FiendFortify","Fiend:FiendConsume","SuicideKing","Flesh_Made_Foul+1","Fiend:FiendSalvage","Fiend:FiendMeatPaste","Fiend:FiendSalvage","Fiend:FiendViolentOutburst+1","Fiend:FiendInfect","Fiend:FiendCancer","Fiend:FiendMeatShield","Fiend:FiendRiskyDice","Fiend:FiendDemonicContract"],"relics":["Fiend:FiendTotem","REME_ComplimentaryCards","HushsDoor","GuppysHead","theForsaken:Gavel","Replay:Mystery Machine","infinitespire:CheckeredPen","downfall:HeartBlessingGreen"],"acts_visited":["Exordium"],"potions_floor_usage":[6,6,6,8,16,16,16],"damage_taken":[{"damage":2,"enemies":"Cultist","floor":2,"turns":4},{"damage":3,"enemies":"Small Slimes","floor":4,"turns":2},{"damage":0,"enemies":"2 Louse","floor":5,"turns":3},{"damage":24,"enemies":"Gremlin Nob","floor":6,"turns":4},{"damage":17,"enemies":"3 Sentries","floor":8,"turns":7},{"damage":0,"enemies":"Large Slime","floor":11,"turns":3},{"damage":3,"enemies":"2 Fungi Beasts","floor":12,"turns":2},{"damage":8,"enemies":"Blue Slaver","floor":14,"turns":2},{"damage":2,"enemies":"Exordium Wildlife","floor":15,"turns":3},{"damage":27,"enemies":"downfall:Defect","floor":16,"turns":4}],"seed_played":"73558664318897049","potions_obtained":[{"floor":3,"key":"Ancient Potion"},{"floor":3,"key":"Toxic Potion"},{"floor":3,"key":"Adrenaline Potion"},{"floor":6,"key":"GamblersBrew"},{"floor":8,"key":"Explosive Potion"},{"floor":11,"key":"Swift Potion"},{"floor":12,"key":"SkillPotion"}],"is_trial":false,"path_per_floor":["R","M","?","M","M","E","T","E","?","?","M","M","R","M","M","B"],"character_chosen":"THE_FIEND","items_purchased":[],"campfire_rested":0,"item_purchase_floors":[],"current_hp_per_floor":[70,68,68,65,65,45,45,33,33,33,33,30,30,22,20,0,0],"gold":205,"neow_bonus":"RANDOM_COMMON_RELIC","is_daily":false,"chose_seed":false,"campfire_upgraded":2,"win_rate":0.0,"timestamp":1609660696,"path_taken":["R","M","?","M","M","E","T","E","?","?","M","M","R","M","M","BOSS"],"items_purchased_type":[],"build_version":"2020-12-22","purchased_purges":0,"victory":false,"max_hp_per_floor":[70,70,70,70,70,71,71,72,72,72,72,72,72,72,72,72,72],"card_choices":[{"not_picked":[],"picked":"SuicideKing","floor":0},{"not_picked":["Fiend:FiendMeatShield","Fiend:FiendConserve"],"picked":"Fiend:FiendSalvage","floor":2},{"not_picked":["Fiend:FiendBloodlust","Fiend:FiendMeditate"],"picked":"Fiend:FiendMeatPaste","floor":4},{"not_picked":["Fiend:FiendAbomination","Fiend:FiendTransmeatation"],"picked":"Fiend:FiendSalvage","floor":5},{"not_picked":["Fiend:FiendTransmeatation","Fiend:FiendFleshPlating"],"picked":"Fiend:FiendViolentOutburst","floor":6},{"not_picked":["Fiend:FiendBulkUp","Fiend:FiendBackFromHell"],"picked":"Fiend:FiendInfect","floor":8},{"not_picked":["Fiend:FiendVaccine","Fiend:FiendLeech"],"picked":"Fiend:FiendCancer","floor":11},{"not_picked":["Fiend:FiendVaccine","Fiend:FiendSplat"],"picked":"Fiend:FiendMeatShield","floor":12},{"not_picked":["Fiend:FiendFiendishCharge","Fiend:FiendMeatShield"],"picked":"Fiend:FiendRiskyDice","floor":14},{"not_picked":["Fiend:FiendExecute","Fiend:FiendGreaterDemonSlash"],"picked":"Fiend:FiendDemonicContract","floor":15}],"player_experience":76231,"relics_obtained":[{"floor":6,"key":"Replay:Mystery Machine"},{"floor":7,"key":"infinitespire:CheckeredPen"},{"floor":8,"key":"ReplayFunnel"}],"event_choices":[{"damage_healed":0,"gold_gain":0,"player_choice":"Got Potions","damage_taken":0,"max_hp_gain":0,"max_hp_loss":0,"event_name":"Lab","floor":3,"gold_loss":0}],"is_beta":false,"boss_relics":[],"items_purged_floors":[],"is_endless":false,"potions_floor_spawned":[6,8,11,12],"killed_by":"downfall:Defect","ascension_level":0}}