{"host":"e8tokx78z9vc2suo","time":1609678211,"event":{"mods":["Act Like it!","Aspiration","BaseMod","Colored Powertips","Conspire","Gensokyo","Hallownest","HololiveMod","KinomotoSakuraMod(Ä¾Ö®±¾Ó£)","Koishi","Lobotomy","LobotomyExtend","Marisa£¨ìFÓê¡¡Ä§ÀíÉ³£©","Minty Spire (QoL Compilation)","MostiFishMod","Pale of the Ancients","Prisma Mod","Reimu£¨²©ÀöÁéÃÎ£©","Remilia£¨ÀÙÃ×ÀòÑÇ£©","Replay The Spire","RumiaBox-Â¶Ã×æ«µÄÉñÃØºÐ×Ó","SIMod","StSLib","TestMod","The Administrix","The Animator","The Bug Knight","Yakumo Yukari mod","Youmu£¨»êÆÇÑýÃÎ£©","vexMod","¡¾ÒÅÎï¿¨ÅÆ¡¿REMEMod"],"gold_per_floor":[115,126,126,141,158,158,167,167,167,27,79,91,91,91,490,490,490,590,590,599,599,599,609,618,618,649,649,649,108,83,83,97,97,97,97,97],"floor_reached":35,"playtime":1474,"items_purged":[],"score":290,"play_id":"370a04c7-6113-4bcb-a2f9-fdfd9b96f19d","local_time":"20210103205011","is_ascension_mode":false,"campfire_choices":[{"data":"FiveSignsOfTheDyingDeva","floor":6,"key":"SMITH"},{"data":"FlashingScatteredFlowers","floor":17,"key":"SMITH"},{"data":"SwordExtraction","floor":25,"key":"SMITH"},{"data":"StrangeHalfBody","floor":31,"key":"SMITH"},{"floor":34,"key":"DIG"}],"circlet_count":0,"master_deck":["Hololive_DevilCharm","FiveSignsOfTheDyingDeva+1","FlashingScatteredFlowers+1","PreachingAvici","TransmigrationSlash+1","HeartExcerptSlash+1","HellFireSword","CrescentMoonSlash+1","SlashOfSaigyouSpringWind","ThreeKonsSevenHakus","HumanRealmSword+1","SwordExtraction+1","SwordExtraction","RapidSlash+1","VoidnessSword","FastingOfTheYoungPreta","VoidnessSword","DeadlyForm","AsuraSword","AsuraSword","StrangeHalfBody+1","SlashOfSaigyouSpringWind","VoidnessSword","HeavenGodSword+1","SanzenSekai+1"],"relics":["HalfPhantom","testmod-TestBox","REME_ComplimentaryCards","MetatronsCube","testmod-Charity","SynthV:TestCard","LetterFromLob","Gensokyo:Mercy","Molten Egg 2","Ccalipers","RedMistMask","vexMod:TanglingVine","Smiling Mask","Kunai","SumBook","Strange Spoon","Oddly Smooth Stone","aspiration:Lifesprig","vexMod:BarristanHead"],"acts_visited":["Gensokyo:Gensokyo","Gensokyo:Gensokyoer"],"potions_floor_usage":[35],"damage_taken":[{"damage":2,"enemies":"Gensokyo:Gryphon","floor":1,"turns":4},{"damage":0,"enemies":"Gensokyo:3_Fairies","floor":2,"turns":5},{"damage":0,"enemies":"Gensokyo:Python","floor":4,"turns":2},{"damage":6,"enemies":"Gensokyo:3_Kodama","floor":5,"turns":4},{"damage":0,"enemies":"Gensokyo:2_Rabbits","floor":7,"turns":3},{"damage":2,"enemies":"Gensokyo:VengefulSpirit","floor":12,"turns":3},{"damage":14,"enemies":"Gensokyo:Reimu","floor":18,"turns":5},{"damage":2,"enemies":"Gensokyo:Chomper","floor":20,"turns":2},{"damage":0,"enemies":"Gensokyo:3_Dogs","floor":23,"turns":2},{"damage":8,"enemies":"Gensokyo:Slime_Group","floor":24,"turns":3},{"damage":0,"enemies":"Gensokyo:Reisen","floor":26,"turns":3},{"damage":10,"enemies":"Gensokyo:Wraith","floor":32,"turns":3},{"damage":118,"enemies":"Gensokyo:Eternal_Rivals","floor":35,"turns":8}],"seed_played":"-1309180534428312290","potions_obtained":[{"floor":4,"key":"GrandPatriotsElixir:ReiMu"},{"floor":5,"key":"Swift Potion"},{"floor":18,"key":"Swift Potion"},{"floor":32,"key":"testmod-TimePotion"}],"is_trial":false,"path_per_floor":["M","M","?","M","M","R","M","?","T","$","T","M","PTL","PTL","?","?","R","B",null,"M","?","?","M","M","R","E","?","T","$","?","R","M","T","R","B"],"character_chosen":"YOUMU","items_purchased":["HeartExcerptSlash+1","HellFireSword","SumBook","Strange Spoon","Oddly Smooth Stone"],"campfire_rested":0,"item_purchase_floors":[10,10,29,29,29],"current_hp_per_floor":[74,75,75,76,71,71,72,72,72,72,73,72,72,72,73,73,73,60,84,83,83,83,84,77,77,78,78,78,78,78,78,84,84,84,0,0],"gold":97,"neow_bonus":"","is_daily":false,"chose_seed":false,"campfire_upgraded":4,"win_rate":0.0,"timestamp":1609678211,"path_taken":["M","M","?","M","M","R","?","?","T","?","?","?","PTL","PTL","?","?","R","BOSS","M","?","?","M","M","R","E","?","T","$","?","R","M","?","R","BOSS"],"items_purchased_type":["Card","Card","Relic","Relic","Relic"],"build_version":"2020-12-22","purchased_purges":0,"victory":false,"max_hp_per_floor":[76,77,77,78,79,79,80,80,80,80,81,82,82,82,83,83,83,84,84,85,85,85,86,87,87,88,88,88,88,88,88,89,89,89,89,89],"card_choices":[{"not_picked":["ThreeKonsSevenHakus","ThoughtCuttingSword"],"picked":"PhosphoricSlash","floor":1},{"not_picked":["CherryBlossomFlashing","TurningAngelCut","HumanRealmSword","LightFlashOfTheNetherworld"],"picked":"FiveSignsOfTheDyingDeva","floor":2},{"not_picked":["HumanKnowledgeSword","WickedSoul","ObsessionWithThePresentWorld","TurningAngelCut"],"picked":"FlashingScatteredFlowers","floor":4},{"not_picked":["ThoughtCuttingSword","SlashOfMeditation","DispleasureOfTheSevenHakus","GhostSword"],"picked":"PreachingAvici","floor":5},{"not_picked":["ConstancyOfTheConventionalTruth","ObsessionWithThePresentWorld","KarmicPunishmentOfTheIdleAndUnfocused","HumanKnowledgeSword"],"picked":"TransmigrationSlash","floor":7},{"not_picked":["CherryBlossomFlashing+1","SpiritCuttingSword","PreachingAvici","FlashingScatteredFlowers+1"],"picked":"CrescentMoonSlash+1","floor":12},{"not_picked":["GreatEnlightenmentAppearingAndDisappearing","MatsuyoiReflectingSatelliteSlash+1","DeadlyForm","FastingOfTheYoungPreta"],"picked":"SlashOfSaigyouSpringWind","floor":18},{"not_picked":["SanzenSekai+1","LowerRealmReflectionSlash+1","AsTheSilentNirvana","DoubleWheelOfPain"],"picked":"ThreeKonsSevenHakus","floor":20},{"not_picked":["LowerRealmReflectionSlash+1","PhosphoricSlash+1","StrangeHalfBody","SwordOfBindingDesires+1"],"picked":"HumanRealmSword+1","floor":23},{"not_picked":["HeartExcerptSlash+1","FlashingScatteredFlowers+1","SanzenSekai+1","ThreeKonsSevenHakus"],"picked":"SwordExtraction","floor":24},{"not_picked":["ThreeKonsSevenHakus","TwoHundredYojanaInOneSlash+1","HumanKnowledgeSword+1","FiveSignsOfTheDyingDeva+1"],"picked":"SwordExtraction","floor":26},{"not_picked":["CrescentMoonSlash+1","LowerRealmReflectionSlash+1","SuddenDivineSeveringOfKarmicWind+1","PhosphoricSlash+1"],"picked":"SanzenSekai+1","floor":32}],"player_experience":282971,"relics_obtained":[{"floor":1,"key":"SynthV:TestCard"},{"floor":1,"key":"LetterFromLob"},{"floor":9,"key":"Molten Egg 2"},{"floor":11,"key":"Ccalipers"},{"floor":12,"key":"RedMistMask"},{"floor":26,"key":"Smiling Mask"},{"floor":28,"key":"Kunai"},{"floor":33,"key":"aspiration:Lifesprig"},{"floor":34,"key":"vexMod:BarristanHead"}],"event_choices":[{"damage_healed":0,"gold_gain":400,"player_choice":"Sell","damage_taken":0,"max_hp_gain":0,"max_hp_loss":0,"event_name":"¶÷ÂåË¹µÄÅÌ×Ó","floor":15,"relics_lost":["DaveBox"],"gold_loss":0}],"is_beta":false,"boss_relics":[{"not_picked":["Replay:Drink Me","Snecko Eye"],"picked":"vexMod:TanglingVine"}],"items_purged_floors":[],"is_endless":false,"potions_floor_spawned":[4,5,18,23,26,32],"killed_by":"Gensokyo:Eternal_Rivals","ascension_level":0}}