{"host":"jpzdg3po3tjxdjri","time":1609710328,"event":{"mods":["BaseMod","Better Third Choice","Colored Map","Colored Powertips","Minty Spire (QoL Compilation)","StSLib"],"gold_per_floor":[117,132,53,53,73,108,108,108,108],"floor_reached":8,"playtime":276,"items_purged":[],"score":95,"play_id":"d8214b9e-111c-4342-94d3-2b8143f95729","local_time":"20210103214528","is_ascension_mode":true,"campfire_choices":[{"floor":7,"key":"REST"}],"circlet_count":0,"master_deck":["AscendersBane","Strike_R","Strike_R","Strike_R","Strike_R","Strike_R","Defend_R","Defend_R","Defend_R","Defend_R","Bash","Blood for Blood","Dropkick","Rampage","Inflame","Flex","Flame Barrier","Double Tap"],"relics":["Burning Blood","Golden Idol","Dream Catcher"],"acts_visited":["Exordium"],"potions_floor_usage":[6],"damage_taken":[{"damage":4,"enemies":"Jaw Worm","floor":1,"turns":4},{"damage":20,"enemies":"Small Slimes","floor":2,"turns":4},{"damage":11,"enemies":"Cultist","floor":5,"turns":4},{"damage":30,"enemies":"Lagavulin","floor":6,"turns":5},{"damage":33,"enemies":"3 Sentries","floor":8,"turns":6}],"seed_played":"-8648087340513163852","potions_obtained":[{"floor":5,"key":"Fire Potion"}],"is_trial":false,"path_per_floor":["M","M","$","?","M","E","R","E"],"character_chosen":"IRONCLAD","items_purchased":["Inflame"],"campfire_rested":1,"item_purchase_floors":[3],"current_hp_per_floor":[70,56,56,38,33,9,31,0,0],"gold":108,"neow_bonus":"THREE_CARDS","is_daily":false,"chose_seed":false,"campfire_upgraded":0,"win_rate":0.0,"timestamp":1609710328,"path_taken":["M","M","$","?","M","E","R","E"],"items_purchased_type":["Card"],"build_version":"2020-12-22","purchased_purges":0,"victory":false,"max_hp_per_floor":[75,75,75,75,75,75,75,75,75],"card_choices":[{"not_picked":["Clothesline","Iron Wave"],"picked":"Blood for Blood","floor":0},{"not_picked":["Body Slam","Wild Strike"],"picked":"Dropkick","floor":1},{"not_picked":["Blood for Blood","Pummel"],"picked":"Rampage","floor":2},{"not_picked":["Clothesline","Wild Strike"],"picked":"Flex","floor":5},{"not_picked":["Feel No Pain","Thunderclap"],"picked":"Flame Barrier","floor":6},{"not_picked":["Armaments","Infernal Blade"],"picked":"Double Tap","floor":7}],"player_experience":821053,"relics_obtained":[{"floor":6,"key":"Dream Catcher"}],"event_choices":[{"damage_healed":0,"gold_gain":0,"player_choice":"Take Damage","damage_taken":18,"relics_obtained":["Golden Idol"],"max_hp_gain":0,"max_hp_loss":0,"event_name":"Golden Idol","floor":4,"gold_loss":0}],"is_beta":false,"boss_relics":[],"items_purged_floors":[],"is_endless":false,"potions_floor_spawned":[5],"killed_by":"3 Sentries","ascension_level":14}}