{"host":"pbf6u3tyx46snqc7","time":1609667556,"event":{"mods":["AchievementEnabler","BaseMod","Colored Map","Minty Spire (QoL Compilation)","Rare Cards Sparkle","SuperFastMode"],"gold_per_floor":[115,132,102,112,3,3,19,19,19,19,19,19,19,30,30,108,108,128,148,148,198,90,90,90],"floor_reached":23,"playtime":665,"items_purged":[],"score":358,"play_id":"237ccaaa-499a-41a3-b802-ef3158f5643a","local_time":"20210103185236","is_ascension_mode":true,"campfire_choices":[{"floor":6,"key":"REST"},{"floor":12,"key":"REST"},{"data":"Conserve Battery","floor":15,"key":"SMITH"}],"circlet_count":0,"master_deck":["AscendersBane","Strike_B","Strike_B","Strike_B","Strike_B","Defend_B","Defend_B","Defend_B+1","Defend_B","Zap","Dualcast+1","Compile Driver","Undo","Conserve Battery+1","Cold Snap","Ball Lightning+1","Ball Lightning","Self Repair","Thunder Strike","Ball Lightning","Finesse"],"relics":["Cracked Core","Pocketwatch","Omamori","Snecko Eye","PreservedInsect"],"acts_visited":["Exordium","TheCity"],"potions_floor_usage":[14,16,23],"damage_taken":[{"damage":12.0,"enemies":"Small Slimes","floor":1.0,"turns":2.0},{"damage":1.0,"enemies":"Cultist","floor":2.0,"turns":3.0},{"damage":3,"enemies":"2 Louse","floor":4,"turns":3},{"damage":9,"enemies":"Red Slaver","floor":7,"turns":3},{"damage":0,"enemies":"3 Louse","floor":14,"turns":1},{"damage":35,"enemies":"Slime Boss","floor":16,"turns":10},{"damage":16,"enemies":"2 Thieves","floor":18,"turns":3},{"damage":21,"enemies":"Chosen","floor":19,"turns":4},{"damage":27,"enemies":"Book of Stabbing","floor":23,"turns":4}],"seed_played":"429822646340760138","potions_obtained":[{"floor":3.0,"key":"FearPotion"},{"floor":3.0,"key":"Explosive Potion"},{"floor":4,"key":"AttackPotion"},{"floor":19,"key":"DuplicationPotion"}],"is_trial":false,"path_per_floor":["M","M","?","M","$","R","M","$","T","?","$","R","?","M","R","B",null,"M","M","T","?","$","E"],"character_chosen":"DEFECT","items_purchased":["Cold Snap","Ball Lightning","Finesse"],"campfire_rested":2,"item_purchase_floors":[5,5,22],"current_hp_per_floor":[34,33,33,30,30,51,42,42,42,21,21,42,42,42,42,14,57,41,27,27,27,27,0,0],"gold":90,"neow_bonus":"ONE_RARE_RELIC","is_daily":false,"chose_seed":false,"campfire_upgraded":1,"win_rate":0.0,"timestamp":1609667556,"path_taken":["M","M","?","?","$","R","M","$","T","?","$","R","?","M","R","BOSS","M","M","?","?","$","E"],"items_purchased_type":["Card","Card","Card"],"build_version":"2020-12-22","purchased_purges":0,"victory":false,"max_hp_per_floor":[71,71,71,71,71,71,71,71,71,71,71,71,71,71,71,71,71,71,71,71,71,71,71,71],"card_choices":[{"not_picked":["Redo","Sweeping Beam"],"picked":"Compile Driver","floor":1.0},{"not_picked":["Turbo","Rebound"],"picked":"Undo","floor":2.0},{"not_picked":["Turbo","Steam"],"picked":"Conserve Battery","floor":4},{"not_picked":["Self Repair","Go for the Eyes"],"picked":"Ball Lightning","floor":7},{"not_picked":["Barrage","Stack"],"picked":"Self Repair","floor":14},{"not_picked":["Reboot","Machine Learning"],"picked":"Thunder Strike","floor":16},{"not_picked":["Sweeping Beam","Redo+1","Conserve Battery"],"picked":"SKIP","floor":18},{"not_picked":["Barrage","Lockon"],"picked":"Ball Lightning","floor":19}],"player_experience":372356,"relics_obtained":[{"floor":9,"key":"Omamori"},{"floor":20,"key":"PreservedInsect"}],"event_choices":[{"damage_healed":0.0,"max_hp_gain":0.0,"max_hp_loss":0.0,"gold_gain":0.0,"event_name":"The Woman in Blue","player_choice":"Bought 2 Potions","floor":3.0,"gold_loss":0.0,"damage_taken":0.0},{"damage_healed":0,"gold_gain":0,"player_choice":"Entered Light","damage_taken":21,"max_hp_gain":0,"max_hp_loss":0,"event_name":"Shining Light","floor":10,"gold_loss":0,"cards_upgraded":["Defend_B","Ball Lightning"]},{"damage_healed":0,"gold_gain":0,"player_choice":"Forge","damage_taken":0,"max_hp_gain":0,"max_hp_loss":0,"event_name":"Accursed Blacksmith","floor":13,"gold_loss":0,"cards_upgraded":["Dualcast"]},{"damage_healed":0,"gold_gain":50,"player_choice":"Stole From Cult","damage_taken":0,"max_hp_gain":0,"max_hp_loss":0,"event_name":"Nest","floor":21,"gold_loss":0}],"is_beta":false,"boss_relics":[{"not_picked":["Ectoplasm","SlaversCollar"],"picked":"Snecko Eye"}],"items_purged_floors":[],"is_endless":false,"potions_floor_spawned":[4,19],"killed_by":"Book of Stabbing","ascension_level":20}}