{"host":"sfqxmtwcpkqrvrbt","time":1609668608,"event":{"mods":["AchievementEnabler","BaseMod","DeckTracker","Minty Spire (QoL Compilation)"],"gold_per_floor":[112,62,62,82,82,82,82,113,140,169,169,183,203,218,218,317,317,327,327,327,27,39,39,72,82,136,147,179,194,194,213,213,313,313,333,333,353,33,53,82,82,82,82,82,100,100,100,112,112,112],"floor_reached":51,"playtime":2866,"items_purged":["Strike_G+1","Pain"],"score":1688,"play_id":"560c28a2-c847-4d43-98d7-871ff3341598","local_time":"20210103191008","is_ascension_mode":true,"campfire_choices":[{"data":"Riddle With Holes","floor":6.0,"key":"SMITH"},{"floor":11.0,"key":"REST"},{"data":"Skewer","floor":15.0,"key":"SMITH"},{"data":"Tools of the Trade","floor":23.0,"key":"SMITH"},{"floor":30,"key":"REST"},{"data":"Noxious Fumes","floor":32,"key":"SMITH"},{"data":"Catalyst","floor":41,"key":"SMITH"},{"data":"Bouncing Flask","floor":44,"key":"SMITH"},{"floor":46,"key":"REST"},{"floor":49,"key":"REST"}],"circlet_count":0,"master_deck":["AscendersBane","Defend_G+1","Defend_G+1","Defend_G+1","Defend_G+1","Defend_G+1","Survivor","Neutralize+1","Riddle With Holes+1","Catalyst+1","Endless Agony+1","Expertise","Skewer+1","Prepared","Poisoned Stab","Malaise","Tools of the Trade+1","Noxious Fumes+1","Concentrate+1","Bouncing Flask+1","Die Die Die","Deflect","Backstab+1","Flechettes+1","Calculated Gamble","Dash"],"relics":["Busted Crown","Lantern","Ancient Tea Set","Regal Pillow","HoveringKite","Anchor","Potion Belt","Tiny Chest","Question Card","Runic Pyramid","WarpedTongs","Membership Card","Paper Crane","Whetstone","Ninja Scroll","Bird Faced Urn"],"acts_visited":["Exordium","TheCity","TheBeyond"],"potions_floor_usage":[29,45,50,50,50],"damage_taken":[{"damage":0.0,"enemies":"Small Slimes","floor":1.0,"turns":4.0},{"damage":0.0,"enemies":"2 Louse","floor":4.0,"turns":2.0},{"damage":34.0,"enemies":"Gremlin Nob","floor":8.0,"turns":5.0},{"damage":21.0,"enemies":"Lagavulin","floor":10.0,"turns":8.0},{"damage":0.0,"enemies":"Cultist","floor":12.0,"turns":2.0},{"damage":2.0,"enemies":"2 Fungi Beasts","floor":13.0,"turns":3.0},{"damage":2.0,"enemies":"3 Louse","floor":14.0,"turns":3.0},{"damage":0.0,"enemies":"Slime Boss","floor":16.0,"turns":6.0},{"damage":1.0,"enemies":"Shell Parasite","floor":18.0,"turns":5.0},{"damage":0.0,"enemies":"Chosen","floor":22.0,"turns":5.0},{"damage":0.0,"enemies":"Book of Stabbing","floor":24.0,"turns":7.0},{"damage":1.0,"enemies":"Centurion and Healer","floor":25.0,"turns":6.0},{"damage":3.0,"enemies":"Snake Plant","floor":27.0,"turns":5.0},{"damage":12.0,"enemies":"Slavers","floor":28.0,"turns":4.0},{"damage":29,"enemies":"Cultist and Chosen","floor":29,"turns":6},{"damage":2,"enemies":"Snecko","floor":31,"turns":6},{"damage":58,"enemies":"Champ","floor":33,"turns":11},{"damage":0,"enemies":"Orb Walker","floor":35,"turns":3},{"damage":6,"enemies":"3 Shapes","floor":37,"turns":6},{"damage":11,"enemies":"Sphere and 2 Shapes","floor":39,"turns":6},{"damage":0,"enemies":"Nemesis","floor":40,"turns":9},{"damage":32,"enemies":"4 Shapes","floor":45,"turns":4},{"damage":0,"enemies":"Spire Growth","floor":48,"turns":4},{"damage":74,"enemies":"Donu and Deca","floor":50,"turns":10}],"seed_played":"-6313654162039374327","potions_obtained":[{"floor":1.0,"key":"Fruit Juice"},{"floor":4.0,"key":"ColorlessPotion"},{"floor":12.0,"key":"FearPotion"},{"floor":14.0,"key":"ColorlessPotion"},{"floor":24.0,"key":"Poison Potion"},{"floor":25.0,"key":"DuplicationPotion"},{"floor":33,"key":"AttackPotion"},{"floor":35,"key":"LiquidBronze"},{"floor":37,"key":"LiquidMemories"},{"floor":48,"key":"Poison Potion"}],"is_trial":false,"path_per_floor":["M","?","?","M","?","R","?","E","T","E","R","M","M","M","R","B",null,"M","?","?","$","M","R","E","M","T","M","E","M","R","M","R","B",null,"M","?","M","$","M","E","R","?","T","R","M","R","T","M","R","B",null],"character_chosen":"THE_SILENT","items_purchased":["Tools of the Trade","Anchor","Membership Card","Paper Crane"],"campfire_rested":4,"item_purchase_floors":[21,21,38,38],"current_hp_per_floor":[63,63,68,68,68,68,68,34,34,13,50,50,48,51,51,51,73,72,72,72,72,72,72,72,71,71,68,56,27,66,64,64,6,62,62,62,56,56,45,45,45,45,45,45,13,52,52,56,80,10],"gold":112,"neow_bonus":"BOSS_RELIC","is_daily":false,"chose_seed":false,"campfire_upgraded":6,"win_rate":0.0,"timestamp":1609668608,"path_taken":["M","?","?","M","?","R","?","E","T","E","R","M","M","?","R","BOSS","M","?","?","$","M","R","E","M","T","M","E","M","R","M","R","BOSS","M","?","?","$","M","E","R","?","T","R","M","R","?","M","R","BOSS"],"items_purchased_type":["Card","Relic","Relic","Relic"],"build_version":"2020-12-22","purchased_purges":2,"victory":true,"max_hp_per_floor":[70,70,75,75,75,75,75,75,75,75,75,75,75,80,80,80,80,80,80,80,80,80,80,80,80,80,80,80,80,80,80,80,80,80,80,80,80,80,80,80,80,80,80,80,80,80,80,80,80,80],"card_choices":[{"not_picked":[],"picked":"Riddle With Holes","floor":1.0},{"not_picked":[],"picked":"Catalyst","floor":4.0},{"not_picked":[],"picked":"Expertise","floor":8.0},{"not_picked":[],"picked":"Skewer","floor":10.0},{"not_picked":[],"picked":"Prepared","floor":12.0},{"not_picked":["Infinite Blades"],"picked":"SKIP","floor":13.0},{"not_picked":[],"picked":"Poisoned Stab","floor":14.0},{"not_picked":[],"picked":"Malaise","floor":16.0},{"not_picked":["Poisoned Stab"],"picked":"SKIP","floor":18.0},{"not_picked":["Finisher"],"picked":"SKIP","floor":22.0},{"not_picked":["Slice"],"picked":"SKIP","floor":24.0},{"not_picked":["Dodge and Roll"],"picked":"SKIP","floor":25.0},{"not_picked":["Setup"],"picked":"SKIP","floor":27.0},{"not_picked":[],"picked":"Noxious Fumes","floor":28.0},{"not_picked":["Endless Agony"],"picked":"Concentrate+1","floor":29},{"not_picked":["Quick Slash"],"picked":"Bouncing Flask","floor":31},{"not_picked":["Doppelganger"],"picked":"Die Die Die","floor":33},{"not_picked":["Blade Dance"],"picked":"Deflect","floor":35},{"not_picked":["Backflip"],"picked":"Backstab+1","floor":37},{"not_picked":["Deflect","Sucker Punch"],"picked":"SKIP","floor":39},{"not_picked":["Grand Finale"],"picked":"Flechettes+1","floor":40},{"not_picked":["Calculated Gamble+1"],"picked":"Dash","floor":45},{"not_picked":["Endless Agony","Quick Slash"],"picked":"SKIP","floor":48}],"player_experience":64676,"relics_obtained":[{"floor":8.0,"key":"Lantern"},{"floor":9.0,"key":"Ancient Tea Set"},{"floor":10.0,"key":"Regal Pillow"},{"floor":24.0,"key":"Potion Belt"},{"floor":26.0,"key":"Tiny Chest"},{"floor":28.0,"key":"Question Card"},{"floor":40,"key":"Whetstone"},{"floor":43,"key":"Ninja Scroll"},{"floor":47,"key":"Bird Faced Urn"}],"event_choices":[{"cards_removed":["Strike_G"],"damage_healed":0.0,"max_hp_gain":0.0,"max_hp_loss":0.0,"gold_gain":0.0,"event_name":"The Cleric","player_choice":"Card Removal","floor":2.0,"gold_loss":50.0,"damage_taken":0.0},{"damage_healed":0.0,"max_hp_gain":5.0,"max_hp_loss":0.0,"gold_gain":0.0,"event_name":"Big Fish","player_choice":"Donut","floor":3.0,"gold_loss":0.0,"damage_taken":0.0},{"damage_healed":0.0,"max_hp_gain":0.0,"max_hp_loss":0.0,"gold_gain":0.0,"cards_transformed":["Strike_G"],"event_name":"Living Wall","player_choice":"Change","floor":5.0,"gold_loss":0.0,"damage_taken":0.0,"cards_obtained":["Endless Agony"]},{"cards_removed":["Strike_G"],"damage_healed":0.0,"max_hp_gain":0.0,"max_hp_loss":0.0,"gold_gain":0.0,"event_name":"Purifier","player_choice":"Purged","floor":7.0,"gold_loss":0.0,"damage_taken":0.0},{"damage_healed":0.0,"max_hp_gain":0.0,"max_hp_loss":0.0,"gold_gain":0.0,"event_name":"Back to Basics","player_choice":"Simplicity","floor":19.0,"gold_loss":0.0,"damage_taken":0.0,"cards_upgraded":["Strike_G","Strike_G","Defend_G","Defend_G","Defend_G","Defend_G","Defend_G"]},{"damage_healed":0.0,"max_hp_gain":0.0,"max_hp_loss":0.0,"gold_gain":0.0,"event_name":"Vampires","player_choice":"Ignored","floor":20.0,"gold_loss":0.0,"damage_taken":0.0},{"damage_healed":0,"gold_gain":0,"player_choice":"Rummage","damage_taken":0,"relics_obtained":["WarpedTongs"],"max_hp_gain":0,"max_hp_loss":0,"event_name":"Accursed Blacksmith","floor":36,"gold_loss":0,"cards_obtained":["Pain"]},{"damage_healed":0,"gold_gain":0,"cards_transformed":["Strike_G"],"player_choice":"Transformed","damage_taken":0,"max_hp_gain":0,"max_hp_loss":0,"event_name":"Transmorgrifier","floor":42,"gold_loss":0,"cards_obtained":["Calculated Gamble"]}],"is_beta":false,"boss_relics":[{"not_picked":["SacredBark","Black Star"],"picked":"HoveringKite"},{"not_picked":["SlaversCollar","Snecko Eye"],"picked":"Runic Pyramid"}],"items_purged_floors":[21,38],"is_endless":false,"potions_floor_spawned":[1,4,12,14,24,25,33,35,37,48],"ascension_level":12}}