{"host":"82vjcvwyw2j7afb1","time":1609697194,"event":{"mods":["BaseMod","Colored Map","DeckTracker","Keyboard Shortcuts","Minty Spire (QoL Compilation)","Permanent Neow","Quick Restart","StSLib","SuperFastMode","everything is the same but u backflip on backflip"],"gold_per_floor":[119,130,130,305,153,153,53,86,86,101,101,176,176,176,176,301,301,319,344,369,284,41,41,59,59,130,154,154,154,154,154],"floor_reached":30,"playtime":906,"items_purged":["Doubt","Injury"],"score":260,"play_id":"ffa3d346-d340-4a19-83ed-1bdeec77903a","local_time":"20210104030634","is_ascension_mode":true,"campfire_choices":[{"data":"Bash","floor":6.0,"key":"SMITH"},{"data":"Brutality","floor":11.0,"key":"SMITH"},{"data":"Flex","floor":13.0,"key":"SMITH"},{"data":"Rupture","floor":15.0,"key":"SMITH"},{"data":"Whirlwind","floor":23.0,"key":"SMITH"},{"data":"Bash","floor":25.0,"key":"SMITH"},{"data":"Exhume","floor":29.0,"key":"SMITH"}],"circlet_count":0,"master_deck":["Strike_R","Strike_R","Strike_R","Strike_R","Strike_R","Defend_R","Defend_R","Defend_R","Defend_R","Bash+1","Brutality+1","Wild Strike","Perfected Strike","Second Wind","Whirlwind+1","Flex+1","Bludgeon","Rupture+1","Flex","Bash+1","Exhume+1","Iron Wave","Heavy Blade+1","Power Through","Shrug It Off","Dark Embrace+1","Corruption+1"],"relics":["Burning Blood","Golden Idol","Pantograph","Meat on the Bone","Velvet Choker","Frozen Egg 2","Anchor","Bottled Flame","MutagenicStrength"],"acts_visited":["Exordium","TheCity"],"potions_floor_usage":[],"damage_taken":[{"damage":7.0,"enemies":"Cultist","floor":1.0,"turns":3.0},{"damage":1.0,"enemies":"Small Slimes","floor":2.0,"turns":3.0},{"damage":51.0,"enemies":"3 Sentries","floor":8.0,"turns":8.0},{"damage":2.0,"enemies":"2 Louse","floor":10.0,"turns":3.0},{"damage":43.0,"enemies":"Hexaghost","floor":16.0,"turns":7.0},{"damage":8.0,"enemies":"Spheric Guardian","floor":18.0,"turns":3.0},{"damage":35.0,"enemies":"3 Byrds","floor":19.0,"turns":5.0},{"damage":17.0,"enemies":"Cultist and Chosen","floor":20.0,"turns":4.0},{"damage":7.0,"enemies":"Snecko","floor":24.0,"turns":3.0},{"damage":1.0,"enemies":"Snake Plant","floor":27.0,"turns":2.0},{"damage":58,"enemies":"Book of Stabbing","floor":30,"turns":4}],"seed_played":"1606151703695040386","potions_obtained":[{"floor":2.0,"key":"BlessingOfTheForge"},{"floor":16.0,"key":"PowerPotion"},{"floor":20.0,"key":"Energy Potion"},{"floor":24.0,"key":"SneckoOil"}],"is_trial":false,"path_per_floor":["M","M","?","?","$","R","$","E","T","M","R","?","R","?","R","B",null,"M","M","M","?","$","R","M","R","T","M","?","R","E"],"character_chosen":"IRONCLAD","items_purchased":["Second Wind","Anchor","Shrug It Off","Dark Embrace+1"],"campfire_rested":0,"item_purchase_floors":[5,22,22,22],"current_hp_per_floor":[79,80,80,80,80,80,80,35,35,51,51,40,40,40,40,40,80,78,49,50,50,50,50,49,49,49,54,54,54,0,0],"gold":154,"neow_bonus":"ONE_RANDOM_RARE_CARD","is_daily":false,"chose_seed":false,"campfire_upgraded":7,"win_rate":0.0,"timestamp":1609697194,"path_taken":["M","M","?","?","$","R","$","E","T","M","R","?","R","?","R","BOSS","M","M","?","?","$","R","M","R","T","M","?","R","E"],"items_purchased_type":["Card","Relic","Card","Card"],"build_version":"2020-12-22","purchased_purges":2,"victory":false,"max_hp_per_floor":[80,80,80,80,80,80,80,80,80,80,80,80,80,80,80,80,80,80,80,80,80,80,80,80,80,80,80,80,80,80,80],"card_choices":[{"not_picked":["Thunderclap","Metallicize"],"picked":"Wild Strike","floor":1.0},{"not_picked":["Sword Boomerang","Flame Barrier"],"picked":"Perfected Strike","floor":2.0},{"not_picked":["Twin Strike","Evolve"],"picked":"Whirlwind","floor":8.0},{"not_picked":["Clash","True Grit"],"picked":"Flex","floor":10.0},{"not_picked":["Brutality","Barricade"],"picked":"Exhume","floor":16.0},{"not_picked":["Body Slam","Carnage"],"picked":"Iron Wave","floor":18.0},{"not_picked":["Inflame+1","Body Slam"],"picked":"Heavy Blade+1","floor":19.0},{"not_picked":["Spot Weakness","Wild Strike+1"],"picked":"Power Through","floor":20.0},{"not_picked":["Cleave","Shrug It Off","Sword Boomerang+1"],"picked":"SKIP","floor":24.0},{"not_picked":["Ghostly Armor","Thunderclap"],"picked":"Corruption+1","floor":27.0}],"player_experience":61152,"relics_obtained":[{"floor":8.0,"key":"Pantograph"},{"floor":9.0,"key":"Meat on the Bone"},{"floor":26.0,"key":"Bottled Flame"}],"event_choices":[{"damage_healed":0.0,"max_hp_gain":0.0,"max_hp_loss":0.0,"gold_gain":0.0,"event_name":"Golden Idol","player_choice":"Take Wound","floor":3.0,"gold_loss":0.0,"damage_taken":0.0,"relics_obtained":["Golden Idol"],"cards_obtained":["Injury"]},{"damage_healed":0.0,"max_hp_gain":0.0,"max_hp_loss":0.0,"gold_gain":175.0,"event_name":"Liars Game","player_choice":"AGREE","floor":4.0,"gold_loss":0.0,"damage_taken":0.0,"cards_obtained":["Doubt"]},{"damage_healed":0.0,"max_hp_gain":0.0,"max_hp_loss":0.0,"gold_gain":75.0,"event_name":"World of Goop","player_choice":"Gather Gold","floor":12.0,"gold_loss":0.0,"damage_taken":11.0},{"damage_healed":0.0,"max_hp_gain":0.0,"max_hp_loss":0.0,"gold_gain":0.0,"event_name":"Match and Keep!","player_choice":"4 cards matched","floor":14.0,"gold_loss":0.0,"damage_taken":0.0,"cards_obtained":["Bludgeon","Rupture","Flex","Bash"]},{"damage_healed":0.0,"max_hp_gain":0.0,"max_hp_loss":0.0,"gold_gain":0.0,"event_name":"Addict","player_choice":"Obtained Relic","floor":21.0,"gold_loss":85.0,"damage_taken":0.0,"relics_obtained":["Frozen Egg 2"]},{"damage_healed":0.0,"max_hp_gain":0.0,"max_hp_loss":0.0,"gold_gain":0.0,"event_name":"Drug Dealer","player_choice":"Inject Mutagens","floor":28.0,"gold_loss":0.0,"damage_taken":0.0,"relics_obtained":["MutagenicStrength"]}],"is_beta":false,"boss_relics":[{"not_picked":["Empty Cage","Calling Bell"],"picked":"Velvet Choker"}],"items_purged_floors":[5,7],"is_endless":false,"potions_floor_spawned":[2,16,20,24],"killed_by":"Book of Stabbing","ascension_level":3}}