{"host":"3iouabftir4t7z56","time":1609639918,"event":{"mods":["2.2 Compatiblity","Act Like it!","BaseMod","Colored Map","Hallownest","Minty Spire (QoL Compilation)","StSLib","The Bug Knight"],"gold_per_floor":[213,65,75,150,176,189,364,364,391,391,391,430,445,460,460,460,460],"floor_reached":16,"playtime":548,"items_purged":["HollowMod:FocusHealStart"],"score":100,"play_id":"fb161fc4-ba21-4b6a-a4ec-e30dcdd1c4b6","local_time":"20210103031158","is_ascension_mode":false,"campfire_choices":[{"data":"HollowMod:GreatSlash","floor":8,"key":"SMITH"},{"data":"HollowMod:CycloneSlash","floor":10,"key":"SMITH"},{"floor":15,"key":"REST"}],"circlet_count":0,"master_deck":["HollowMod:NailStrikeStart","HollowMod:NailStrikeStart","HollowMod:NailStrikeStart","HollowMod:NailStrikeStart","HollowMod:QuickDashStart","HollowMod:QuickDashStart","HollowMod:QuickDashStart","HollowMod:QuickDashStart","HollowMod:PogoStrike","HollowMod:VengefulVoid","HollowMod:FallenFury","HollowMod:CycloneSlash+1","HollowMod:GreatSlash+1","Doubt","Injury","HollowMod:DescendingDark","HollowMod:BlackTendrils","HollowMod:DescendingDark"],"relics":["HollowMod:VesselMask","Tiny Chest","Golden Idol","Pen Nib"],"acts_visited":["Exordium"],"potions_floor_usage":[16,16],"damage_taken":[{"damage":3,"enemies":"Jaw Worm","floor":1,"turns":4},{"damage":0,"enemies":"Small Slimes","floor":3,"turns":2},{"damage":0,"enemies":"2 Louse","floor":6,"turns":2},{"damage":42,"enemies":"Gremlin Nob","floor":12,"turns":5},{"damage":5,"enemies":"Gremlin Gang","floor":13,"turns":3},{"damage":0,"enemies":"3 Louse","floor":14,"turns":1},{"damage":50,"enemies":"Hexaghost","floor":16,"turns":7}],"seed_played":"-5617374554153469073","potions_obtained":[{"floor":3,"key":"Dexterity Potion"},{"floor":12,"key":"Dexterity Potion"},{"floor":14,"key":"Explosive Potion"}],"is_trial":false,"path_per_floor":["M","$","M","?","T","M","?","R","T","R","?","E","M","M","R","B"],"character_chosen":"THE_BUGKNIGHT","items_purchased":["HollowMod:FallenFury"],"campfire_rested":1,"item_purchase_floors":[2],"current_hp_per_floor":[75,75,75,64,64,64,64,64,64,64,64,22,17,17,39,0,0],"gold":460,"neow_bonus":"HUNDRED_GOLD","is_daily":false,"chose_seed":false,"campfire_upgraded":2,"win_rate":0.0,"timestamp":1609639918,"path_taken":["M","$","M","?","?","M","?","R","T","R","?","E","M","M","R","BOSS"],"items_purchased_type":["Card"],"build_version":"2020-12-22","purchased_purges":1,"victory":false,"max_hp_per_floor":[75,75,75,75,75,75,75,75,75,75,75,75,75,75,75,75,75],"card_choices":[{"not_picked":["HollowMod:SoulShaman","HollowMod:NewJinnsSoul"],"picked":"HollowMod:VengefulVoid","floor":1},{"not_picked":["HollowMod:SiblingsSouls","HollowMod:DescendingDark"],"picked":"HollowMod:CycloneSlash","floor":3},{"not_picked":["HollowMod:DashSlash","HollowMod:NewJinnsSoul"],"picked":"HollowMod:GreatSlash","floor":6},{"not_picked":["HollowMod:PureVessel","HollowMod:TaintedHusks"],"picked":"HollowMod:DescendingDark","floor":12},{"not_picked":["HollowMod:SoulStrike","HollowMod:NewLittleFool"],"picked":"HollowMod:BlackTendrils","floor":13},{"not_picked":["HollowMod:InfectedAttack","HollowMod:CoiledNail"],"picked":"HollowMod:DescendingDark","floor":14}],"player_experience":592762,"relics_obtained":[{"floor":9,"key":"Tiny Chest"},{"floor":12,"key":"Pen Nib"}],"event_choices":[{"damage_healed":0,"gold_gain":75,"player_choice":"Gather Gold","damage_taken":11,"max_hp_gain":0,"max_hp_loss":0,"event_name":"World of Goop","floor":4,"gold_loss":0},{"damage_healed":0,"gold_gain":175,"player_choice":"AGREE","damage_taken":0,"max_hp_gain":0,"max_hp_loss":0,"event_name":"Liars Game","floor":7,"gold_loss":0,"cards_obtained":["Doubt"]},{"damage_healed":0,"gold_gain":0,"player_choice":"Take Wound","damage_taken":0,"relics_obtained":["Golden Idol"],"max_hp_gain":0,"max_hp_loss":0,"event_name":"Golden Idol","floor":11,"gold_loss":0,"cards_obtained":["Injury"]}],"is_beta":false,"boss_relics":[],"items_purged_floors":[2],"is_endless":false,"potions_floor_spawned":[3,12,14],"killed_by":"Hexaghost","ascension_level":0}}