{"host":"56c2xpjnpymkv18q","time":1609670190,"event":{"mods":["Act Like it!","Aspiration","BaseMod","Lobotomy","LobotomyExtend","Minty Spire (QoL Compilation)","Quick Restart","Reimu£®≤©¿ˆ¡È√Œ£©","Relic Stats","Replay The Spire","Spicy Shops","StSLib","The Poker Player"],"gold_per_floor":[113,113,130,130,12,37,37,37,37],"floor_reached":7,"playtime":466,"items_purged":[],"score":71,"play_id":"f3877e69-fa7a-434b-8fce-ea949501924e","local_time":"20210103183629","daily_mods":["Heirloom","Flight","DeadlyEvents","Elite Swarm"],"is_ascension_mode":true,"metric_token":854,"campfire_choices":[],"circlet_count":0,"master_deck":["PokerPlayerMod:Diamond1","PokerPlayerMod:Diamond2","PokerPlayerMod:Diamond3","PokerPlayerMod:Diamond4","PokerPlayerMod:Diamond5","PokerPlayerMod:Spade1","PokerPlayerMod:Spade2","PokerPlayerMod:Spade3","PokerPlayerMod:Spade4","PokerPlayerMod:Club1","PokerPlayerMod:Club2","PokerPlayerMod:Heart2","PokerPlayerMod:TrumpStrike","PokerPlayerMod:BadJoker","PokerPlayerMod:Mulligan","PokerPlayerMod:Spade4","PokerPlayerMod:Diamond1","Amnesia","PokerPlayerMod:Heart5","PokerPlayerMod:ItsShowtime"],"relics":["PokerPlayerMod:DeckCase","Ring of Chaos","Replay:Kaleidoscope","LetterFromLob","Membership Card","TungstenRod"],"acts_visited":["Exordium"],"potions_floor_usage":[],"damage_taken":[{"damage":0,"enemies":"Cultist","floor":1,"turns":3},{"damage":6,"enemies":"Small Slimes","floor":3,"turns":4},{"damage":19,"enemies":"3 Sentries","floor":6,"turns":7},{"damage":47,"enemies":"Gremlin Nob","floor":7,"turns":5}],"seed_played":"4917109694442702564","potions_obtained":[{"floor":1,"key":"Strength Potion"},{"floor":6,"key":"Languid Potion"}],"is_trial":true,"path_per_floor":["M","?","M","?","$","E","E"],"character_chosen":"THE_POKER_PLAYER","items_purchased":["Membership Card","PokerPlayerMod:Heart5"],"campfire_rested":0,"item_purchase_floors":[5,5],"current_hp_per_floor":[51,51,46,46,46,37,0,0,0],"gold":37,"neow_bonus":"","is_daily":false,"chose_seed":false,"campfire_upgraded":0,"win_rate":0.0,"timestamp":1609670189,"path_taken":["?","?","?","?","?","E","E"],"items_purchased_type":["Relic","Card"],"build_version":"2020-12-22","purchased_purges":0,"victory":false,"max_hp_per_floor":[52,52,52,52,52,52,52,52,52],"relic_stats":{"counters":[4,19],"obtain_stats":[{"PokerPlayerMod:DeckCase":0,"Ring of Chaos":0,"LetterFromLob":1,"Replay:Kaleidoscope":0,"Membership Card":5,"TungstenRod":6},{"PokerPlayerMod:DeckCase":0,"Ring of Chaos":0,"LetterFromLob":1,"Replay:Kaleidoscope":0,"Membership Card":2,"TungstenRod":3},{"PokerPlayerMod:DeckCase":0,"Ring of Chaos":0,"LetterFromLob":3,"Replay:Kaleidoscope":0,"Membership Card":7,"TungstenRod":14}],"TungstenRod":4},"card_choices":[{"not_picked":["TightArray:ReiMu","WonderfulDomain:ReiMu"],"picked":"PokerPlayerMod:Spade4","floor":1},{"not_picked":["OctopathBindingBorder2:ReiMu","Conquer:ReiMu"],"picked":"PokerPlayerMod:Diamond1","floor":3},{"not_picked":["KamiRite:ReiMu","Determination:ReiMu"],"picked":"PokerPlayerMod:ItsShowtime","floor":6}],"player_experience":143349,"relics_obtained":[{"floor":1,"key":"LetterFromLob"},{"floor":6,"key":"TungstenRod"}],"event_choices":[],"is_beta":false,"boss_relics":[],"items_purged_floors":[],"is_endless":true,"potions_floor_spawned":[1,6],"killed_by":"Gremlin Nob","ascension_level":9}}