{"host":"Fun","time":1609713470,"event":{"mods":["BaseMod","Colored Map","Minty Spire (QoL Compilation)","Relic Stats","StSLib"],"gold_per_floor":[117,167,184,18,18,52,52,80,106,106,126,170,170,181,181,268,268,297,309,336,21,44,44,84,98,107,133,156,81,109,118,118,118,118],"floor_reached":33,"playtime":1339,"items_purged":["Normality"],"score":583,"play_id":"5a8cdd68-21a8-470f-8fd1-1a0a003dff34","local_time":"20210103173750","is_ascension_mode":true,"campfire_choices":[{"data":"Inflame","floor":7.0,"key":"SMITH"},{"data":"Dropkick","floor":10.0,"key":"SMITH"},{"data":"Metallicize","floor":13.0,"key":"SMITH"},{"floor":15.0,"key":"REST"},{"floor":23,"key":"REST"},{"floor":32,"key":"REST"}],"circlet_count":0,"master_deck":["AscendersBane","Strike_R","Strike_R","Strike_R","Defend_R","Defend_R","Defend_R","Defend_R","Bash+1","Feel No Pain","Inflame+1","Dropkick+1","Metallicize+1","Dual Wield","Thunderclap","Limit Break","Pommel Strike","Shockwave","True Grit","Heavy Blade","Rage","Metallicize","Battle Trance","Sentinel"],"relics":["Burning Blood","WarpedTongs","Sling","Regal Pillow","Blood Vial","CeramicFish","Bag of Marbles","Cursed Key","Meat on the Bone","White Beast Statue","Question Card","Strawberry"],"acts_visited":["Exordium","TheCity"],"potions_floor_usage":[24,27,27,28,33,33],"damage_taken":[{"damage":7.0,"enemies":"Jaw Worm","floor":1.0,"turns":3.0},{"damage":0.0,"enemies":"Cultist","floor":3.0,"turns":4.0},{"damage":17.0,"enemies":"Lagavulin","floor":6.0,"turns":5.0},{"damage":20.0,"enemies":"Gremlin Nob","floor":8.0,"turns":4.0},{"damage":7.0,"enemies":"Small Slimes","floor":11.0,"turns":4.0},{"damage":14.0,"enemies":"3 Sentries","floor":12.0,"turns":14.0},{"damage":17.0,"enemies":"Exordium Thugs","floor":14.0,"turns":5.0},{"damage":31,"enemies":"Slime Boss","floor":16,"turns":11},{"damage":23,"enemies":"Spheric Guardian","floor":18,"turns":6},{"damage":21,"enemies":"Chosen","floor":19,"turns":5},{"damage":28,"enemies":"Snake Plant","floor":20,"turns":4},{"damage":9,"enemies":"Centurion and Healer","floor":22,"turns":6},{"damage":40,"enemies":"Gremlin Leader","floor":24,"turns":9},{"damage":17,"enemies":"Snecko","floor":25,"turns":6},{"damage":18,"enemies":"Slavers","floor":27,"turns":5},{"damage":33,"enemies":"3 Cultists","floor":28,"turns":6},{"damage":28,"enemies":"Snake Plant","floor":30,"turns":4},{"damage":92,"enemies":"Automaton","floor":33,"turns":16}],"seed_played":"-6260030337416760232","potions_obtained":[{"floor":3.0,"key":"Block Potion"},{"floor":8.0,"key":"HeartOfIron"},{"floor":12.0,"key":"Energy Potion"},{"floor":16,"key":"Swift Potion"},{"floor":18,"key":"SteroidPotion"},{"floor":24,"key":"EssenceOfSteel"},{"floor":27,"key":"ColorlessPotion"},{"floor":28,"key":"DuplicationPotion"},{"floor":30,"key":"SkillPotion"}],"is_trial":false,"path_per_floor":["M","?","M","$","?","E","R","E","T","R","M","E","R","M","R","B",null,"M","M","M","$","M","R","E","M","T","E","M","$","M","?","R","B"],"character_chosen":"IRONCLAD","items_purchased":["Sling","Meat on the Bone","True Grit"],"campfire_rested":3,"item_purchase_floors":[4,21,21],"current_hp_per_floor":[67,67,73,73,73,62,62,48,48,48,49,43,43,34,71,48,68,53,40,20,20,31,68,48,51,51,60,47,47,39,39,78,0,0],"gold":118,"neow_bonus":"UPGRADE_CARD","is_daily":false,"chose_seed":false,"campfire_upgraded":3,"win_rate":0.0,"timestamp":1609713470,"path_taken":["M","?","M","?","?","E","R","E","T","R","?","E","R","?","R","BOSS","M","M","M","$","M","R","E","M","T","E","M","?","M","?","R","BOSS"],"items_purchased_type":["Relic","Relic","Card"],"build_version":"2020-12-18","purchased_purges":1,"victory":false,"max_hp_per_floor":[75,75,75,75,75,75,75,75,75,75,75,75,75,75,75,75,75,75,75,75,75,75,75,75,75,75,82,82,82,82,82,82,82,82],"relic_stats":{"Blood Vial":28,"Regal Pillow":45,"counters":[18,117],"CeramicFish":108,"Cursed Key":1,"Question Card":3,"obtain_stats":[{"Blood Vial":8,"Regal Pillow":6,"CeramicFish":9,"Strawberry":27,"Bag of Marbles":12,"Sling":4,"Cursed Key":17,"Question Card":26,"Burning Blood":0,"White Beast Statue":24,"WarpedTongs":0,"Meat on the Bone":21},{"Blood Vial":4,"Regal Pillow":3,"CeramicFish":4,"Strawberry":15,"Bag of Marbles":6,"Sling":2,"Cursed Key":8,"Question Card":14,"Burning Blood":0,"White Beast Statue":13,"WarpedTongs":0,"Meat on the Bone":11},{"Blood Vial":16,"Regal Pillow":12,"CeramicFish":16,"Strawberry":91,"Bag of Marbles":34,"Sling":7,"Cursed Key":50,"Question Card":86,"Burning Blood":0,"White Beast Statue":80,"WarpedTongs":0,"Meat on the Bone":65}],"Burning Blood":102,"WarpedTongs":[111],"Meat on the Bone":72},"card_choices":[{"not_picked":["Body Slam","Metallicize"],"picked":"Feel No Pain","floor":1.0},{"not_picked":["Sentinel","Armaments"],"picked":"Inflame","floor":3.0},{"not_picked":["Entrench","Warcry","Seeing Red"],"picked":"SKIP","floor":6.0},{"not_picked":["Feel No Pain","Seeing Red"],"picked":"Metallicize","floor":8.0},{"not_picked":["Warcry","Shrug It Off"],"picked":"Dual Wield","floor":11.0},{"not_picked":["Headbutt","Havoc"],"picked":"Thunderclap","floor":12.0},{"not_picked":["Clothesline","Sentinel","Body Slam"],"picked":"SKIP","floor":14.0},{"not_picked":["Reaper","Feed"],"picked":"Limit Break","floor":16},{"not_picked":["Wild Strike","Perfected Strike"],"picked":"Pommel Strike","floor":18},{"not_picked":["Wild Strike","Clash","Dark Embrace"],"picked":"SKIP","floor":19},{"not_picked":["Seeing Red","Headbutt"],"picked":"Shockwave","floor":20},{"not_picked":["Combust","Clash"],"picked":"Heavy Blade","floor":22},{"not_picked":["Sentinel","Double Tap"],"picked":"Rage","floor":24},{"not_picked":["Thunderclap","Anger","Hemokinesis"],"picked":"SKIP","floor":25},{"not_picked":["Perfected Strike","Pommel Strike","Clash","Clothesline"],"picked":"SKIP","floor":27},{"not_picked":["Infernal Blade","Seeing Red","Body Slam"],"picked":"Metallicize","floor":28},{"not_picked":["Anger+1","Evolve","Combust"],"picked":"Battle Trance","floor":30}],"player_experience":149255,"relics_obtained":[{"floor":6.0,"key":"Regal Pillow"},{"floor":8.0,"key":"Blood Vial"},{"floor":9.0,"key":"CeramicFish"},{"floor":12.0,"key":"Bag of Marbles"},{"floor":24,"key":"White Beast Statue"},{"floor":26,"key":"Question Card"},{"floor":27,"key":"Strawberry"}],"event_choices":[{"damage_healed":0.0,"max_hp_gain":0.0,"max_hp_loss":0.0,"gold_gain":50.0,"event_name":"Golden Shrine","player_choice":"Pray","floor":2.0,"gold_loss":0.0,"damage_taken":0.0},{"damage_healed":0.0,"max_hp_gain":0.0,"max_hp_loss":0.0,"gold_gain":0.0,"cards_transformed":["Strike_R"],"event_name":"Transmorgrifier","player_choice":"Transformed","floor":5.0,"gold_loss":0.0,"damage_taken":0.0,"cards_obtained":["Dropkick"]},{"damage_healed":0,"gold_gain":0,"cards_transformed":["Strike_R"],"player_choice":"Transformed","damage_taken":0,"max_hp_gain":0,"max_hp_loss":0,"event_name":"Transmorgrifier","floor":31,"gold_loss":0,"cards_obtained":["Sentinel"]}],"is_beta":true,"boss_relics":[{"not_picked":["Ectoplasm","Busted Crown"],"picked":"Cursed Key"}],"items_purged_floors":[29],"is_endless":false,"potions_floor_spawned":[3,8,12,16,18,19,24,25,27,28,30],"killed_by":"Automaton","ascension_level":18}}