{"host":"a5lz0e76zb3fcwkm","time":1609688097,"event":{"mods":["AchievementEnabler","BaseMod","Colored Map","Colored Powertips","Minty Spire (QoL Compilation)","StSLib","SuperFastMode"],"gold_per_floor":[112,112,131,56,70,100,175,190,190,190,190],"floor_reached":10,"playtime":198,"items_purged":["Pain"],"score":136,"play_id":"9f1a10cd-c6ee-4674-9d93-e00fa5363343","local_time":"20210104003457","is_ascension_mode":true,"campfire_choices":[],"circlet_count":0,"master_deck":["AscendersBane","Strike_R","Strike_R","Strike_R","Strike_R","Strike_R","Defend_R","Defend_R","Defend_R","Defend_R","Bash","Pain","Limit Break","Sword Boomerang","Flex","Inflame"],"relics":["Burning Blood","WarpedTongs","Pear","White Beast Statue"],"acts_visited":["Exordium"],"potions_floor_usage":[6,10],"damage_taken":[{"damage":10,"enemies":"2 Louse","floor":1,"turns":3},{"damage":10,"enemies":"Cultist","floor":3,"turns":3},{"damage":10,"enemies":"Small Slimes","floor":5,"turns":4},{"damage":41,"enemies":"3 Sentries","floor":6,"turns":7},{"damage":18,"enemies":"3 Louse","floor":8,"turns":4},{"damage":21,"enemies":"Lagavulin","floor":10,"turns":4}],"seed_played":"3351243711087362651","potions_obtained":[{"floor":5,"key":"CultistPotion"},{"floor":6,"key":"Strength Potion"}],"is_trial":false,"path_per_floor":["M","?","M","$","M","E","?","M","T","E"],"character_chosen":"IRONCLAD","items_purchased":[],"campfire_rested":0,"item_purchase_floors":[],"current_hp_per_floor":[64,64,60,60,56,31,20,8,8,0,0],"gold":190,"neow_bonus":"THREE_RARE_CARDS","is_daily":false,"chose_seed":false,"campfire_upgraded":0,"win_rate":0.0,"timestamp":1609688097,"path_taken":["M","?","M","$","?","E","?","M","T","E"],"items_purchased_type":[],"build_version":"2020-12-22","purchased_purges":1,"victory":false,"max_hp_per_floor":[75,75,75,75,75,85,85,85,85,85,85],"card_choices":[{"not_picked":["Brutality","Impervious"],"picked":"Limit Break","floor":0},{"not_picked":["Perfected Strike","Armaments"],"picked":"Sword Boomerang","floor":1},{"not_picked":["Shrug It Off","Dual Wield"],"picked":"Flex","floor":3},{"not_picked":["Ghostly Armor","Entrench","Warcry"],"picked":"SKIP","floor":5},{"not_picked":["Searing Blow","Armaments"],"picked":"Inflame","floor":6},{"not_picked":["Demon Form","Clothesline","Warcry"],"picked":"SKIP","floor":8}],"player_experience":1663942,"relics_obtained":[{"floor":6,"key":"Pear"},{"floor":9,"key":"White Beast Statue"}],"event_choices":[{"damage_healed":0,"gold_gain":0,"player_choice":"Rummage","damage_taken":0,"relics_obtained":["WarpedTongs"],"max_hp_gain":0,"max_hp_loss":0,"event_name":"Accursed Blacksmith","floor":2,"gold_loss":0,"cards_obtained":["Pain"]},{"damage_healed":0,"gold_gain":75,"player_choice":"Gather Gold","damage_taken":11,"max_hp_gain":0,"max_hp_loss":0,"event_name":"World of Goop","floor":7,"gold_loss":0}],"is_beta":false,"boss_relics":[],"items_purged_floors":[4],"is_endless":false,"potions_floor_spawned":[5,6],"killed_by":"Lagavulin","ascension_level":20}}