{"host":"tl8jdqk9pnwb74j1","time":1609685193,"event":{"mods":["BaseMod","BetterRewards","Custom Start","Minty Spire (QoL Compilation)","Shop Mod","StSLib","SuperFastMode"],"gold_per_floor":[116,116,116,126,226,255,255,269,294,71,84,103,103,114,114,219,219,209,0,0,16,29,29,29,29],"floor_reached":24,"playtime":587,"items_purged":["Strike_R","Bash"],"score":223,"play_id":"dfaa22d8-635d-4cb5-a9b9-95493a87c57f","local_time":"20210103224633","is_ascension_mode":false,"campfire_choices":[{"data":"Body Slam","floor":7,"key":"SMITH"},{"data":"Armaments","floor":13,"key":"SMITH"},{"data":"Rampage","floor":15,"key":"SMITH"},{"data":"Barricade","floor":23,"key":"SMITH"}],"circlet_count":0,"master_deck":["Strike_R+1","Strike_R+1","Defend_R","Defend_R","Defend_R+1","Dual Wield","Body Slam+1","True Grit","Armaments+1","Carnage","Rampage+1","Barricade+1","Seeing Red","Berserk","Clash","True Grit+1"],"relics":["Burning Blood","NeowsBlessing","Juzu Bracelet","Happy Flower","Runic Dome","MerchantsRug"],"acts_visited":["Exordium","TheCity"],"potions_floor_usage":[],"damage_taken":[{"damage":0,"enemies":"Small Slimes","floor":1,"turns":1},{"damage":0,"enemies":"2 Louse","floor":4,"turns":2},{"damage":0,"enemies":"Gremlin Nob","floor":6,"turns":1},{"damage":6,"enemies":"Cultist","floor":8,"turns":3},{"damage":15,"enemies":"3 Louse","floor":11,"turns":4},{"damage":0,"enemies":"Red Slaver","floor":12,"turns":4},{"damage":11,"enemies":"Lots of Slimes","floor":14,"turns":5},{"damage":61,"enemies":"Hexaghost","floor":16,"turns":10},{"damage":0,"enemies":"2 Thieves","floor":18,"turns":4},{"damage":30,"enemies":"3 Byrds","floor":21,"turns":6},{"damage":45,"enemies":"Snake Plant","floor":22,"turns":5},{"damage":10,"enemies":"Centurion and Healer","floor":24,"turns":5}],"seed_played":"2736284535853052772","potions_obtained":[{"floor":1,"key":"ColorlessPotion"},{"floor":6,"key":"PowerPotion"},{"floor":11,"key":"FairyPotion"}],"is_trial":false,"path_per_floor":["M","?","?","M","?","E","R","M","T","$","M","M","R","M","R","B",null,"M","$","?","M","M","R","M"],"character_chosen":"IRONCLAD","items_purchased":["Happy Flower","MerchantsRug"],"campfire_rested":0,"item_purchase_floors":[10,19],"current_hp_per_floor":[80,64,64,70,70,76,76,76,76,76,67,73,73,68,68,13,80,80,80,80,56,17,17,7,7],"gold":29,"neow_bonus":"THREE_ENEMY_KILL","is_daily":false,"chose_seed":false,"campfire_upgraded":4,"win_rate":0.0,"timestamp":1609685193,"path_taken":["M","?","?","?","?","E","R","M","T","$","M","M","R","M","R","BOSS","M","?","?","M","M","R","M"],"items_purchased_type":["Relic","Relic"],"build_version":"2020-12-22","purchased_purges":2,"victory":false,"max_hp_per_floor":[80,80,80,80,80,80,80,80,80,80,80,80,80,80,80,80,80,80,80,80,80,80,80,80,80],"card_choices":[{"not_picked":["Hemokinesis","Clothesline","Sever Soul"],"picked":"SKIP","floor":1},{"not_picked":["Clash","Headbutt"],"picked":"Body Slam","floor":4},{"not_picked":["Thunderclap","Fiend Fire"],"picked":"True Grit","floor":6},{"not_picked":["Inflame","Clash"],"picked":"Armaments","floor":8},{"not_picked":["Dual Wield","Clash","Hemokinesis"],"picked":"SKIP","floor":11},{"not_picked":["Sword Boomerang","Iron Wave"],"picked":"Carnage","floor":12},{"not_picked":["Flex","Heavy Blade"],"picked":"Rampage","floor":14},{"not_picked":["Fiend Fire","Feed"],"picked":"Barricade","floor":16},{"not_picked":["Clothesline+1","True Grit"],"picked":"Seeing Red","floor":18},{"not_picked":["Clothesline","Twin Strike"],"picked":"True Grit+1","floor":21},{"not_picked":["Heavy Blade","Whirlwind","Twin Strike"],"picked":"SKIP","floor":22}],"player_experience":969099,"relics_obtained":[{"floor":6,"key":"Juzu Bracelet"},{"floor":9,"key":"Whetstone"}],"event_choices":[{"damage_healed":0,"gold_gain":0,"player_choice":"Entered Light","damage_taken":16,"max_hp_gain":0,"max_hp_loss":0,"event_name":"Shining Light","floor":2,"gold_loss":0,"cards_upgraded":["Defend_R","Strike_R"]},{"damage_healed":0,"gold_gain":0,"cards_transformed":["Strike_R"],"player_choice":"Transformed","damage_taken":0,"max_hp_gain":0,"max_hp_loss":0,"event_name":"Transmorgrifier","floor":3,"gold_loss":0,"cards_obtained":["Dual Wield"]},{"damage_healed":0,"gold_gain":100,"player_choice":"Pray","damage_taken":0,"max_hp_gain":0,"max_hp_loss":0,"event_name":"Golden Shrine","floor":5,"gold_loss":0},{"damage_healed":0,"gold_gain":0,"cards_transformed":["Defend_R","Strike_R"],"player_choice":"Became Test Subject","damage_taken":0,"max_hp_gain":0,"max_hp_loss":0,"event_name":"Drug Dealer","floor":20,"gold_loss":0,"cards_obtained":["Berserk","Clash"]}],"is_beta":false,"boss_relics":[{"not_picked":["Black Blood","Fusion Hammer"],"picked":"Runic Dome"}],"items_purged_floors":[10,19],"is_endless":false,"potions_floor_spawned":[1,6,11,12,18],"killed_by":"Centurion and Healer","ascension_level":0}}