{"host":"hgkb2zpbo2dcws21","time":1609674000,"event":{"mods":["AchievementEnabler","BaseMod","Colored Map","Colored Powertips","Custom Start","DeckTracker","KOR Keyword Fix","Minty Spire (QoL Compilation)","Relic Stats","StSLib","SuperFastMode"],"gold_per_floor":[113,113,128,53,53,53,53,53],"floor_reached":7,"playtime":136,"items_purged":["Strike_R"],"score":78,"play_id":"1238500c-eee3-4896-b55a-0d8a5fd4fa8e","local_time":"20210103204000","is_ascension_mode":true,"campfire_choices":[{"data":"Flex","floor":6,"key":"SMITH"}],"circlet_count":0,"master_deck":["AscendersBane","Strike_R","Strike_R","Strike_R","Strike_R","Defend_R","Defend_R","Defend_R","Bash","Flex+1","Pommel Strike"],"relics":["Burning Blood","Golden Idol"],"acts_visited":["Exordium"],"potions_floor_usage":[7],"damage_taken":[{"damage":4,"enemies":"2 Louse","floor":1,"turns":3},{"damage":14,"enemies":"Small Slimes","floor":3,"turns":4},{"damage":35,"enemies":"3 Sentries","floor":7,"turns":6}],"seed_played":"-435724946928901772","potions_obtained":[{"floor":1,"key":"FearPotion"},{"floor":3,"key":"ColorlessPotion"}],"is_trial":false,"path_per_floor":["M","?","M","$","?","R","E"],"character_chosen":"IRONCLAD","items_purchased":[],"campfire_rested":0,"item_purchase_floors":[],"current_hp_per_floor":[70,44,36,36,32,32,0,0],"gold":53,"neow_bonus":"REMOVE_CARD","is_daily":false,"chose_seed":false,"campfire_upgraded":1,"win_rate":0.0,"timestamp":1609674000,"path_taken":["M","?","M","$","?","R","E"],"items_purchased_type":[],"build_version":"2020-12-22","purchased_purges":1,"victory":false,"max_hp_per_floor":[75,75,75,75,75,75,75,75],"relic_stats":{"counters":[3,13],"Golden Idol":3,"obtain_stats":[{"Golden Idol":2,"Burning Blood":0},{"Golden Idol":1,"Burning Blood":0},{"Golden Idol":3,"Burning Blood":0}],"Burning Blood":12},"card_choices":[{"not_picked":["Clothesline","Anger"],"picked":"Flex","floor":1},{"not_picked":["Dual Wield","Anger"],"picked":"Pommel Strike","floor":3}],"player_experience":1129203,"relics_obtained":[],"event_choices":[{"damage_healed":0,"gold_gain":0,"player_choice":"Take Damage","damage_taken":26,"relics_obtained":["Golden Idol"],"max_hp_gain":0,"max_hp_loss":0,"event_name":"Golden Idol","floor":2,"gold_loss":0},{"damage_healed":0,"gold_gain":0,"player_choice":"Bought 0 Potions","damage_taken":0,"max_hp_gain":0,"max_hp_loss":0,"event_name":"The Woman in Blue","floor":5,"gold_loss":0}],"is_beta":false,"boss_relics":[],"items_purged_floors":[4],"is_endless":false,"potions_floor_spawned":[1,3],"killed_by":"3 Sentries","ascension_level":20}}