{"host":"nomlpa5ttaaqphus","time":1609697338,"event":{"mods":["100% Spire Juice","BaseMod","Colored Powertips","Minty Spire (QoL Compilation)","StSLib"],"gold_per_floor":[112,12,22,35,46,81,81,81,81,81,92,92,92,104,104,104,104],"floor_reached":16,"playtime":707,"items_purged":[],"score":104,"play_id":"c7cb5397-0251-4442-83e4-963daf84d4df","local_time":"20210103140858","is_ascension_mode":false,"campfire_choices":[{"floor":7,"key":"REST"},{"data":"Moonworks:SinkOrSwim","floor":10,"key":"SMITH"},{"floor":15,"key":"REST"}],"circlet_count":0,"master_deck":["Moonworks:Strike","Moonworks:Strike","Moonworks:Strike","Moonworks:Defend","Moonworks:Defend","Moonworks:Defend","Moonworks:Defend","Moonworks:Ambush","Moonworks:LongDistanceShot","Moonworks:BigBangBell","Moonworks:TreasureThief","Moonworks:IndiscriminateFireSupport","Moonworks:CookingTime","Moonworks:RagingMadness","Moonworks:SinkOrSwim+1","Moonworks:DeployBits","Moonworks:LulusLuckyEgg"],"relics":["Moonworks:BrokenBomb","Moonworks:Homemark","White Beast Statue","Bottled Lightning","Darkstone Periapt"],"acts_visited":["Exordium"],"potions_floor_usage":[6,16],"damage_taken":[{"damage":1,"enemies":"Cultist","floor":1,"turns":3},{"damage":2,"enemies":"Small Slimes","floor":2,"turns":3},{"damage":5,"enemies":"Jaw Worm","floor":3,"turns":3},{"damage":2,"enemies":"Blue Slaver","floor":4,"turns":4},{"damage":9,"enemies":"Red Slaver","floor":5,"turns":4},{"damage":24,"enemies":"Gremlin Nob","floor":6,"turns":4},{"damage":26,"enemies":"Exordium Wildlife","floor":11,"turns":5},{"damage":4,"enemies":"Looter","floor":14,"turns":3},{"damage":61,"enemies":"The Guardian","floor":16,"turns":5}],"seed_played":"-2795453711007416273","potions_obtained":[{"floor":3,"key":"Energy Potion"},{"floor":6,"key":"Fruit Juice"},{"floor":11,"key":"SpeedPotion"},{"floor":14,"key":"Energy Potion"}],"is_trial":false,"path_per_floor":["M","M","M","M","M","E","R","?","T","R","M","$","?","M","R","B"],"character_chosen":"THE_STARBREAKER","items_purchased":[],"campfire_rested":2,"item_purchase_floors":[],"current_hp_per_floor":[65,63,58,56,47,31,52,52,52,52,29,29,29,28,49,0,0],"gold":104,"neow_bonus":"TEN_PERCENT_HP_BONUS","is_daily":false,"chose_seed":false,"campfire_upgraded":1,"win_rate":0.0,"timestamp":1609697338,"path_taken":["M","M","M","M","M","E","R","?","T","R","?","$","?","M","R","BOSS"],"items_purchased_type":[],"build_version":"2020-12-22","purchased_purges":0,"victory":false,"max_hp_per_floor":[66,66,66,66,66,71,71,71,71,71,71,71,71,71,71,71,71],"card_choices":[{"not_picked":["Moonworks:DeployBits","Moonworks:LulusLuckyEgg"],"picked":"Moonworks:BigBangBell","floor":1},{"not_picked":["Moonworks:DeployBits","Moonworks:JonathanRush"],"picked":"Moonworks:TreasureThief","floor":2},{"not_picked":["Moonworks:BackdoorTrade","Moonworks:CloudOfSeagulls"],"picked":"Moonworks:IndiscriminateFireSupport","floor":3},{"not_picked":["Moonworks:ImOnFire","Moonworks:UnluckyCharm"],"picked":"Moonworks:CookingTime","floor":4},{"not_picked":["Moonworks:SakisCookie","Moonworks:LulusLuckyEgg"],"picked":"Moonworks:RagingMadness","floor":5},{"not_picked":["Moonworks:BigMagnum","Moonworks:SakisCookie"],"picked":"Moonworks:SinkOrSwim","floor":6},{"not_picked":["Moonworks:LulusLuckyEgg","Moonworks:EvilSpyWorkPreparation"],"picked":"Moonworks:DeployBits","floor":11},{"not_picked":["Moonworks:DeployBits","Moonworks:Assault"],"picked":"Moonworks:LulusLuckyEgg","floor":14}],"player_experience":56908,"relics_obtained":[{"floor":6,"key":"White Beast Statue"},{"floor":9,"key":"Bottled Lightning"},{"floor":13,"key":"Darkstone Periapt"}],"event_choices":[{"cards_removed":["Moonworks:Strike"],"damage_healed":0,"gold_gain":0,"player_choice":"Purged","damage_taken":0,"max_hp_gain":0,"max_hp_loss":0,"event_name":"Purifier","floor":8,"gold_loss":0},{"damage_healed":0,"gold_gain":0,"player_choice":"Relic","damage_taken":0,"max_hp_gain":0,"max_hp_loss":0,"event_name":"Wheel of Change","floor":13,"gold_loss":0}],"is_beta":false,"boss_relics":[],"items_purged_floors":[],"is_endless":false,"potions_floor_spawned":[3,6,11,14],"killed_by":"The Guardian","ascension_level":0}}