{"host":"h1l2j95f0ioyx0nx","time":1609686551,"event":{"mods":["AchievementEnabler","Arknights The Spire","Ascension Reborn","BaseMod","BetterRewards","Gold Saver","GungeonMod","Hermit","Lobotomy","Minty Spire (QoL Compilation)","Permanent Neow","Quick Restart","Shop Mod","Spicy Shops","StSLib","The Bug Knight","The Cursed","The Dragon Tamer","The Hierophant","The Jungle","The Poker Player","The Runesmith"],"gold_per_floor":[2093,2093,2093,1095,1119,1119,799,799,799,812,826,856,856,856,856,971,971,993,1005,1005,1028,607,607,643,643,643,643,662,685,697,714,726,726,726,841,841,860,926,511,511,511,553,567,584,616,635,669,669,161,161,161,161,161,161,39,76,76],"floor_reached":58,"playtime":3980,"items_purged":["Pain"],"score":1437,"play_id":"141e0584-fff4-4ff5-8796-df1b41b65753","local_time":"20210104000911","is_ascension_mode":true,"campfire_choices":[{"floor":6,"key":"RECALL"},{"data":"TheCursedMod:VoidForm","floor":8,"key":"SMITH"},{"data":"Madness","floor":13,"key":"SMITH"},{"data":"TheCursedMod:SpitefulPray","floor":15,"key":"SMITH"},{"data":"TheCursedMod:NeowsMight","floor":23,"key":"SMITH"},{"data":"Sadistic Nature","floor":27,"key":"SMITH"},{"data":"TheCursedMod:AbyssShockwave","floor":33,"key":"SMITH"},{"data":"Mayhem","floor":48,"key":"SMITH"},{"data":"TheCursedMod:HellsGateOpen","floor":51,"key":"SMITH"},{"data":"TheCursedMod:ShockAndAwe","floor":54,"key":"SMITH"}],"circlet_count":0,"master_deck":["TheCursedMod:Strike_TheCursed+1","TheCursedMod:Strike_TheCursed+1","TheCursedMod:Strike_TheCursed+1","TheCursedMod:Defend_TheCursed+1","TheCursedMod:Defend_TheCursed+1","TheCursedMod:Defend_TheCursed+1","TheCursedMod:CursedWand+1","TheCursedMod:CleanUpWorkshop+1","TheCursedMod:Dregs","TheCursedMod:ShockAndAwe+1","TheCursedMod:StingEye+1","TheCursedMod:Evocation","TheCursedMod:VoidForm+1","Madness+1","TheCursedMod:CircleOfFlame","Sadistic Nature+1","TheCursedMod:SpitefulPray+1","TheCursedMod:HellfireBreathing+1","TheCursedMod:CursedRelics+1","TheCursedMod:CursedShiv+1","TheCursedMod:CircleOfFlame+1","TheCursedMod:Grudge+1","TheCursedMod:AbyssShockwave+1","TheCursedMod:NeowsMight+1","TheCursedMod:SpreadPlague","TheCursedMod:CursedShiv+1","Shame","TheCursedMod:TroublousMinions+1","TheCursedMod:CursedBoomerang+1","TheCursedMod:TacticalStrike+1","TheCursedMod:DemonSword+1","TheCursedMod:CursedSpellbook+1","TheCursedMod:AshesToAshes+1","TheCursedMod:CursedRelics+1","TheCursedMod:HellfireBreathing+1","TheCursedMod:HellfireBreathing","TheCursedMod:CircleOfAmplification","TheCursedMod:CursedArmor","TheCursedMod:CircleOfFocus+1","TheCursedMod:LuckyCharm+1","DemoMod:Elimentaler","TheCursedMod:ManaCirculation","TheCursedMod:SpitefulStrike+1","TheCursedMod:Grudge","TheCursedMod:LuckyCharm+1","TheCursedMod:ReleasedStrength+1","TheCursedMod:EmpowerCircles+1","Decay","Mayhem+1","Magnetism","Magnetism","TheCursedMod:StingEye+1","TheCursedMod:FleshFromBone+1","TheCursedMod:CursedArmor","Injury","TheCursedMod:HellsGateOpen+1","TheCursedMod:NeowsMight+1","TheCursedMod:TacticalStrike+1","TheCursedMod:HellfireBreathing+1"],"relics":["TheCursedMod:BlackMagic101","Strawberry","HollowMod:StagPassRelic","Membership Card","DemoMod:OrangeGuonStone","Calipers","Frozen Eye","MerchantsRug","DemoMod:MonsterBlood","TheCursedMod:Tack","DemoMod:Bottle","Toolbox","TheCursedMod:DemonicMark","Shuriken","Turnip","SacredBark","theJungle:SneckoAutograph","Orrery","Bottled Lightning","Boot","Dream Catcher","Juzu Bracelet","TheAbacus","Potion Belt","DemoMod:Antibody","Bag of Marbles","DemoMod:PartiallyEatenCheese","DemoMod:RatBoots","DemoMod:ResourcefulSack","Letter Opener","Runic Pyramid","Cursed Key","Peace Pipe","Pen Nib","Lee\u0027s Waffle","White Beast Statue","Centennial Puzzle","ClockworkSouvenir","DemoMod:Metronome","Orichalcum","DemoMod:PoisonVial","DemoMod:WhiteGuonStone","DemoMod:GlassGuonStoneRelic","Anchor","DemoMod:PinkGuonStone","Toy Ornithopter","Sundial","Strange Spoon","DollysMirror","Ornamental Fan","Bag of Preparation","Chemical X","Mango","TheCursedMod:CrystalBall"],"acts_visited":["Exordium","Exordium","theJungle:Jungle","TheBeyond","TheEnding"],"potions_floor_usage":[55,57,57],"damage_taken":[{"damage":0,"enemies":"Cultist","floor":1,"turns":2},{"damage":0,"enemies":"Jaw Worm","floor":5,"turns":1},{"damage":0,"enemies":"Small Slimes","floor":10,"turns":2},{"damage":0,"enemies":"2 Fungi Beasts","floor":11,"turns":1},{"damage":4,"enemies":"3 Sentries","floor":12,"turns":2},{"damage":5,"enemies":"The Guardian","floor":16,"turns":4},{"damage":2,"enemies":"theJungle:5_Spyders","floor":18,"turns":3},{"damage":0,"enemies":"Shell Parasite","floor":19,"turns":3},{"damage":8,"enemies":"theJungle:2_Flameangoes","floor":21,"turns":2},{"damage":0,"enemies":"theJungle:MamaSnecko","floor":24,"turns":2},{"damage":0,"enemies":"DemoMod:4_Bullet_Kins","floor":28,"turns":1},{"damage":0,"enemies":"DemoMod:Red_and_blue_shotgun_kin","floor":29,"turns":1},{"damage":10,"enemies":"DemoMod:Veteran_shot_gun_kin_and_blue_shotgun_kin_with_gunsinger","floor":30,"turns":1},{"damage":0,"enemies":"DemoMod:2_Mousers","floor":31,"turns":2},{"damage":0,"enemies":"DemoMod:Red_and_blue_shotgun_kin_with_gunsinger","floor":32,"turns":1},{"damage":34,"enemies":"DemoMod:ResourcefulRat","floor":35,"turns":6},{"damage":0,"enemies":"3 Shapes","floor":37,"turns":1},{"damage":0,"enemies":"2 Orb Walkers","floor":38,"turns":2},{"damage":0,"enemies":"Reptomancer","floor":42,"turns":1},{"damage":0,"enemies":"3 Darklings","floor":43,"turns":1},{"damage":0,"enemies":"Sphere and 2 Shapes","floor":44,"turns":1},{"damage":0,"enemies":"Writhing Mass","floor":46,"turns":2},{"damage":0,"enemies":"HollowMod:StalkingDevout","floor":47,"turns":1},{"damage":0,"enemies":"Awakened One","floor":52,"turns":2},{"damage":0,"enemies":"Shield and Spear","floor":56,"turns":1},{"damage":0,"enemies":"The Heart","floor":57,"turns":3}],"seed_played":"-1214489927178295218","potions_obtained":[{"floor":1,"key":"GamblersBrew"},{"floor":5,"key":"DemoMod:LeadSkinPotion"},{"floor":5,"key":"BlessingOfTheForge"},{"floor":10,"key":"Energy Potion"},{"floor":19,"key":"LiquidMemories"},{"floor":24,"key":"GamblersBrew"},{"floor":28,"key":"Energy Potion"},{"floor":37,"key":"AttackPotion"},{"floor":38,"key":"LiquidMemories"},{"floor":42,"key":"CultistPotion"},{"floor":47,"key":"CultistPotion"}],"is_trial":false,"path_per_floor":["M","?","?","$","M","R","$","R","T","M","M","E","R","?","R","B",null,"M","M","?","M","$","R","E","?","T","R","M","M","M","M","M","R","B","B",null,"M","?","$","?","?","E","M","M","T","M","E","R","$","?","R","B",null,"R","$","E","B",null],"character_chosen":"THE_CURSED","items_purchased":["DemoMod:GnawedKey","Strawberry","HollowMod:StagPassRelic","Membership Card","DemoMod:OrangeGuonStone","Calipers","Frozen Eye","TheCursedMod:VoidForm","Madness","TheCursedMod:CircleOfFlame","MerchantsRug","Sadistic Nature","DemoMod:MonsterBlood","TheCursedMod:Tack","DemoMod:Bottle","Toolbox","TheCursedMod:HellfireBreathing","TheCursedMod:CursedRelics","Bottled Lightning","Boot","Dream Catcher","Juzu Bracelet","TheAbacus","TheCursedMod:CursedSpellbook","TheCursedMod:AshesToAshes","TheCursedMod:CursedRelics","TheCursedMod:HellfireBreathing","Pen Nib","Lee\u0027s Waffle","White Beast Statue","Centennial Puzzle","TheCursedMod:ReleasedStrength","TheCursedMod:EmpowerCircles","ClockworkSouvenir","DemoMod:Metronome","DemoMod:PinkGuonStone","DemoMod:WeirdEgg","Sundial","Strange Spoon","DollysMirror","Ornamental Fan","TheCursedMod:TacticalStrike","Bag of Preparation","Chemical X","Mango","Fruit Juice"],"campfire_rested":0,"item_purchase_floors":[4,4,4,4,4,4,4,4,4,4,4,4,7,7,7,7,7,7,22,22,22,22,22,22,22,22,22,39,39,39,39,39,39,39,39,49,49,49,49,49,49,49,55,55,55,55],"current_hp_per_floor":[79,79,79,86,86,86,93,93,93,93,93,89,89,89,89,95,97,95,95,95,87,87,87,87,87,97,97,97,97,87,87,87,87,87,65,101,101,101,108,108,98,98,98,98,98,98,98,98,115,115,115,119,119,119,147,147,151],"gold":76,"neow_bonus":"ONE_RANDOM_RARE_CARD","is_daily":false,"chose_seed":false,"campfire_upgraded":9,"win_rate":0.0,"timestamp":1609686551,"path_taken":["M","?","?","$","M","R","$","R","T","?","M","E","R","?","R","BOSS","M","?","?","M","$","R","E","?","T","R","M","M","M","M","M","R","BOSS","BOSS","M","?","$","?","?","E","M","M","T","M","E","R","$","?","R","BOSS","R","$","E","BOSS"],"items_purchased_type":["Relic","Relic","Relic","Relic","Relic","Relic","Relic","Card","Card","Card","Relic","Card","Relic","Relic","Relic","Relic","Card","Card","Relic","Relic","Relic","Relic","Relic","Card","Card","Card","Card","Relic","Relic","Relic","Relic","Card","Card","Relic","Relic","Relic","Relic","Relic","Relic","Relic","Relic","Card","Relic","Relic","Relic","Potion"],"build_version":"2020-12-22","purchased_purges":1,"victory":true,"max_hp_per_floor":[79,79,79,86,86,86,93,93,93,93,93,93,93,93,93,97,97,97,97,97,97,97,97,97,97,97,97,97,97,97,97,97,97,97,101,101,101,101,108,108,108,108,108,108,108,108,108,108,115,115,115,119,119,119,147,147,151],"card_choices":[{"not_picked":["TheCursedMod:CircleOfFlame","TheCursedMod:RapidMovement"],"picked":"TheCursedMod:StingEye+1","floor":1},{"not_picked":["TheCursedMod:TacticalStrike","TheCursedMod:CursedMace"],"picked":"TheCursedMod:SpitefulPray","floor":5},{"not_picked":["TheCursedMod:WearCloak","TheCursedMod:DoubleShield+1"],"picked":"TheCursedMod:CursedShiv+1","floor":10},{"not_picked":["TheCursedMod:CursedBlade","TheCursedMod:FleshFromBone"],"picked":"TheCursedMod:CircleOfFlame+1","floor":11},{"not_picked":["TheCursedMod:LuckyCharm+1","TheCursedMod:StingEye"],"picked":"TheCursedMod:Grudge+1","floor":12},{"not_picked":["TheCursedMod:SoulReap","TheCursedMod:VitalStrike"],"picked":"TheCursedMod:AbyssShockwave","floor":12},{"not_picked":["TheCursedMod:ForbiddenAlchemy","TheCursedMod:StunningStrike"],"picked":"TheCursedMod:NeowsMight","floor":16},{"not_picked":["TheCursedMod:WearCloak","TheCursedMod:TacticalStrike"],"picked":"TheCursedMod:SpreadPlague","floor":18},{"not_picked":["TheCursedMod:SurpriseAttack+1","TheCursedMod:Torture"],"picked":"TheCursedMod:CursedShiv+1","floor":19},{"not_picked":["TheCursedMod:Stigma","TheCursedMod:CircleOfFlame","TheCursedMod:CursedShiv"],"picked":"SKIP","floor":21},{"not_picked":["TheCursedMod:Obscuration+1","TheCursedMod:SoulCrush"],"picked":"TheCursedMod:TroublousMinions","floor":22},{"not_picked":["TheCursedMod:Obscuration","TheCursedMod:VitalStrike"],"picked":"TheCursedMod:CursedBoomerang","floor":22},{"not_picked":["TheCursedMod:CursedBlade","TheCursedMod:BloodBarrier+1"],"picked":"TheCursedMod:TacticalStrike+1","floor":22},{"not_picked":["TheCursedMod:Stretching+1","TheCursedMod:CircleOfCorruption"],"picked":"TheCursedMod:DemonSword","floor":22},{"not_picked":["TheCursedMod:CircleOfFlame","TheCursedMod:VitalStrike"],"picked":"TheCursedMod:HellfireBreathing","floor":24},{"not_picked":["TheCursedMod:CursedBlade+1","TheCursedMod:SpitefulStrike"],"picked":"TheCursedMod:CircleOfAmplification","floor":28},{"not_picked":["TheCursedMod:Obscuration+1","TheCursedMod:StingEye+1"],"picked":"TheCursedMod:CursedArmor","floor":29},{"not_picked":["TheCursedMod:SoulReap+1","TheCursedMod:FuryStrike+1"],"picked":"TheCursedMod:AshesToAshes+1","floor":30},{"not_picked":["TheCursedMod:FleshFromBone+1","TheCursedMod:CursedMace+1"],"picked":"TheCursedMod:CircleOfFocus+1","floor":31},{"not_picked":["TheCursedMod:CircleOfFocus","TheCursedMod:WearCloak+1"],"picked":"TheCursedMod:LuckyCharm+1","floor":32},{"not_picked":[],"picked":"DemoMod:Elimentaler","floor":35},{"not_picked":["TheCursedMod:ForbiddenAlchemy","TheCursedMod:CursedRelics"],"picked":"TheCursedMod:ManaCirculation","floor":35},{"not_picked":["TheCursedMod:RapidMovement","TheCursedMod:SurpriseAttack+1"],"picked":"TheCursedMod:SpitefulStrike+1","floor":36},{"not_picked":["TheCursedMod:Wield+1","TheCursedMod:CursedMace+1"],"picked":"TheCursedMod:Grudge","floor":37},{"not_picked":["TheCursedMod:TacticalStrike+1","TheCursedMod:SpreadPlague+1"],"picked":"TheCursedMod:LuckyCharm+1","floor":38},{"not_picked":["Dark Shackles","Impatience"],"picked":"Mayhem","floor":41},{"not_picked":["Mind Blast","Metamorphosis"],"picked":"Magnetism","floor":41},{"not_picked":["HandOfGreed","Forethought"],"picked":"Magnetism","floor":41},{"not_picked":["TheCursedMod:RapidMovement+1","TheCursedMod:Stigma+1"],"picked":"TheCursedMod:StingEye+1","floor":42},{"not_picked":["TheCursedMod:DoubleShield","TheCursedMod:SpreadPlague+1"],"picked":"TheCursedMod:FleshFromBone+1","floor":43},{"not_picked":["TheCursedMod:Obscuration","TheCursedMod:TacticalStrike+1"],"picked":"TheCursedMod:CursedArmor","floor":44},{"not_picked":["TheCursedMod:BlessingInDisguise","TheCursedMod:RapidMovement+1","TheCursedMod:Wield+1"],"picked":"SKIP","floor":46},{"not_picked":["TheCursedMod:ShockAndAwe","TheCursedMod:FleshFromBone"],"picked":"TheCursedMod:HellsGateOpen","floor":47},{"not_picked":["TheCursedMod:CircleOfFocus","TheCursedMod:BloodBarrier"],"picked":"TheCursedMod:HellfireBreathing+1","floor":56}],"player_experience":152495,"relics_obtained":[{"floor":9,"key":"TheCursedMod:DemonicMark"},{"floor":12,"key":"Shuriken"},{"floor":16,"key":"Turnip"},{"floor":24,"key":"Potion Belt"},{"floor":29,"key":"DemoMod:Antibody"},{"floor":32,"key":"Bag of Marbles"},{"floor":35,"key":"DemoMod:PartiallyEatenCheese"},{"floor":36,"key":"DemoMod:RatBoots"},{"floor":36,"key":"DemoMod:ResourcefulSack"},{"floor":36,"key":"Letter Opener"},{"floor":36,"key":"Runic Pyramid"},{"floor":36,"key":"Cursed Key"},{"floor":38,"key":"Peace Pipe"},{"floor":42,"key":"Orichalcum"},{"floor":45,"key":"DemoMod:PoisonVial"},{"floor":45,"key":"DemoMod:WhiteGuonStone"},{"floor":47,"key":"Anchor"},{"floor":56,"key":"TheCursedMod:CrystalBall"}],"event_choices":[{"damage_healed":0,"gold_gain":0,"cards_transformed":["TheCursedMod:Defend_TheCursed"],"player_choice":"Change","damage_taken":0,"max_hp_gain":0,"max_hp_loss":0,"event_name":"Living Wall","floor":2,"gold_loss":0,"cards_obtained":["TheCursedMod:Evocation"]},{"cards_removed":["TheCursedMod:Strike_TheCursed"],"damage_healed":0,"gold_gain":0,"player_choice":"Purged","damage_taken":0,"max_hp_gain":0,"max_hp_loss":0,"event_name":"Purifier","floor":3,"gold_loss":0},{"damage_healed":0,"gold_gain":0,"player_choice":"Ignored","damage_taken":0,"max_hp_gain":0,"max_hp_loss":0,"event_name":"Fountain of Cleansing","floor":14,"gold_loss":0},{"damage_healed":0,"gold_gain":0,"player_choice":"Fight","damage_taken":0,"max_hp_gain":0,"max_hp_loss":0,"event_name":"Mysterious Sphere","floor":38,"gold_loss":0},{"damage_healed":0,"gold_gain":0,"player_choice":"Ignored","damage_taken":0,"max_hp_gain":0,"max_hp_loss":0,"event_name":"Tomb of Lord Red Mask","floor":40,"gold_loss":0},{"damage_healed":0,"gold_gain":0,"player_choice":"Memory 3","damage_taken":10,"max_hp_gain":0,"max_hp_loss":0,"event_name":"SensoryStone","floor":41,"gold_loss":0},{"cards_removed":["TheCursedMod:AshesToAshes"],"damage_healed":0,"gold_gain":0,"player_choice":"Removed Skill","damage_taken":0,"max_hp_gain":0,"max_hp_loss":0,"event_name":"Falling","floor":50,"gold_loss":0}],"is_beta":false,"boss_relics":[{"not_picked":["Velvet Choker","Sozu"],"picked":"SacredBark"},{"not_picked":[]}],"items_purged_floors":[49],"is_endless":false,"potions_floor_spawned":[5,19,30,31,38,42,43,44,46,47],"ascension_level":0}}