{"host":"1u4zr9vl8my47i07","time":1609707888,"event":{"mods":["AchievementEnabler","BaseMod","DeckTracker","Highlight Path","Keyboard Shortcuts","Minty Spire (QoL Compilation)","Relic Stats","StSLib","SuperFastMode","The Animator","Uncapped","Waifu the Spire","everything is the same but u backflip on backflip"],"gold_per_floor":[117,117,117,127,138,163,174,174,174,174,17,17,39,339,339,339,339],"floor_reached":16,"playtime":498,"items_purged":["Strike_R"],"score":167,"play_id":"3fcf5897-4e3a-4efc-90f6-29448ee4545f","local_time":"20210104060448","is_ascension_mode":true,"campfire_choices":[{"floor":8.0,"key":"REST"},{"data":"Shockwave","floor":10.0,"key":"SMITH"},{"floor":15.0,"key":"REST"}],"circlet_count":0,"master_deck":["AscendersBane","Strike_R","Defend_R","Defend_R","Defend_R","Defend_R","Bash","Berserk","Pommel Strike","Double Tap","Wild Strike","Shockwave+1","Offering","Second Wind","Uppercut+1"],"relics":["Burning Blood","Juzu Bracelet","Molten Egg 2","Odd Mushroom","Old Coin"],"acts_visited":[],"potions_floor_usage":[16],"damage_taken":[{"damage":4.0,"enemies":"2 Louse","floor":1.0,"turns":4.0},{"damage":14.0,"enemies":"Small Slimes","floor":4.0,"turns":5.0},{"damage":6.0,"enemies":"Cultist","floor":5.0,"turns":3.0},{"damage":42.0,"enemies":"Gremlin Nob","floor":6.0,"turns":5.0},{"damage":18.0,"enemies":"Blue Slaver","floor":7.0,"turns":4.0},{"damage":19.0,"enemies":"The Mushroom Lair","floor":13.0,"turns":4.0},{"damage":39,"enemies":"Slime Boss","floor":16,"turns":8}],"seed_played":"855667537886274399","potions_obtained":[{"floor":5.0,"key":"Explosive Potion"},{"floor":13.0,"key":"GamblersBrew"}],"is_trial":false,"path_per_floor":["M","?","?","M","M","E","M","R","T","R","$","?","?","T","R","B"],"character_chosen":"IRONCLAD","items_purchased":["Uppercut+1"],"campfire_rested":2,"item_purchase_floors":[11],"current_hp_per_floor":[70,63,63,55,55,19,7,29,29,29,29,29,16,16,38,0,0],"gold":339,"neow_bonus":"TRANSFORM_CARD","is_daily":false,"chose_seed":false,"campfire_upgraded":1,"win_rate":0.0,"timestamp":1609707888,"path_taken":["M","?","?","M","?","E","M","R","T","R","$","?","?","?","R","BOSS"],"items_purchased_type":["Card"],"build_version":"2020-12-22","purchased_purges":1,"victory":false,"max_hp_per_floor":[75,75,75,75,75,75,75,75,75,75,75,75,75,75,75,75,75],"relic_stats":{"counters":[7,33],"Juzu Bracelet":0,"obtain_stats":[{"Molten Egg 2":9,"Juzu Bracelet":6,"Odd Mushroom":13,"Burning Blood":0,"Old Coin":14},{"Molten Egg 2":5,"Juzu Bracelet":4,"Odd Mushroom":6,"Burning Blood":0,"Old Coin":6},{"Molten Egg 2":21,"Juzu Bracelet":17,"Odd Mushroom":25,"Burning Blood":0,"Old Coin":25}],"Burning Blood":36},"card_choices":[{"not_picked":["Shrug It Off","Havoc"],"picked":"Pommel Strike","floor":1.0},{"not_picked":["Flex","Infernal Blade"],"picked":"Wild Strike","floor":4.0},{"not_picked":["Burning Pact","Entrench"],"picked":"Shockwave","floor":5.0},{"not_picked":["Armaments","Clothesline"],"picked":"Offering","floor":6.0},{"not_picked":["Dropkick","Iron Wave"],"picked":"Second Wind","floor":7.0}],"player_experience":258992,"relics_obtained":[{"floor":6.0,"key":"Juzu Bracelet"},{"floor":9.0,"key":"Molten Egg 2"},{"floor":13.0,"key":"Odd Mushroom"},{"floor":14.0,"key":"Old Coin"}],"event_choices":[{"cards_removed":["Strike_R"],"damage_healed":0.0,"max_hp_gain":0.0,"max_hp_loss":0.0,"gold_gain":0.0,"event_name":"Golden Wing","player_choice":"Card Removal","floor":2.0,"gold_loss":0.0,"damage_taken":7.0},{"damage_healed":0.0,"max_hp_gain":0.0,"max_hp_loss":0.0,"gold_gain":0.0,"event_name":"Match and Keep!","player_choice":"1 cards matched","floor":3.0,"gold_loss":0.0,"damage_taken":0.0,"cards_obtained":["Double Tap"]},{"cards_removed":["Strike_R"],"damage_healed":0.0,"max_hp_gain":0.0,"max_hp_loss":0.0,"gold_gain":0.0,"event_name":"Living Wall","player_choice":"Forget","floor":12.0,"gold_loss":0.0,"damage_taken":0.0},{"damage_healed":0.0,"max_hp_gain":0.0,"max_hp_loss":0.0,"gold_gain":0.0,"event_name":"Mushrooms","player_choice":"Fought Mushrooms","floor":13.0,"gold_loss":0.0,"damage_taken":0.0}],"is_beta":false,"boss_relics":[],"items_purged_floors":[11],"is_endless":false,"potions_floor_spawned":[5,13],"killed_by":"Slime Boss","ascension_level":14}}