{"host":"coxx14wiryochsh8","time":1609637578,"event":{"mods":["2.2 Compatiblity","Act Like it!","Bartender","BaseMod","Better Third Choice","BetterRewards","Colored Map","DeckTracker","Downfall","Emptier Cage","Energized Spire","Gensokyo","Hermit","Hubris","Minty Spire (QoL Compilation)","Replay The Spire","StSLib","SuperFastMode","The Blackbeard","The Runesmith","The Servant 0.9.4"],"gold_per_floor":[111,126,137,137,62,62,72,105,174,191,191,252,316,348,348,451,451,462,25,45,45,45,45,62,62,62,62,207,207],"floor_reached":28,"playtime":1157,"items_purged":["hermit:Strike_Hermit"],"score":230,"play_id":"36fdcc11-cec1-49c9-a1fb-fc8692d53806","local_time":"20210102203258","is_ascension_mode":false,"campfire_choices":[{"data":"hermit:Brawl","floor":6.0,"key":"SMITH"},{"data":"hermit:HighNoon","floor":11.0,"key":"SMITH"},{"data":"hermit:Dive","floor":15.0,"key":"SMITH"},{"floor":23,"key":"REST"},{"floor":25,"key":"REST"},{"data":"Gensokyo:HAARP","floor":27,"key":"SMITH"}],"circlet_count":0,"master_deck":["hermit:Strike_Hermit","hermit:Strike_Hermit","hermit:Strike_Hermit","hermit:Defend_Hermit","hermit:Defend_Hermit","hermit:Defend_Hermit","hermit:Defend_Hermit","hermit:Snapshot","hermit:Covet","hubris:Wrath","hermit:Brawl+1","hermit:Grudge","CommonCold","hermit:HoleUp","hermit:Dive+1","hermit:HighNoon+1","hermit:Determination","hermit:LowProfile","hermit:OverwhelmingPower","hermit:BodyArmor+1","Gensokyo:HAARP+1","Gensokyo:RustyChest","Gensokyo:BlemishedSteel","Normality","hermit:CalledShot+1","hermit:OverwhelmingPower"],"relics":["hermit:Momento","Unceasing Top","Ring of Fangs","ReplayTheSpireMod:Ring of Collecting","Quantum Egg","ReplayTheSpireMod:Ring of Challenge","Pear","hubris:SphereOfDissonance","energizedSpire:CursedPentagram","hubris:Icosahedron","Ring of Peace","Torii","Anchor"],"acts_visited":["Exordium","Gensokyo:Gensokyo"],"potions_floor_usage":[20],"damage_taken":[{"damage":2.0,"enemies":"Gensokyo:Gryphon","floor":1.0,"turns":3.0},{"damage":1.0,"enemies":"Gensokyo:3_Fairies","floor":2.0,"turns":4.0},{"damage":6.0,"enemies":"Gensokyo:2_Kodama","floor":3.0,"turns":2.0},{"damage":12.0,"enemies":"Gensokyo:Kitsune","floor":7.0,"turns":4.0},{"damage":22.0,"enemies":"Gensokyo:Aya","floor":8.0,"turns":6.0},{"damage":0.0,"enemies":"Gensokyo:5_Fairies","floor":10.0,"turns":4.0},{"damage":17.0,"enemies":"Gensokyo:Gryphon_and_Rabbit","floor":12.0,"turns":6.0},{"damage":7.0,"enemies":"Gensokyo:Python_and_Kodama","floor":13.0,"turns":4.0},{"damage":13.0,"enemies":"Gensokyo:Cirno","floor":14.0,"turns":7.0},{"damage":29.0,"enemies":"Gensokyo:Kokoro","floor":16.0,"turns":11.0},{"damage":18.0,"enemies":"Gensokyo:CosmicMonolith","floor":18.0,"turns":5.0},{"damage":38,"enemies":"Gensokyo:Chomper","floor":20,"turns":8},{"damage":46,"enemies":"Gensokyo:Swordslinger","floor":24,"turns":6},{"damage":35,"enemies":"Gensokyo:Monolith_and_Dog","floor":28,"turns":4}],"seed_played":"6168342911941370566","potions_obtained":[{"floor":2.0,"key":"FairyPotion"},{"floor":8.0,"key":"Reflective Coating"},{"floor":12.0,"key":"sneckomod:MuddlingPotion"},{"floor":14.0,"key":"SkillPotion"},{"floor":18.0,"key":"Energy Potion"},{"floor":24,"key":"champ:CounterPotion"}],"is_trial":false,"path_per_floor":["M","M","M","?","$","R","M","E","T","M","R","M","M","E","R","B",null,"M","COS","M","?","$","R","M","R","T","R","M"],"character_chosen":"HERMIT","items_purchased":[],"campfire_rested":2,"item_purchase_floors":[],"current_hp_per_floor":[73,72,66,66,66,66,54,32,42,42,42,25,18,5,5,6,85,67,67,29,29,29,54,8,33,33,33,0,0],"gold":207,"neow_bonus":"ONE_RARE_RELIC","is_daily":false,"chose_seed":false,"campfire_upgraded":4,"win_rate":0.0,"timestamp":1609637578,"path_taken":["M","?","M","?","$","R","M","E","T","M","R","M","M","E","R","BOSS","M","COS","M","?","$","R","M","R","T","R","M"],"items_purchased_type":[],"build_version":"2020-12-22","purchased_purges":1,"victory":false,"max_hp_per_floor":[75,75,75,75,75,75,75,75,85,85,85,85,85,85,85,85,85,85,85,85,85,85,85,85,85,85,85,85,85],"card_choices":[{"not_picked":["hermit:Misfire","hermit:CalledShot"],"picked":"hermit:Brawl","floor":1.0},{"not_picked":["hermit:WideOpen","hermit:Quickdraw"],"picked":"hermit:Grudge","floor":2.0},{"not_picked":["hermit:TrackingShot","hermit:Quickdraw","hermit:TakeCover"],"picked":"SKIP","floor":3.0},{"not_picked":["hermit:Coalescence","hermit:GoldenBullet"],"picked":"hermit:HoleUp","floor":7.0},{"not_picked":["hermit:SprayPray","hermit:Ricochet"],"picked":"hermit:Dive","floor":8.0},{"not_picked":["hermit:LowProfile","hermit:TrackingShot"],"picked":"hermit:HighNoon","floor":10.0},{"not_picked":["hermit:Combo","hermit:HighCaliber"],"picked":"hermit:Determination","floor":12.0},{"not_picked":["hermit:PistolWhip","hermit:Dive"],"picked":"hermit:LowProfile","floor":13.0},{"not_picked":["hermit:Manifest","hermit:HighCaliber","hermit:Ricochet"],"picked":"SKIP","floor":14.0},{"not_picked":["hermit:FinalCanter","hermit:HighNoon"],"picked":"hermit:OverwhelmingPower","floor":16.0},{"not_picked":["hermit:Gestalt+1","hermit:Roulette"],"picked":"hermit:BodyArmor+1","floor":18.0},{"not_picked":["hermit:Ricochet+1","hermit:CalledShot+1","hermit:Feint+1"],"picked":"SKIP","floor":20},{"not_picked":["hermit:HighCaliber","hermit:Feint","hermit:Virtue"],"picked":"SKIP","floor":20},{"not_picked":["hermit:Ricochet+1","hermit:Feint+1"],"picked":"hermit:CalledShot+1","floor":20},{"not_picked":["hermit:HighCaliber","hermit:Feint","hermit:Virtue"],"picked":"SKIP","floor":20},{"not_picked":["hermit:BlackWind","hermit:DeadOrAlive"],"picked":"hermit:OverwhelmingPower","floor":24},{"not_picked":["hermit:Misfire","hermit:Coalescence","hermit:PistolWhip"],"picked":"SKIP","floor":24}],"player_experience":693313,"relics_obtained":[{"floor":4.0,"key":"Ring of Fangs"},{"floor":4.0,"key":"ReplayTheSpireMod:Ring of Collecting"},{"floor":8.0,"key":"Quantum Egg"},{"floor":9.0,"key":"ReplayTheSpireMod:Ring of Challenge"},{"floor":9.0,"key":"Pear"},{"floor":14.0,"key":"hubris:SphereOfDissonance"},{"floor":26,"key":"Ring of Peace"},{"floor":26,"key":"Torii"}],"event_choices":[],"is_beta":false,"boss_relics":[{"not_picked":["hubris:RunicObelisk","Calling Bell"],"picked":"energizedSpire:CursedPentagram"}],"items_purged_floors":[5],"is_endless":false,"potions_floor_spawned":[2,8,12,14,18,24],"killed_by":"Gensokyo:Monolith_and_Dog","ascension_level":0}}