{"host":"ayh4nqhr0ddw4ozv","time":1609647258,"event":{"mods":["BaseMod","Minty Spire (QoL Compilation)","Relic Stats","Replay The Spire","Robot Space Explorer","StSLib"],"gold_per_floor":[111,124,104,117,129,139,139,139,139,168,168,168,200,200,214,214,214,316,316,326,342,198,198,214,214,214],"floor_reached":25,"playtime":1111,"items_purged":["Strike_R"],"score":341,"play_id":"c15a3e88-caae-4bde-be56-e83491938e63","local_time":"20210102201418","is_ascension_mode":true,"campfire_choices":[{"data":"Combust","floor":7,"key":"SMITH"},{"data":"Pommel Strike","floor":12,"key":"SMITH"},{"data":"Blood for Blood","floor":14,"key":"SMITH"},{"floor":17,"key":"REST"}],"circlet_count":0,"master_deck":["AscendersBane","Strike_R","Strike_R+1","Strike_R","Strike_R+1","Defend_R","Defend_R","Defend_R","Defend_R","Bash","Combust+1","Blood for Blood+1","Pommel Strike+1","True Grit","Inflame","Eclipse","Intimidate","Dark Embrace+1","Massacre","J.A.X.","Feel No Pain"],"relics":["Burning Blood","Bird Faced Urn","Toy Ornithopter","Bottled Flame","Mummified Hand","Replay:Bronze Core"],"acts_visited":["Exordium","TheCity"],"potions_floor_usage":[10,13,18,20,24],"damage_taken":[{"damage":12,"enemies":"2 Louse","floor":1,"turns":4},{"damage":3,"enemies":"Cultist","floor":2,"turns":4},{"damage":6,"enemies":"Small Slimes","floor":4,"turns":3},{"damage":11,"enemies":"3 Louse","floor":5,"turns":4},{"damage":20,"enemies":"Exordium Thugs","floor":6,"turns":4},{"damage":29,"enemies":"Lagavulin","floor":10,"turns":5},{"damage":34,"enemies":"Gremlin Nob","floor":13,"turns":4},{"damage":2,"enemies":"Gremlin Gang","floor":15,"turns":4},{"damage":31,"enemies":"Hexaghost","floor":18,"turns":8},{"damage":11,"enemies":"Spheric Guardian","floor":20,"turns":3},{"damage":27,"enemies":"2 Thieves","floor":21,"turns":4},{"damage":52,"enemies":"Shelled Parasite and Fungi","floor":24,"turns":5},{"damage":16,"enemies":"Slavers","floor":25,"turns":1}],"seed_played":"-4060160031166320902","potions_obtained":[{"floor":2,"key":"Adrenaline Potion"},{"floor":3,"key":"Weak Potion"},{"floor":10,"key":"Reflective Coating"},{"floor":18,"key":"Fire Potion"},{"floor":20,"key":"GamblersBrew"},{"floor":21,"key":"Elixir"}],"is_trial":false,"path_per_floor":["M","M","?","M","M","M","R","PTL","PTL","E","T","R","E","R","M","?","R","B",null,"M","M","$","?","M","E"],"character_chosen":"IRONCLAD","items_purchased":["Massacre"],"campfire_rested":1,"item_purchase_floors":[22],"current_hp_per_floor":[66,71,71,72,68,56,56,56,56,35,35,35,14,14,20,6,27,11,57,61,44,44,44,9,0,0],"gold":214,"neow_bonus":"ONE_RARE_RELIC","is_daily":false,"chose_seed":false,"campfire_upgraded":3,"win_rate":0.0,"timestamp":1609647258,"path_taken":["M","M","?","M","M","M","R","PTL","PTL","E","T","R","E","R","?","?","R","BOSS","M","M","$","?","M","E"],"items_purchased_type":["Card"],"build_version":"2020-12-22","purchased_purges":1,"victory":false,"max_hp_per_floor":[72,72,72,72,72,72,72,72,72,72,72,72,72,72,72,72,72,72,72,72,72,72,72,72,72,72],"relic_stats":{"counters":[13,53],"Mummified Hand":[15],"Bird Faced Urn":[32],"obtain_stats":[{"Bottled Flame":11,"Mummified Hand":13,"Bird Faced Urn":0,"Replay:Bronze Core":19,"Burning Blood":0,"Toy Ornithopter":10},{"Bottled Flame":6,"Mummified Hand":7,"Bird Faced Urn":0,"Replay:Bronze Core":9,"Burning Blood":0,"Toy Ornithopter":6},{"Bottled Flame":24,"Mummified Hand":28,"Bird Faced Urn":0,"Replay:Bronze Core":40,"Burning Blood":0,"Toy Ornithopter":24}],"Burning Blood":72,"Toy Ornithopter":20},"card_choices":[{"not_picked":["Flex","Thunderclap"],"picked":"Combust","floor":1},{"not_picked":["Dropkick","Pommel Strike"],"picked":"Blood for Blood","floor":2},{"not_picked":["Heavy Blade","Infernal Blade","Armaments"],"picked":"SKIP","floor":4},{"not_picked":["Entrench","Dark Embrace","Body Slam"],"picked":"SKIP","floor":5},{"not_picked":["True Grit","Clash"],"picked":"Pommel Strike","floor":6},{"not_picked":["Rampage","Juggernaut"],"picked":"True Grit","floor":10},{"not_picked":["Second Wind","ReplayTheSpireMod:Strike From Hell","Shrug It Off"],"picked":"SKIP","floor":13},{"not_picked":["Havoc","Sword Boomerang"],"picked":"Inflame","floor":15},{"not_picked":["Exhume","Berserk"],"picked":"Eclipse","floor":18},{"not_picked":["ReplayTheSpireMod:Strike From Hell","Clothesline"],"picked":"Intimidate","floor":20},{"not_picked":["ReplayTheSpireMod:Strike From Hell","Warcry"],"picked":"Dark Embrace+1","floor":21},{"not_picked":["Shrug It Off","Run Through"],"picked":"Feel No Pain","floor":24}],"player_experience":281672,"relics_obtained":[{"floor":10,"key":"Toy Ornithopter"},{"floor":11,"key":"Bottled Flame"},{"floor":13,"key":"Mummified Hand"}],"event_choices":[{"damage_healed":0,"gold_gain":0,"player_choice":"Bought 1 Potion","damage_taken":0,"max_hp_gain":0,"max_hp_loss":0,"event_name":"The Woman in Blue","floor":3,"gold_loss":0},{"damage_healed":0,"gold_gain":0,"player_choice":"Entered Light","damage_taken":14,"max_hp_gain":0,"max_hp_loss":0,"event_name":"Shining Light","floor":16,"gold_loss":0,"cards_upgraded":["Strike_R","Strike_R"]},{"damage_healed":0,"gold_gain":0,"player_choice":"Obtain J.A.X.","damage_taken":0,"max_hp_gain":0,"max_hp_loss":0,"event_name":"Drug Dealer","floor":23,"gold_loss":0,"cards_obtained":["J.A.X."]}],"is_beta":false,"boss_relics":[{"not_picked":["Replay:Drink Me","Ectoplasm"],"picked":"Replay:Bronze Core"}],"items_purged_floors":[22],"is_endless":false,"potions_floor_spawned":[2,4,5,10,18,20,21],"killed_by":"Slavers","ascension_level":12}}