{"host":"0vlubjftylzdr3ny","time":1609700954,"event":{"mods":["Always Whale","BaseMod","GifTheSpireLib","Minty Spire (QoL Compilation)","Relic Filter","StSLib","Stuff the Spire"],"gold_per_floor":[118,193,193,205,219,219,233,233,233,233,258,258,278,278,278],"floor_reached":14,"playtime":619,"items_purged":[],"score":180,"play_id":"74adf3c4-a4b8-4fef-b2c2-f9401d3efb3e","local_time":"20210103200914","is_ascension_mode":true,"campfire_choices":[{"data":"True Grit","floor":6,"key":"SMITH"},{"data":"Body Slam","floor":8,"key":"SMITH"},{"floor":12,"key":"REST"}],"circlet_count":0,"master_deck":["AscendersBane","Strike_R","Strike_R","Strike_R","Strike_R","Strike_R","Defend_R","Defend_R","Defend_R","Defend_R","Bash","Finesse","True Grit+1","Body Slam+1","StuffTheSpire:CuriosityCurse"],"relics":["Burning Blood","StuffTheSpire:Experiment12","StuffTheSpire:Expresso","Bag of Marbles"],"acts_visited":["Exordium"],"potions_floor_usage":[11,14],"damage_taken":[{"damage":5,"enemies":"2 Louse","floor":1,"turns":4},{"damage":3,"enemies":"Small Slimes","floor":4,"turns":3},{"damage":9,"enemies":"Jaw Worm","floor":5,"turns":7},{"damage":7,"enemies":"3 Louse","floor":7,"turns":4},{"damage":52,"enemies":"3 Sentries","floor":11,"turns":19},{"damage":7,"enemies":"2 Fungi Beasts","floor":13,"turns":4},{"damage":39,"enemies":"Lagavulin","floor":14,"turns":8}],"seed_played":"5134823162831969170","potions_obtained":[{"floor":5,"key":"Swift Potion"},{"floor":13,"key":"AttackPotion"}],"is_trial":false,"path_per_floor":["M","?","?","M","M","R","M","R","T","?","E","R","M","E"],"character_chosen":"IRONCLAD","items_purchased":[],"campfire_rested":1,"item_purchase_floors":[],"current_hp_per_floor":[69,58,63,66,63,63,62,62,62,62,16,40,39,0,0],"gold":278,"neow_bonus":"RANDOM_COLORLESS","is_daily":false,"chose_seed":false,"campfire_upgraded":2,"win_rate":0.0,"timestamp":1609700954,"path_taken":["M","?","?","M","M","R","M","R","T","?","E","R","?","E"],"items_purchased_type":[],"build_version":"2020-12-22","purchased_purges":0,"victory":false,"max_hp_per_floor":[75,75,80,80,80,80,80,80,80,80,80,80,80,80,80],"card_choices":[{"not_picked":["StuffTheSpire:PlasmaPulse","Blind"],"picked":"Finesse","floor":0},{"not_picked":["Perfected Strike","Thunderclap","StuffTheSpire:BloodClot"],"picked":"SKIP","floor":1},{"not_picked":["Armaments","Fire Breathing"],"picked":"True Grit","floor":4},{"not_picked":["Warcry","Blood for Blood","Hemokinesis"],"picked":"SKIP","floor":5},{"not_picked":["Second Wind","Cleave"],"picked":"Body Slam","floor":7},{"not_picked":["Dual Wield","Warcry","Clothesline"],"picked":"SKIP","floor":11},{"not_picked":["StuffTheSpire:Slingshot","Warcry","Wild Strike"],"picked":"SKIP","floor":13}],"player_experience":797548,"relics_obtained":[{"floor":9,"key":"StuffTheSpire:Experiment12"},{"floor":11,"key":"Bag of Marbles"}],"event_choices":[{"damage_healed":0,"gold_gain":75,"player_choice":"Gather Gold","damage_taken":11,"max_hp_gain":0,"max_hp_loss":0,"event_name":"World of Goop","floor":2,"gold_loss":0},{"damage_healed":0,"gold_gain":0,"player_choice":"Donut","damage_taken":0,"max_hp_gain":5,"max_hp_loss":0,"event_name":"Big Fish","floor":3,"gold_loss":0}],"is_beta":false,"boss_relics":[],"items_purged_floors":[],"is_endless":false,"potions_floor_spawned":[5,13],"killed_by":"Lagavulin","ascension_level":20}}