{"host":"6febr6iklru1ag3j","time":1609714462,"event":{"mods":["BaseMod","DeckTracker","Hermit","Hubris","Minty Spire (QoL Compilation)","Replay The Spire","Shop Mod","StSLib","The Cursed","The Jungle"],"gold_per_floor":[365,378,167,185,185,85,96,96,96,96,110,130,130,130,130,233,233,244,326,246,265,15,15,49,49,49],"floor_reached":25,"playtime":1292,"items_purged":["Injury","Strike_B"],"score":316,"play_id":"8e0b741f-e781-4c52-9137-543bd51ceea0","local_time":"20210103175422","is_ascension_mode":true,"campfire_choices":[{"floor":15.0,"key":"DIG"},{"data":"hubris:DuctTapeCard","floor":23,"key":"SMITH"}],"circlet_count":0,"master_deck":["Strike_B","Strike_B","Strike_B","Defend_B","Defend_B","Defend_B","Defend_B","Zap","Genetic Algorithm","Darkness","Doom and Gloom","Auto Shields","Barrage","hubris:DuctTapeCard+2"],"relics":["Cracked Core","ReplayFunnel","hubris:Towel","Toy Ornithopter","Cursed Key","Pet Ghost","hubris:DuctTape","Pantograph"],"acts_visited":["Exordium","Exordium"],"potions_floor_usage":[24],"damage_taken":[{"damage":1.0,"enemies":"Cultist","floor":1.0,"turns":3.0},{"damage":5.0,"enemies":"2 Louse","floor":2.0,"turns":3.0},{"damage":8.0,"enemies":"Jaw Worm","floor":4.0,"turns":4.0},{"damage":12.0,"enemies":"Looter","floor":7.0,"turns":3.0},{"damage":7.0,"enemies":"Red Slaver","floor":11.0,"turns":4.0},{"damage":0.0,"enemies":"3 Louse","floor":12.0,"turns":2.0},{"damage":12.0,"enemies":"Slime Boss","floor":16.0,"turns":5.0},{"damage":14.0,"enemies":"theJungle:Flameango_and_Byrd","floor":18.0,"turns":5.0},{"damage":12,"enemies":"theJungle:GiantWrat","floor":20,"turns":6},{"damage":14,"enemies":"Snake Plant","floor":21,"turns":4},{"damage":37,"enemies":"theJungle:MamaSnecko","floor":24,"turns":6},{"damage":3,"enemies":"theJungle:JungleHuntersEncounter","floor":25,"turns":2}],"seed_played":"11118080775753512","potions_obtained":[{"floor":1.0,"key":"LiquidBronze"},{"floor":2.0,"key":"AttackPotion"},{"floor":5.0,"key":"EssenceOfDarkness"},{"floor":5.0,"key":"Death Potion"},{"floor":16.0,"key":"PowerPotion"},{"floor":24,"key":"FearPotion"}],"is_trial":false,"path_per_floor":["M","M","$","M","?","$","M","?","T","$","M","M","?","?","R","B",null,"M","?","M","M","$","R","E","M"],"character_chosen":"DEFECT","items_purchased":["Hyperbeam","hubris:DuctTape"],"campfire_rested":0,"item_purchase_floors":[3,22],"current_hp_per_floor":[74,69,69,61,61,61,49,49,49,49,42,42,42,42,42,35,75,61,61,49,35,35,35,3,0,0],"gold":49,"neow_bonus":"TWO_FIFTY_GOLD","is_daily":false,"chose_seed":false,"campfire_upgraded":1,"win_rate":0.0,"timestamp":1609714462,"path_taken":["M","?","$","?","?","?","M","?","T","$","M","?","?","?","R","BOSS","M","?","M","M","$","R","E","M"],"items_purchased_type":["Card","Relic"],"build_version":"2020-12-22","purchased_purges":2,"victory":false,"max_hp_per_floor":[75,75,75,75,75,75,75,75,75,75,75,75,75,75,75,75,75,75,75,75,75,75,75,75,75,75],"card_choices":[{"not_picked":["Rebound","Stack"],"picked":"Genetic Algorithm","floor":1.0},{"not_picked":["Coolheaded","Steam"],"picked":"Darkness","floor":2.0},{"not_picked":["ReplayTheSpireMod:GoodbyeWorld","FIFO Queue"],"picked":"Doom and Gloom","floor":4.0},{"not_picked":["ReplayTheSpireMod:System Scan","Coolheaded"],"picked":"Auto Shields","floor":7.0},{"not_picked":["Ball Lightning","Sunder","ReplayTheSpireMod:System Scan"],"picked":"SKIP","floor":11.0},{"not_picked":["Streamline","Rebound","Doom and Gloom"],"picked":"SKIP","floor":12.0},{"not_picked":["hubris:Prefetch","ReplayTheSpireMod:Omega Cannon"],"picked":"Rainbow","floor":16.0},{"not_picked":["Capacitor","Glacier","Melter+1"],"picked":"SKIP","floor":18.0},{"not_picked":["Fission","Barrage+1","Go for the Eyes"],"picked":"SKIP","floor":20},{"not_picked":["Sweeping Beam","Gash+1","Tempest"],"picked":"SKIP","floor":21},{"not_picked":["Rainbow","Ball Lightning","Darkness"],"picked":"SKIP","floor":24}],"player_experience":370149,"relics_obtained":[{"floor":9.0,"key":"ReplayFunnel"},{"floor":15.0,"key":"Toy Ornithopter"},{"floor":19,"key":"Pet Ghost"},{"floor":24,"key":"Pantograph"}],"event_choices":[{"damage_healed":0.0,"max_hp_gain":0.0,"max_hp_loss":0.0,"gold_gain":0.0,"event_name":"Lab","player_choice":"Got Potions","floor":5.0,"gold_loss":0.0,"damage_taken":0.0},{"damage_healed":0.0,"max_hp_gain":0.0,"max_hp_loss":0.0,"gold_gain":0.0,"event_name":"The Woman in Blue","player_choice":"Bought 0 Potions","floor":8.0,"gold_loss":0.0,"damage_taken":0.0},{"damage_healed":0.0,"max_hp_gain":0.0,"max_hp_loss":0.0,"gold_gain":0.0,"cards_transformed":["Hyperbeam"],"event_name":"Living Wall","player_choice":"Change","floor":14.0,"gold_loss":0.0,"damage_taken":0.0,"cards_obtained":["Barrage"]}],"is_beta":false,"boss_relics":[{"not_picked":["SlaversCollar","Snecko Eye"],"picked":"Cursed Key"}],"items_purged_floors":[3,6],"is_endless":false,"potions_floor_spawned":[1,2,7,16,24],"killed_by":"theJungle:JungleHuntersEncounter","ascension_level":4}}