{"host":"2no1vwhhkhf0ohz3","time":1609670816,"event":{"mods":["AchievementEnabler","BaseMod","Colored Map","DeckTracker","Keyboard Shortcuts","Minty Spire (QoL Compilation)","Relic Stats","SuperFastMode"],"gold_per_floor":[18,18,42,42,342,342,342,356,356,377,377,377,391,279,279,403,403,421,442,123,138,237,237,237,237,237,262,262,278,292,325,325,455,455,476,500,525,400,400,400,440,440,465,465,465,489,532,545,545,545],"floor_reached":51,"playtime":878,"items_purged":["Defend_P","Defend_P","Halt"],"score":1001,"play_id":"f9dea696-2b97-4257-a874-b17ba3e66927","local_time":"20210103194656","is_ascension_mode":true,"campfire_choices":[{"data":"1","floor":6.0,"key":"LIFT"},{"data":"2","floor":11.0,"key":"LIFT"},{"data":"Eruption","floor":15.0,"key":"SMITH"},{"data":"3","floor":23.0,"key":"LIFT"},{"data":"Adaptation","floor":25.0,"key":"SMITH"},{"data":"Vault","floor":28.0,"key":"SMITH"},{"data":"MentalFortress","floor":32.0,"key":"SMITH"},{"data":"Scrawl","floor":40.0,"key":"SMITH"},{"data":"Vault","floor":42.0,"key":"SMITH"},{"data":"Eruption","floor":49,"key":"SMITH"}],"circlet_count":0,"master_deck":["Strike_P","Eruption+1","Vigilance+1","FlurryOfBlows","FlurryOfBlows","Adaptation+1","Vault+1","WheelKick+1","Vault+1","MentalFortress+1","FearNoEvil","Vault+1","Scrawl+1","Eruption+1"],"relics":["PureWater","Girya","Golden Idol","Old Coin","Bag of Preparation","Astrolabe","PreservedInsect","Peace Pipe","Blue Candle","Coffee Dripper","Ornamental Fan","War Paint","Unceasing Top","Smiling Mask"],"acts_visited":["Exordium","TheCity","TheBeyond"],"potions_floor_usage":[50],"damage_taken":[{"damage":2.0,"enemies":"Jaw Worm","floor":1.0,"turns":3.0},{"damage":2.0,"enemies":"Small Slimes","floor":3.0,"turns":4.0},{"damage":3.0,"enemies":"2 Louse","floor":8.0,"turns":2.0},{"damage":0.0,"enemies":"Blue Slaver","floor":10.0,"turns":2.0},{"damage":0.0,"enemies":"Exordium Wildlife","floor":13.0,"turns":2.0},{"damage":21.0,"enemies":"Slime Boss","floor":16.0,"turns":4.0},{"damage":0.0,"enemies":"Spheric Guardian","floor":18.0,"turns":2.0},{"damage":0.0,"enemies":"3 Byrds","floor":19.0,"turns":3.0},{"damage":18.0,"enemies":"Centurion and Healer","floor":21.0,"turns":3.0},{"damage":4.0,"enemies":"Shelled Parasite and Fungi","floor":27.0,"turns":3.0},{"damage":0.0,"enemies":"Snecko","floor":29.0,"turns":3.0},{"damage":0.0,"enemies":"Centurion and Healer","floor":30.0,"turns":4.0},{"damage":0.0,"enemies":"Slavers","floor":31.0,"turns":3.0},{"damage":0.0,"enemies":"Collector","floor":33.0,"turns":6.0},{"damage":0.0,"enemies":"3 Darklings","floor":35.0,"turns":4.0},{"damage":0.0,"enemies":"Orb Walker","floor":36.0,"turns":1.0},{"damage":0.0,"enemies":"Jaw Worm Horde","floor":37.0,"turns":2.0},{"damage":0.0,"enemies":"Reptomancer","floor":41.0,"turns":2.0},{"damage":0,"enemies":"Maw","floor":46,"turns":4},{"damage":0,"enemies":"Giant Head","floor":47,"turns":2},{"damage":0,"enemies":"Spire Growth","floor":48,"turns":3},{"damage":0,"enemies":"Donu and Deca","floor":50,"turns":5}],"seed_played":"-877143572777162608","potions_obtained":[{"floor":8.0,"key":"Swift Potion"},{"floor":13.0,"key":"EssenceOfSteel"},{"floor":16.0,"key":"Dexterity Potion"},{"floor":27.0,"key":"ColorlessPotion"},{"floor":29.0,"key":"Weak Potion"},{"floor":35.0,"key":"PowerPotion"},{"floor":36.0,"key":"FearPotion"}],"is_trial":false,"path_per_floor":["M","?","M","?","?","R","?","M","T","M","R","?","M","$","R","B",null,"M","M","$","M","?","R","?","R","T","M","R","M","M","E","R","B",null,"M","M","M","$","?","R","E","R","T","T","?","M","E","M","R","B",null],"character_chosen":"WATCHER","items_purchased":["Adaptation","MentalFortress","PreservedInsect"],"campfire_rested":0,"item_purchase_floors":[14,20,20],"current_hp_per_floor":[70,52,50,55,43,43,43,40,40,40,40,33,33,33,33,12,77,77,77,77,59,59,59,59,59,59,55,55,55,55,55,55,55,77,77,77,77,77,77,77,77,77,77,77,77,77,77,77,77,77],"gold":545,"neow_bonus":"ONE_RARE_RELIC","is_daily":false,"chose_seed":false,"campfire_upgraded":7,"win_rate":0.0,"timestamp":1609670816,"path_taken":["M","?","M","?","?","R","?","M","T","?","R","?","M","?","R","BOSS","M","M","$","M","?","R","?","R","T","M","R","M","M","E","R","BOSS","M","?","M","$","?","R","E","R","T","?","?","M","E","M","R","BOSS"],"items_purchased_type":["Card","Card","Relic"],"build_version":"2020-12-22","purchased_purges":3,"victory":true,"max_hp_per_floor":[72,72,72,77,77,77,77,77,77,77,77,77,77,77,77,77,77,77,77,77,77,77,77,77,77,77,77,77,77,77,77,77,77,77,77,77,77,77,77,77,77,77,77,77,77,77,77,77,77,77],"relic_stats":{"Peace Pipe":0,"counters":[22,67],"Golden Idol":159,"Ornamental Fan":[104],"Astrolabe":["WheelKick","Weave","Vault"],"Blue Candle":[0],"PreservedInsect":221,"Bag of Preparation":[38],"War Paint":["Vigilance"],"Smiling Mask":0,"obtain_stats":[{"Girya":0,"Golden Idol":2,"Astrolabe":17,"Blue Candle":31,"PreservedInsect":20,"Bag of Preparation":9,"War Paint":43,"Smiling Mask":47,"Old Coin":5,"Peace Pipe":26,"Ornamental Fan":41,"Coffee Dripper":34,"PureWater":0,"Unceasing Top":44},{"Girya":0,"Golden Idol":1,"Astrolabe":6,"Blue Candle":13,"PreservedInsect":8,"Bag of Preparation":3,"War Paint":18,"Smiling Mask":20,"Old Coin":2,"Peace Pipe":9,"Ornamental Fan":18,"Coffee Dripper":14,"PureWater":0,"Unceasing Top":18},{"Girya":0,"Golden Idol":3,"Astrolabe":17,"Blue Candle":38,"PreservedInsect":22,"Bag of Preparation":9,"War Paint":53,"Smiling Mask":59,"Old Coin":7,"Peace Pipe":25,"Ornamental Fan":53,"Coffee Dripper":44,"PureWater":0,"Unceasing Top":53}],"Unceasing Top":[0]},"card_choices":[{"not_picked":["Evaluate","Protect","EmptyBody"],"picked":"SKIP","floor":1.0},{"not_picked":["Sanctity","Pray"],"picked":"FlurryOfBlows","floor":3.0},{"not_picked":["CutThroughFate","ReachHeaven"],"picked":"FlurryOfBlows","floor":8.0},{"not_picked":["Consecrate","Pray","Meditate"],"picked":"SKIP","floor":10.0},{"not_picked":["Consecrate","SandsOfTime","FlyingSleeves"],"picked":"SKIP","floor":13.0},{"not_picked":["LessonLearned","Establishment"],"picked":"Vault","floor":16.0},{"not_picked":["WheelKick","Evaluate","BattleHymn+1"],"picked":"SKIP","floor":18.0},{"not_picked":["Protect","Consecrate","BowlingBash"],"picked":"SKIP","floor":19.0},{"not_picked":["Protect+1","PathToVictory+1"],"picked":"FearNoEvil","floor":21.0},{"not_picked":["Evaluate","Protect","ThirdEye"],"picked":"SKIP","floor":27.0},{"not_picked":["Indignation","Wireheading","Prostrate"],"picked":"SKIP","floor":29.0},{"not_picked":["JustLucky","PathToVictory","FlurryOfBlows"],"picked":"SKIP","floor":30.0},{"not_picked":["SashWhip","Sanctity"],"picked":"Vault","floor":31.0},{"not_picked":["ConjureBlade","DeusExMachina"],"picked":"Scrawl","floor":33.0},{"not_picked":["Crescendo","Vengeance+1","ThirdEye"],"picked":"SKIP","floor":35.0},{"not_picked":["FollowUp+1","Halt","CutThroughFate"],"picked":"SKIP","floor":36.0},{"not_picked":["Weave+1","Protect","JustLucky"],"picked":"SKIP","floor":37.0},{"not_picked":["ClearTheMind+1","BowlingBash","Collect"],"picked":"SKIP","floor":41.0},{"not_picked":["DeceiveReality","JustLucky","Collect"],"picked":"SKIP","floor":46},{"not_picked":["JustLucky+1","DevaForm","Evaluate"],"picked":"SKIP","floor":47},{"not_picked":["InnerPeace","ThirdEye+1","SignatureMove"],"picked":"SKIP","floor":48}],"player_experience":281008,"relics_obtained":[{"floor":9.0,"key":"Bag of Preparation"},{"floor":26.0,"key":"Peace Pipe"},{"floor":31.0,"key":"Blue Candle"},{"floor":41.0,"key":"Ornamental Fan"},{"floor":43.0,"key":"War Paint"},{"floor":44.0,"key":"Unceasing Top"},{"floor":47,"key":"Smiling Mask"}],"event_choices":[{"damage_healed":0.0,"max_hp_gain":0.0,"max_hp_loss":0.0,"gold_gain":0.0,"event_name":"Golden Idol","player_choice":"Take Damage","floor":2.0,"gold_loss":0.0,"damage_taken":18.0,"relics_obtained":["Golden Idol"]},{"damage_healed":0.0,"max_hp_gain":5.0,"max_hp_loss":0.0,"gold_gain":0.0,"event_name":"Big Fish","player_choice":"Donut","floor":4.0,"gold_loss":0.0,"damage_taken":0.0},{"damage_healed":0.0,"max_hp_gain":0.0,"max_hp_loss":0.0,"gold_gain":0.0,"event_name":"Scrap Ooze","player_choice":"Success","floor":5.0,"gold_loss":0.0,"damage_taken":12.0,"relics_obtained":["Old Coin"]},{"damage_healed":0.0,"max_hp_gain":0.0,"max_hp_loss":0.0,"gold_gain":0.0,"event_name":"Dead Adventurer","player_choice":"Searched \u00270\u0027 times","floor":7.0,"gold_loss":0.0,"damage_taken":0.0},{"cards_removed":["Strike_P"],"damage_healed":0.0,"max_hp_gain":0.0,"max_hp_loss":0.0,"gold_gain":0.0,"event_name":"Golden Wing","player_choice":"Card Removal","floor":12.0,"gold_loss":0.0,"damage_taken":7.0},{"damage_healed":0.0,"max_hp_gain":0.0,"max_hp_loss":0.0,"gold_gain":99.0,"event_name":"Nest","player_choice":"Stole From Cult","floor":22.0,"gold_loss":0.0,"damage_taken":0.0},{"damage_healed":0.0,"max_hp_gain":0.0,"max_hp_loss":0.0,"gold_gain":0.0,"cards_transformed":["Weave"],"event_name":"Transmorgrifier","player_choice":"Transformed","floor":24.0,"gold_loss":0.0,"damage_taken":0.0,"cards_obtained":["Halt"]},{"cards_removed":["Defend_P"],"damage_healed":0.0,"max_hp_gain":0.0,"max_hp_loss":0.0,"gold_gain":0.0,"event_name":"Falling","player_choice":"Removed Skill","floor":39.0,"gold_loss":0.0,"damage_taken":0.0},{"damage_healed":0,"gold_gain":0,"player_choice":"1 cards matched","damage_taken":0,"max_hp_gain":0,"max_hp_loss":0,"event_name":"Match and Keep!","floor":45,"gold_loss":0,"cards_obtained":["Eruption"]}],"is_beta":false,"boss_relics":[{"not_picked":["Sozu","Velvet Choker"],"picked":"Astrolabe"},{"not_picked":["Runic Pyramid","Runic Dome"],"picked":"Coffee Dripper"}],"items_purged_floors":[14,20,38],"is_endless":false,"potions_floor_spawned":[8,13,16,27,29,35,36,41],"ascension_level":2}}