{"host":"a1eatafr7pisesky","time":1609670505,"event":{"mods":["BaseMod","Colored Map","DeckTracker","Highlight Path","Keyboard Shortcuts","Minty Spire (QoL Compilation)","Permanent Neow","Random Character Button","StSLib","SuperFastMode","everything is the same but u backflip on backflip"],"gold_per_floor":[114,114,114,114,130,163,163,188,188,39,55,55,70,82,82,178,178,192,192,53,66,76,76,76],"floor_reached":23,"playtime":695,"items_purged":["Strike_B","Strike_B"],"score":330,"play_id":"bacf3982-7ef2-49a4-98b9-e4238d4799d4","local_time":"20210103194145","is_ascension_mode":true,"campfire_choices":[{"floor":7.0,"key":"REST"},{"floor":15.0,"key":"REST"}],"circlet_count":0,"master_deck":["Strike_B","Strike_B","Defend_B","Defend_B","Defend_B","Defend_B","Zap","Dualcast+1","Storm+1","Capacitor","Rebound","Turbo","BootSequence","Heatsinks","Doom and Gloom","Electrodynamics","Hologram+1","Self Repair","Capacitor+1"],"relics":["Cracked Core","NeowsBlessing","Ornamental Fan","Incense Burner","Torii","Blue Candle","Kunai","Nuclear Battery"],"acts_visited":["Exordium","TheCity"],"potions_floor_usage":[22,22],"damage_taken":[{"damage":0.0,"enemies":"2 Louse","floor":1.0,"turns":1.0},{"damage":0.0,"enemies":"Jaw Worm","floor":5.0,"turns":1.0},{"damage":0.0,"enemies":"3 Sentries","floor":6.0,"turns":1.0},{"damage":29.0,"enemies":"Gremlin Nob","floor":8.0,"turns":4.0},{"damage":2.0,"enemies":"Cultist","floor":11.0,"turns":4.0},{"damage":8.0,"enemies":"3 Louse","floor":13.0,"turns":4.0},{"damage":8.0,"enemies":"Exordium Thugs","floor":14.0,"turns":5.0},{"damage":41.0,"enemies":"Slime Boss","floor":16.0,"turns":9.0},{"damage":19.0,"enemies":"Spheric Guardian","floor":18.0,"turns":4.0},{"damage":19.0,"enemies":"Shell Parasite","floor":21.0,"turns":5.0},{"damage":17,"enemies":"Snecko","floor":22,"turns":5},{"damage":21,"enemies":"Book of Stabbing","floor":23,"turns":3}],"seed_played":"-2304384803679796953","potions_obtained":[{"floor":5.0,"key":"Fruit Juice"},{"floor":6.0,"key":"Fruit Juice"},{"floor":8.0,"key":"Dexterity Potion"},{"floor":13.0,"key":"Weak Potion"},{"floor":14.0,"key":"Swift Potion"},{"floor":18.0,"key":"Ancient Potion"}],"is_trial":false,"path_per_floor":["M","?","T","?","M","E","R","E","T","$","M","$","M","M","R","B",null,"M","?","$","M","M","E"],"character_chosen":"DEFECT","items_purchased":["BootSequence","Self Repair"],"campfire_rested":2,"item_purchase_floors":[10,20],"current_hp_per_floor":[68,53,53,35,35,35,57,33,33,33,31,31,23,20,45,4,65,46,30,30,18,8,0,0],"gold":76,"neow_bonus":"THREE_ENEMY_KILL","is_daily":false,"chose_seed":false,"campfire_upgraded":0,"win_rate":0.0,"timestamp":1609670505,"path_taken":["M","?","?","?","M","E","R","E","T","?","M","$","M","M","R","BOSS","M","?","$","M","M","E"],"items_purchased_type":["Card","Card"],"build_version":"2020-12-22","purchased_purges":2,"victory":false,"max_hp_per_floor":[75,75,75,75,75,75,75,80,80,80,80,80,80,85,85,85,85,85,90,90,90,90,90,90],"card_choices":[{"not_picked":["Coolheaded","Redo"],"picked":"Storm","floor":1.0},{"not_picked":["Capacitor","Rebound","Hologram"],"picked":"SKIP","floor":5.0},{"not_picked":["Rebound","Hologram"],"picked":"Capacitor","floor":5.0},{"not_picked":["Steam","Redo"],"picked":"Rebound","floor":6.0},{"not_picked":["Storm","Barrage"],"picked":"Turbo","floor":8.0},{"not_picked":["Gash","Streamline"],"picked":"Heatsinks","floor":11.0},{"not_picked":["Tempest","Rebound","Compile Driver"],"picked":"SKIP","floor":13.0},{"not_picked":["Conserve Battery","Recycle"],"picked":"Doom and Gloom","floor":14.0},{"not_picked":["All For One","Rainbow"],"picked":"Electrodynamics","floor":16.0},{"not_picked":["Chaos","Compile Driver"],"picked":"Hologram+1","floor":18.0},{"not_picked":["Beam Cell","Aggregate","Redo+1"],"picked":"SKIP","floor":21.0},{"not_picked":["Go for the Eyes","Rip and Tear"],"picked":"Capacitor+1","floor":22}],"player_experience":282169,"relics_obtained":[{"floor":3.0,"key":"Ornamental Fan"},{"floor":6.0,"key":"Torii"},{"floor":8.0,"key":"Blue Candle"},{"floor":9.0,"key":"Kunai"}],"event_choices":[{"damage_healed":0.0,"max_hp_gain":0.0,"max_hp_loss":0.0,"gold_gain":0.0,"event_name":"Shining Light","player_choice":"Entered Light","floor":2.0,"gold_loss":0.0,"damage_taken":15.0,"cards_upgraded":["Storm","Dualcast"]},{"damage_healed":0.0,"max_hp_gain":0.0,"max_hp_loss":0.0,"gold_gain":0.0,"event_name":"Scrap Ooze","player_choice":"Success","floor":4.0,"gold_loss":0.0,"damage_taken":18.0,"relics_obtained":["Incense Burner"]},{"damage_healed":0.0,"max_hp_gain":5.0,"max_hp_loss":0.0,"gold_gain":0.0,"event_name":"Forgotten Altar","player_choice":"Shed Blood","floor":19.0,"gold_loss":0.0,"damage_taken":21.0}],"is_beta":false,"boss_relics":[{"not_picked":["Sozu","Snecko Eye"],"picked":"Nuclear Battery"}],"items_purged_floors":[10,20],"is_endless":false,"potions_floor_spawned":[5,6,8,13,14,18],"killed_by":"Book of Stabbing","ascension_level":7}}