{"host":"8i4doyxqctgl5qb0","time":1609641205,"event":{"mods":["AchievementEnabler","BaseMod","Block Reminder","Colored Powertips","Downfall","Marisa£®ÏF”Í°°ƒß¿Ì…≥£©","Minty Spire (QoL Compilation)","Permanent Neow","Potion Indicator Mod","Rare Cards Sparkle","StSLib","SuperFastMode"],"gold_per_floor":[117,117,117,135,210,210,238,238,238,238,46,46,76,94,94,225,225,238,251,5,28,28,28,28,28,28,43,59,159,175,195,195,195,195],"floor_reached":33,"playtime":907,"items_purged":[],"score":270,"play_id":"8191bd98-1448-4aa1-aa59-38e8e72336c7","local_time":"20210103103325","is_ascension_mode":true,"campfire_choices":[{"data":"Static Discharge","floor":6.0,"key":"SMITH"},{"floor":8.0,"key":"REST"},{"floor":10.0,"key":"REST"},{"data":"expansioncontent:YouAreMine","floor":15.0,"key":"SMITH"},{"data":"White Noise","floor":23.0,"key":"SMITH"},{"data":"Hologram","floor":25.0,"key":"SMITH"},{"floor":32.0,"key":"REST"}],"circlet_count":0,"master_deck":["Strike_B","Strike_B","Strike_B","Strike_B","Defend_B","Defend_B","Defend_B","Defend_B","Zap","Dualcast","Redo","Regret","Swift Strike","Meteor Strike","Static Discharge+1","Heatsinks","Double Energy","expansioncontent:YouAreMine+1","Sweeping Beam","Injury","Undo","Thunder Strike","Redo+1","Cold Snap+1","Chill","Hologram+1","White Noise+1","Auto Shields+1","Conserve Battery","Rip and Tear+1","Ball Lightning+1"],"relics":["Cracked Core","Gremlin Horn","Oddly Smooth Stone","Bottled Lightning","Golden Idol","Boot","SlaversCollar","Lee\u0027s Waffle","HornCleat"],"acts_visited":["Exordium","TheCity"],"potions_floor_usage":[33,33],"damage_taken":[{"damage":7.0,"enemies":"Small Slimes","floor":1.0,"turns":3.0},{"damage":2.0,"enemies":"Cultist","floor":4.0,"turns":3.0},{"damage":43.0,"enemies":"3 Sentries","floor":7.0,"turns":7.0},{"damage":12.0,"enemies":"Jaw Worm","floor":14.0,"turns":2.0},{"damage":33.0,"enemies":"Slime Boss","floor":16.0,"turns":10.0},{"damage":21.0,"enemies":"Shell Parasite","floor":18.0,"turns":6.0},{"damage":23.0,"enemies":"Chosen","floor":19.0,"turns":4.0},{"damage":18.0,"enemies":"Centurion and Healer","floor":21.0,"turns":7.0},{"damage":34.0,"enemies":"Cultist and Chosen","floor":27.0,"turns":5.0},{"damage":15.0,"enemies":"Snake Plant","floor":28.0,"turns":4.0},{"damage":16.0,"enemies":"Shelled Parasite and Fungi","floor":30.0,"turns":7.0},{"damage":5.0,"enemies":"Sentry and Sphere","floor":31.0,"turns":6.0},{"damage":27,"enemies":"Collector","floor":33,"turns":4}],"seed_played":"5671773682690560459","potions_obtained":[{"floor":16.0,"key":"Fire Potion"},{"floor":18.0,"key":"FearPotion"},{"floor":19.0,"key":"Dexterity Potion"},{"floor":28.0,"key":"LiquidBronze"},{"floor":31.0,"key":"EssenceOfSteel"}],"is_trial":false,"path_per_floor":["M","?","?","M","?","R","E","R","T","R","$","?","?","M","R","B",null,"M","M","$","M","$","R","?","R","T","M","M","?","M","M","R","B"],"character_chosen":"DEFECT","items_purchased":["Double Energy","expansioncontent:YouAreMine","Sweeping Beam","Lee\u0027s Waffle","Chill","Hologram"],"campfire_rested":3,"item_purchase_floors":[11,11,11,20,20,20],"current_hp_per_floor":[75,75,75,73,62,62,19,43,43,67,67,67,67,55,55,22,82,61,38,89,71,71,71,71,71,71,37,22,22,6,1,27,0,0],"gold":195,"neow_bonus":"TEN_PERCENT_HP_BONUS","is_daily":false,"chose_seed":false,"campfire_upgraded":4,"win_rate":0.0,"timestamp":1609641205,"path_taken":["M","?","?","?","?","R","E","R","T","R","$","?","?","M","R","BOSS","M","M","$","M","$","R","?","R","T","M","M","?","M","M","R","BOSS"],"items_purchased_type":["Card","Card","Card","Relic","Card","Card"],"build_version":"2020-12-22","purchased_purges":0,"victory":false,"max_hp_per_floor":[82,82,82,82,82,82,82,82,82,82,82,82,82,82,82,82,82,82,82,89,89,89,89,89,89,89,89,89,89,89,89,89,89,89],"card_choices":[{"not_picked":["Go for the Eyes","Hologram"],"picked":"Redo","floor":1.0},{"not_picked":["Coolheaded","Streamline"],"picked":"Static Discharge","floor":4.0},{"not_picked":["Hologram","Reboot"],"picked":"Heatsinks","floor":7.0},{"not_picked":["Heatsinks","Gash"],"picked":"Undo","floor":14.0},{"not_picked":["Amplify","Biased Cognition"],"picked":"Thunder Strike","floor":16.0},{"not_picked":["Lockon","Rebound"],"picked":"Redo+1","floor":18.0},{"not_picked":["Stack","Scrape"],"picked":"Cold Snap+1","floor":19.0},{"not_picked":["Rip and Tear","Sweeping Beam"],"picked":"White Noise","floor":21.0},{"not_picked":["Static Discharge","Storm"],"picked":"Auto Shields+1","floor":27.0},{"not_picked":["Lockon+1","FTL+1"],"picked":"Conserve Battery","floor":28.0},{"not_picked":["Steam","Cold Snap+1"],"picked":"Rip and Tear+1","floor":30.0},{"not_picked":["Hologram","Steam+1"],"picked":"Ball Lightning+1","floor":31.0}],"player_experience":39205,"relics_obtained":[{"floor":7.0,"key":"Oddly Smooth Stone"},{"floor":9.0,"key":"Bottled Lightning"},{"floor":26.0,"key":"HornCleat"}],"event_choices":[{"damage_healed":0.0,"max_hp_gain":0.0,"max_hp_loss":0.0,"gold_gain":0.0,"event_name":"Big Fish","player_choice":"Box","floor":2.0,"gold_loss":0.0,"damage_taken":0.0,"relics_obtained":["Gremlin Horn"],"cards_obtained":["Regret"]},{"damage_healed":0.0,"max_hp_gain":0.0,"max_hp_loss":0.0,"gold_gain":0.0,"event_name":"Match and Keep!","player_choice":"2 cards matched","floor":3.0,"gold_loss":0.0,"damage_taken":0.0,"cards_obtained":["Swift Strike","Meteor Strike"]},{"damage_healed":0.0,"max_hp_gain":0.0,"max_hp_loss":0.0,"gold_gain":75.0,"event_name":"World of Goop","player_choice":"Gather Gold","floor":5.0,"gold_loss":0.0,"damage_taken":11.0},{"damage_healed":0.0,"max_hp_gain":0.0,"max_hp_loss":0.0,"gold_gain":0.0,"event_name":"Golden Idol","player_choice":"Take Wound","floor":12.0,"gold_loss":0.0,"damage_taken":0.0,"relics_obtained":["Golden Idol"],"cards_obtained":["Injury"]},{"damage_healed":0.0,"max_hp_gain":0.0,"max_hp_loss":0.0,"gold_gain":30.0,"event_name":"Dead Adventurer","player_choice":"Searched \u00273\u0027 times","floor":13.0,"gold_loss":0.0,"damage_taken":0.0,"relics_obtained":["Boot"]},{"damage_healed":0.0,"max_hp_gain":0.0,"max_hp_loss":0.0,"gold_gain":0.0,"event_name":"Ghosts","player_choice":"Ignored","floor":24.0,"gold_loss":0.0,"damage_taken":0.0},{"damage_healed":0.0,"max_hp_gain":0.0,"max_hp_loss":0.0,"gold_gain":100.0,"event_name":"Golden Shrine","player_choice":"Pray","floor":29.0,"gold_loss":0.0,"damage_taken":0.0}],"is_beta":false,"boss_relics":[{"not_picked":["Astrolabe","Empty Cage"],"picked":"SlaversCollar"}],"items_purged_floors":[],"is_endless":false,"potions_floor_spawned":[16,18,19,28,31],"killed_by":"Collector","ascension_level":2}}