{"host":"ksmhkxap3eqvmwsu","time":1609654700,"event":{"mods":["AchievementEnabler","BaseMod","Infinite Spire","Minty Spire (QoL Compilation)","StSLib"],"gold_per_floor":[113,188,188,213,225,237,263,291,303,349,361,402,414,437,449,560,572,602,614,652,686,719,767,779,822,834,122,164,164,264,292,292,398,398,425,8,8,8],"floor_reached":37,"playtime":3523,"items_purged":["Strike_R","Defend_R","Strike_R"],"score":508,"play_id":"1f5f06b9-c411-475c-adc6-39a3a09c4e2f","local_time":"20210103081820","is_ascension_mode":true,"campfire_choices":[{"data":"Inflame","floor":6,"key":"SMITH"},{"data":"Infernal Blade","floor":11,"key":"SMITH"},{"data":"Heavy Blade","floor":13,"key":"SMITH"},{"floor":15,"key":"REST"},{"floor":24,"key":"REST"},{"data":"Rage","floor":32,"key":"SMITH"}],"circlet_count":0,"master_deck":["Strike_R","Strike_R","Defend_R","Defend_R","Defend_R","Rampage","Inflame+1","Heavy Blade+1","Cleave","Infernal Blade+1","Anger","Clash","Warcry+1","Rage","Iron Wave+1","Rage+1","Master of Strategy","Anger","Searing Blow+2","Armaments+1","Double Tap","Anger+1","Clash","Flex","Seeing Red"],"relics":["Burning Blood","infinitespire:Lucky Rock","MawBank","Bag of Marbles","Shuriken","Black Star","CeramicFish","Anchor","Strawberry","InkBottle","Eternal Feather","infinitespire:CheckeredPen","Orichalcum","Nunchaku","ClockworkSouvenir","Omamori","Paper Frog","Necronomicon","Bird Faced Urn","The Courier","SlaversCollar","Whetstone","Sling"],"acts_visited":["Exordium","TheCity","TheBeyond"],"potions_floor_usage":[12,12,16,22,23,25,30,31,33],"damage_taken":[{"damage":4,"enemies":"Jaw Worm","floor":1,"turns":5},{"damage":7,"enemies":"Small Slimes","floor":7,"turns":4},{"damage":1,"enemies":"2 Louse","floor":8,"turns":3},{"damage":26,"enemies":"Lagavulin","floor":10,"turns":7},{"damage":0,"enemies":"3 Sentries","floor":12,"turns":2},{"damage":12,"enemies":"Blue Slaver","floor":14,"turns":3},{"damage":31,"enemies":"Hexaghost","floor":16,"turns":5},{"damage":29,"enemies":"Shell Parasite","floor":18,"turns":5},{"damage":13,"enemies":"3 Byrds","floor":20,"turns":4},{"damage":20,"enemies":"Sentry and Sphere","floor":21,"turns":4},{"damage":10,"enemies":"Centurion and Healer","floor":22,"turns":5},{"damage":22,"enemies":"Gremlin Leader","floor":23,"turns":6},{"damage":18,"enemies":"Slavers","floor":25,"turns":5},{"damage":7,"enemies":"Book of Stabbing","floor":28,"turns":4},{"damage":10,"enemies":"Colosseum Slavers","floor":30,"turns":2},{"damage":9,"enemies":"Colosseum Nobs","floor":30,"turns":3},{"damage":0,"enemies":"Snecko","floor":31,"turns":2},{"damage":17,"enemies":"Collector","floor":33,"turns":3},{"damage":0,"enemies":"3 Shapes","floor":35,"turns":4},{"damage":0,"enemies":"infinitespire:Three Voidlings","floor":37,"turns":2},{"damage":82,"enemies":"Nightmare_Alpha","floor":37,"turns":3}],"seed_played":"-6950531184602488735","potions_obtained":[{"floor":7,"key":"FearPotion"},{"floor":10,"key":"Explosive Potion"},{"floor":12,"key":"SteroidPotion"},{"floor":18,"key":"HeartOfIron"},{"floor":21,"key":"DuplicationPotion"},{"floor":23,"key":"DistilledChaos"},{"floor":28,"key":"BloodPotion"},{"floor":30,"key":"ColorlessPotion"},{"floor":31,"key":"Ancient Potion"}],"is_trial":false,"path_per_floor":["M","?","?","T","?","R","M","M","T","E","R","E","R","M","R","B",null,"M","AVR","M","M","M","E","R","E","T","$","E","?","?","M","R","B",null,"M","$","?"],"character_chosen":"IRONCLAD","items_purchased":["Master of Strategy","Anger","Orichalcum","Nunchaku","ClockworkSouvenir","Clash","Flex","Seeing Red","Whetstone","Sling"],"campfire_rested":2,"item_purchase_floors":[27,27,27,27,27,36,36,36,36,36],"current_hp_per_floor":[72,61,54,54,54,54,53,58,58,38,38,44,44,38,59,34,72,49,49,42,28,24,15,38,26,26,26,25,9,17,27,39,30,79,79,79,0,0],"gold":8,"neow_bonus":"TRANSFORM_TWO_CARDS","is_daily":false,"chose_seed":false,"campfire_upgraded":4,"win_rate":0.0,"timestamp":1609654700,"path_taken":["M","?","?","?","?","R","M","M","T","E","R","E","R","M","R","BOSS","M","AVR","M","M","M","E","R","E","T","$","E","?","?","M","R","BOSS","M","$","?"],"items_purchased_type":["Card","Card","Relic","Relic","Relic","Card","Card","Card","Relic","Relic"],"build_version":"2020-12-22","purchased_purges":3,"victory":false,"max_hp_per_floor":[72,72,72,72,72,72,72,72,72,72,72,72,72,72,72,72,72,72,72,72,72,72,79,79,79,79,79,79,79,79,79,79,79,79,79,79,79,79],"card_choices":[{"not_picked":["Twin Strike","Sword Boomerang","Warcry"],"picked":"SKIP","floor":1},{"not_picked":["Cleave","Headbutt"],"picked":"Heavy Blade","floor":7},{"not_picked":["Hemokinesis","Headbutt"],"picked":"Cleave","floor":8},{"not_picked":["Sword Boomerang","Disarm"],"picked":"Infernal Blade","floor":10},{"not_picked":["Perfected Strike","True Grit","Brutality"],"picked":"SKIP","floor":12},{"not_picked":["Clothesline","Shrug It Off"],"picked":"Anger","floor":14},{"not_picked":["Dark Embrace","Wild Strike"],"picked":"Clash","floor":18},{"not_picked":["True Grit+1","Rupture"],"picked":"Warcry+1","floor":20},{"not_picked":["Perfected Strike","Heavy Blade"],"picked":"Rage","floor":21},{"not_picked":["Armaments","Headbutt"],"picked":"Iron Wave+1","floor":22},{"not_picked":["Feel No Pain+1","Offering"],"picked":"Rage","floor":23},{"not_picked":["Heavy Blade","Warcry","True Grit+1"],"picked":"SKIP","floor":25},{"not_picked":["Perfected Strike","Cleave"],"picked":"Searing Blow+1","floor":28},{"not_picked":["Flex","Rage"],"picked":"Armaments+1","floor":31},{"not_picked":["Fiend Fire","Reaper"],"picked":"Double Tap","floor":33},{"not_picked":["Sever Soul+1","Dropkick+1"],"picked":"Anger","floor":35}],"player_experience":178724,"relics_obtained":[{"floor":4,"key":"MawBank"},{"floor":10,"key":"Bag of Marbles"},{"floor":12,"key":"Shuriken"},{"floor":23,"key":"Anchor"},{"floor":23,"key":"Strawberry"},{"floor":25,"key":"InkBottle"},{"floor":25,"key":"Eternal Feather"},{"floor":26,"key":"infinitespire:CheckeredPen"},{"floor":28,"key":"Omamori"},{"floor":28,"key":"Paper Frog"},{"floor":29,"key":"Necronomicon"},{"floor":30,"key":"Bird Faced Urn"},{"floor":30,"key":"The Courier"}],"event_choices":[{"damage_healed":0,"gold_gain":75,"player_choice":"Gather Gold","damage_taken":11,"max_hp_gain":0,"max_hp_loss":0,"event_name":"World of Goop","floor":2,"gold_loss":0},{"damage_healed":0,"gold_gain":0,"player_choice":"Success","damage_taken":7,"relics_obtained":["infinitespire:Lucky Rock"],"max_hp_gain":0,"max_hp_loss":0,"event_name":"Scrap Ooze","floor":3,"gold_loss":0},{"damage_healed":0,"gold_gain":0,"player_choice":"Obtained Book","damage_taken":16,"max_hp_gain":0,"max_hp_loss":0,"event_name":"Cursed Tome","floor":29,"gold_loss":0},{"damage_healed":0,"gold_gain":0,"player_choice":"Fight","damage_taken":0,"max_hp_gain":0,"max_hp_loss":0,"event_name":"Colosseum","floor":30,"gold_loss":0},{"damage_healed":0,"gold_gain":0,"player_choice":"Fought Nobs","damage_taken":0,"max_hp_gain":0,"max_hp_loss":0,"event_name":"Colosseum","floor":30,"gold_loss":0}],"is_beta":false,"boss_relics":[{"not_picked":["Philosopher\u0027s Stone","Empty Cage"],"picked":"Black Star"},{"not_picked":["Tiny House","Runic Dome"],"picked":"SlaversCollar"}],"items_purged_floors":[19,27,36],"is_endless":false,"potions_floor_spawned":[7,10,12,18,21,23,28,30,31],"killed_by":"Nightmare_Alpha","ascension_level":1}}