{"host":"lklj3eidp7g5an38","time":1609684568,"event":{"mods":["BaseMod","Minty Spire (QoL Compilation)","Relic Stats","StSLib"],"gold_per_floor":[115,115,115,126,96,130,130,157,157,170,197,197,208,220,220,293,293,303,303,303,40,40,73,73,104,104,104,124,124,135,151,151,226,226,239,239,1238,1288,1288,1306,155,181,181,181,209,209,244,264,264,264,264,264,34,61,61],"floor_reached":56,"playtime":5896,"items_purged":["Strike_G+1","Normality","Phantasmal Killer"],"score":2240,"play_id":"5770bb06-f5c2-45b5-b31c-1e9dc533aefc","local_time":"20210103143608","is_ascension_mode":true,"campfire_choices":[{"floor":7.0,"key":"REST"},{"floor":12.0,"key":"REST"},{"data":"Footwork","floor":15.0,"key":"SMITH"},{"data":"Leg Sweep","floor":24.0,"key":"SMITH"},{"floor":27.0,"key":"REST"},{"data":"Malaise","floor":32.0,"key":"SMITH"},{"data":"Footwork","floor":46,"key":"SMITH"},{"floor":49,"key":"RECALL"},{"data":"Footwork","floor":52,"key":"SMITH"}],"circlet_count":0,"master_deck":["AscendersBane","Survivor","Neutralize+1","Acrobatics","Dagger Throw","Dagger Spray","Dash","Malaise+1","Footwork+1","Corpse Explosion","Crippling Poison","Leg Sweep+1","Caltrops","PiercingWail","Dodge and Roll+1","Adrenaline","Bouncing Flask","Doppelganger","Phantasmal Killer","Outmaneuver","Blur","Setup","Predator","Glass Knife","Footwork+1","Mayhem","Footwork+1","Adrenaline","Bandage Up","Master of Strategy","PiercingWail+1","Blur+1"],"relics":["Velvet Choker","Kunai","The Courier","Singing Bowl","Mummified Hand","Sozu","Nilry\u0027s Codex","Lee\u0027s Waffle","Bottled Flame","Art of War","Letter Opener","Meat on the Bone","Pandora\u0027s Box","FossilizedHelix","Blue Candle","Bottled Lightning","DollysMirror","HornCleat","Pear","Paper Crane","Oddly Smooth Stone","Anchor","Bird Faced Urn"],"acts_visited":["Exordium","TheCity","TheBeyond","TheEnding"],"potions_floor_usage":[],"damage_taken":[{"damage":4.0,"enemies":"Jaw Worm","floor":1.0,"turns":4.0},{"damage":6.0,"enemies":"2 Louse","floor":4.0,"turns":3.0},{"damage":14.0,"enemies":"3 Sentries","floor":6.0,"turns":9.0},{"damage":7.0,"enemies":"Lagavulin","floor":8.0,"turns":7.0},{"damage":0.0,"enemies":"Cultist","floor":10.0,"turns":3.0},{"damage":6.0,"enemies":"Gremlin Nob","floor":11.0,"turns":4.0},{"damage":1.0,"enemies":"3 Louse","floor":13.0,"turns":2.0},{"damage":0.0,"enemies":"Looter","floor":14.0,"turns":4.0},{"damage":25.0,"enemies":"Slime Boss","floor":16.0,"turns":17.0},{"damage":5.0,"enemies":"Spheric Guardian","floor":18.0,"turns":5.0},{"damage":43.0,"enemies":"Slavers","floor":23.0,"turns":4.0},{"damage":31.0,"enemies":"Gremlin Leader","floor":25.0,"turns":12.0},{"damage":9.0,"enemies":"Chosen","floor":28.0,"turns":6.0},{"damage":3.0,"enemies":"Snake Plant","floor":30.0,"turns":4.0},{"damage":10.0,"enemies":"3 Cultists","floor":31.0,"turns":4.0},{"damage":26.0,"enemies":"Automaton","floor":33.0,"turns":16.0},{"damage":17.0,"enemies":"3 Shapes","floor":35.0,"turns":3.0},{"damage":63.0,"enemies":"2 Orb Walkers","floor":38.0,"turns":4.0},{"damage":0.0,"enemies":"3 Darklings","floor":40.0,"turns":6.0},{"damage":1.0,"enemies":"Nemesis","floor":42.0,"turns":13.0},{"damage":5,"enemies":"Reptomancer","floor":45,"turns":9},{"damage":0,"enemies":"Giant Head","floor":47,"turns":8},{"damage":0,"enemies":"Sphere and 2 Shapes","floor":48,"turns":6},{"damage":30,"enemies":"Time Eater","floor":50,"turns":19},{"damage":0,"enemies":"Shield and Spear","floor":54,"turns":9},{"damage":95,"enemies":"The Heart","floor":55,"turns":15}],"seed_played":"-1382198272390767535","potions_obtained":[{"floor":5.0,"key":"Swift Potion"},{"floor":5.0,"key":"DuplicationPotion"},{"floor":8.0,"key":"DuplicationPotion"},{"floor":11.0,"key":"Fruit Juice"},{"floor":16.0,"key":"SneckoOil"}],"is_trial":false,"path_per_floor":["M","?","?","M","?","E","R","E","T","M","E","R","M","M","R","B",null,"M","?","?","$","T","E","R","E","T","R","M","?","M","M","R","B",null,"M","?","?","?","?","M","$","E","T","?","E","R","E","M","R","B",null,"R","$","E","B",null],"character_chosen":"THE_SILENT","items_purchased":["Lee\u0027s Waffle","Crippling Poison","Blue Candle","Bottled Lightning","Footwork","DollysMirror","HornCleat","Bandage Up","Master of Strategy","Anchor"],"campfire_rested":3,"item_purchase_floors":[21,21,41,41,41,41,41,41,41,53],"current_hp_per_floor":[55,60,39,33,33,19,40,33,33,33,27,48,47,49,49,24,61,58,58,37,82,82,44,44,13,13,39,42,87,86,76,76,50,79,64,64,64,13,13,27,27,52,52,52,53,53,57,63,63,49,89,89,89,95,27],"gold":61,"neow_bonus":"BOSS_RELIC","is_daily":false,"chose_seed":false,"campfire_upgraded":5,"win_rate":0.0,"timestamp":1609684568,"path_taken":["M","?","?","M","?","E","R","E","T","?","E","R","M","M","R","BOSS","M","?","?","$","?","E","R","E","T","R","M","?","?","M","R","BOSS","M","?","?","?","?","M","$","E","T","?","E","R","E","M","R","BOSS","R","$","E","BOSS"],"items_purchased_type":["Relic","Card","Relic","Relic","Card","Relic","Relic","Card","Card","Relic"],"build_version":"2020-12-22","purchased_purges":3,"victory":true,"max_hp_per_floor":[66,71,71,71,71,71,71,71,71,71,71,71,71,73,73,73,73,75,75,75,82,82,87,87,87,87,87,87,87,89,89,89,89,89,91,86,86,86,86,88,88,98,98,98,100,100,100,102,102,102,102,102,102,104,104],"relic_stats":{"Lee\u0027s Waffle":45,"Singing Bowl":16,"counters":[26,196],"Blue Candle":[2],"Letter Opener":[382],"Sozu":4,"Mummified Hand":[89],"Bird Faced Urn":[11],"Pandora\u0027s Box":["Bouncing Flask","Phantasmal Killer","Doppelganger","Phantasmal Killer","Outmaneuver","Blur","Setup","Predator","Glass Knife"],"Art of War":[29],"Kunai":[33],"obtain_stats":[{"Lee\u0027s Waffle":21,"Pear":42,"Singing Bowl":9,"Nilry\u0027s Codex":20,"Blue Candle":41,"Velvet Choker":0,"Oddly Smooth Stone":47,"The Courier":8,"Letter Opener":25,"Paper Crane":45,"Sozu":17,"Bottled Flame":22,"Anchor":53,"HornCleat":41,"Mummified Hand":11,"DollysMirror":41,"Bird Faced Urn":54,"Pandora\u0027s Box":34,"Art of War":23,"Kunai":6,"Bottled Lightning":41,"FossilizedHelix":38,"Ring of the Snake":0,"Meat on the Bone":26},{"Lee\u0027s Waffle":10,"Pear":20,"Singing Bowl":4,"Nilry\u0027s Codex":10,"Blue Candle":19,"Velvet Choker":0,"Oddly Smooth Stone":22,"The Courier":4,"Letter Opener":12,"Paper Crane":21,"Sozu":9,"Bottled Flame":10,"Anchor":24,"HornCleat":19,"Mummified Hand":6,"DollysMirror":19,"Bird Faced Urn":25,"Pandora\u0027s Box":16,"Art of War":11,"Kunai":3,"Bottled Lightning":19,"FossilizedHelix":18,"Ring of the Snake":0,"Meat on the Bone":12},{"Lee\u0027s Waffle":58,"Pear":130,"Singing Bowl":23,"Nilry\u0027s Codex":58,"Blue Candle":117,"Velvet Choker":0,"Oddly Smooth Stone":147,"The Courier":23,"Letter Opener":74,"Paper Crane":139,"Sozu":53,"Bottled Flame":58,"Anchor":172,"HornCleat":117,"Mummified Hand":30,"DollysMirror":117,"Bird Faced Urn":181,"Pandora\u0027s Box":104,"Art of War":62,"Kunai":16,"Bottled Lightning":117,"FossilizedHelix":111,"Ring of the Snake":0,"Meat on the Bone":74}],"Meat on the Bone":72},"card_choices":[{"not_picked":["Slice","Flying Knee"],"picked":"Acrobatics","floor":1.0},{"not_picked":["Backflip","Bane"],"picked":"Dagger Throw","floor":4.0},{"not_picked":["Cloak And Dagger","Quick Slash"],"picked":"Dagger Spray","floor":6.0},{"not_picked":["Dodge and Roll","Deflect"],"picked":"Reflex","floor":8.0},{"not_picked":["Sucker Punch","Backflip"],"picked":"Dash","floor":10.0},{"not_picked":["Prepared","Acrobatics"],"picked":"Malaise","floor":11.0},{"not_picked":["Underhanded Strike","Backflip"],"picked":"Footwork","floor":13.0},{"not_picked":["Bane","Dodge and Roll","Escape Plan"],"picked":"Singing Bowl","floor":14.0},{"not_picked":["Phantasmal Killer","After Image"],"picked":"Corpse Explosion","floor":16.0},{"not_picked":["Slice","Bane","Reflex"],"picked":"Singing Bowl","floor":18.0},{"not_picked":["Acrobatics","Blur"],"picked":"Leg Sweep","floor":23.0},{"not_picked":["Leg Sweep","Backflip"],"picked":"Caltrops","floor":25.0},{"not_picked":["Dodge and Roll","Setup"],"picked":"PiercingWail","floor":28.0},{"not_picked":["Riddle With Holes","PiercingWail","Grand Finale"],"picked":"Singing Bowl","floor":30.0},{"not_picked":["Poisoned Stab","Deflect"],"picked":"Dodge and Roll+1","floor":31.0},{"not_picked":["After Image","Doppelganger"],"picked":"Adrenaline","floor":33.0},{"not_picked":["Dagger Spray","Quick Slash","Leg Sweep+1"],"picked":"Singing Bowl","floor":35.0},{"not_picked":["Dagger Spray+1","Terror+1"],"picked":"Footwork","floor":38.0},{"not_picked":["Jack Of All Trades","Chrysalis"],"picked":"Mayhem","floor":39.0},{"not_picked":["Quick Slash","PiercingWail","Acrobatics"],"picked":"Singing Bowl","floor":40.0},{"not_picked":["Finisher","Flechettes+1"],"picked":"PiercingWail+1","floor":42.0},{"not_picked":["Dagger Spray","Dagger Throw","Acrobatics"],"picked":"Singing Bowl","floor":45},{"not_picked":["Dagger Spray+1","Slice"],"picked":"Blur+1","floor":47},{"not_picked":["Flechettes","Dagger Throw","Masterful Stab"],"picked":"Singing Bowl","floor":48},{"not_picked":["Flying Knee","Quick Slash","Dagger Spray"],"picked":"Singing Bowl","floor":54}],"player_experience":892388,"relics_obtained":[{"floor":6.0,"key":"Kunai"},{"floor":8.0,"key":"The Courier"},{"floor":9.0,"key":"Singing Bowl"},{"floor":11.0,"key":"Mummified Hand"},{"floor":20.0,"key":"Nilry\u0027s Codex"},{"floor":22.0,"key":"Bottled Flame"},{"floor":23.0,"key":"Art of War"},{"floor":25.0,"key":"Letter Opener"},{"floor":26.0,"key":"Meat on the Bone"},{"floor":38.0,"key":"FossilizedHelix"},{"floor":42.0,"key":"Pear"},{"floor":45,"key":"Paper Crane"},{"floor":47,"key":"Oddly Smooth Stone"},{"floor":54,"key":"Bird Faced Urn"}],"event_choices":[{"damage_healed":0.0,"max_hp_gain":5.0,"max_hp_loss":0.0,"gold_gain":0.0,"event_name":"Big Fish","player_choice":"Donut","floor":2.0,"gold_loss":0.0,"damage_taken":0.0},{"damage_healed":0.0,"max_hp_gain":0.0,"max_hp_loss":0.0,"gold_gain":0.0,"event_name":"Shining Light","player_choice":"Entered Light","floor":3.0,"gold_loss":0.0,"damage_taken":21.0,"cards_upgraded":["Strike_G","Neutralize"]},{"damage_healed":0.0,"max_hp_gain":0.0,"max_hp_loss":0.0,"gold_gain":0.0,"event_name":"The Woman in Blue","player_choice":"Bought 2 Potions","floor":5.0,"gold_loss":0.0,"damage_taken":0.0},{"damage_healed":0.0,"max_hp_gain":0.0,"max_hp_loss":0.0,"gold_gain":0.0,"event_name":"Back to Basics","player_choice":"Simplicity","floor":19.0,"gold_loss":0.0,"damage_taken":0.0,"cards_upgraded":["Strike_G","Strike_G","Strike_G","Strike_G","Defend_G","Defend_G","Defend_G","Defend_G","Defend_G"]},{"damage_healed":0.0,"max_hp_gain":0.0,"max_hp_loss":0.0,"gold_gain":0.0,"event_name":"Cursed Tome","player_choice":"Obtained Book","floor":20.0,"gold_loss":0.0,"damage_taken":21.0},{"cards_removed":["Reflex"],"damage_healed":45.0,"max_hp_gain":0.0,"max_hp_loss":0.0,"gold_gain":0.0,"event_name":"Bonfire Elementals","player_choice":"Offered Uncommon","floor":29.0,"gold_loss":0.0,"damage_taken":0.0},{"damage_healed":0.0,"max_hp_gain":0.0,"max_hp_loss":5.0,"gold_gain":0.0,"event_name":"Winding Halls","player_choice":"Max HP","floor":36.0,"gold_loss":0.0,"damage_taken":0.0},{"damage_healed":0.0,"max_hp_gain":0.0,"max_hp_loss":0.0,"gold_gain":999.0,"event_name":"MindBloom","player_choice":"Gold","floor":37.0,"gold_loss":0.0,"damage_taken":0.0,"cards_obtained":["Normality","Normality"]},{"damage_healed":0.0,"max_hp_gain":0.0,"max_hp_loss":0.0,"gold_gain":0.0,"event_name":"Mysterious Sphere","player_choice":"Fight","floor":38.0,"gold_loss":0.0,"damage_taken":0.0},{"damage_healed":0.0,"max_hp_gain":0.0,"max_hp_loss":0.0,"gold_gain":0.0,"event_name":"SensoryStone","player_choice":"Memory 1","floor":39.0,"gold_loss":0.0,"damage_taken":0.0},{"cards_removed":["Normality"],"damage_healed":0.0,"max_hp_gain":0.0,"max_hp_loss":0.0,"gold_gain":0.0,"event_name":"Fountain of Cleansing","player_choice":"Removed Curses","floor":44.0,"gold_loss":0.0,"damage_taken":0.0}],"is_beta":false,"boss_relics":[{"not_picked":["Runic Dome","Empty Cage"],"picked":"Sozu"},{"not_picked":["HoveringKite","Coffee Dripper"],"picked":"Pandora\u0027s Box"}],"items_purged_floors":[21,41,53],"is_endless":false,"potions_floor_spawned":[8,10,11,16,30,33,40,42],"ascension_level":16}}