{"host":"dw8ij7emqco3quom","time":1609634454,"event":{"mods":["BaseMod","Minty Spire (QoL Compilation)"],"gold_per_floor":[118,218,1,17,17,46,46,46,73,73,83,99,99,99,99,201,201,219,234,234,234,234,234],"floor_reached":22,"playtime":1291,"items_purged":[],"score":218,"play_id":"bedb82b6-656b-41cf-8448-dd2463cdb4f9","local_time":"20210103014054","is_ascension_mode":true,"campfire_choices":[{"floor":8,"key":"REST"},{"data":"Zap","floor":10,"key":"SMITH"},{"floor":15,"key":"REST"}],"circlet_count":0,"master_deck":["Strike_B","Strike_B","Strike_B","Defend_B","Defend_B","Defend_B","Defend_B","Zap+1","Dualcast","Conserve Battery","Mayhem","Ball Lightning","Rebound","Capacitor","Glacier","Fission","CurseOfTheBell","Leap","Sweeping Beam"],"relics":["Cracked Core","Centennial Puzzle","StrikeDummy","Tiny Chest","Oddly Smooth Stone","Calling Bell","Pen Nib","The Courier","Gambling Chip"],"acts_visited":["Exordium","TheCity"],"potions_floor_usage":[16,19],"damage_taken":[{"damage":2,"enemies":"2 Louse","floor":1,"turns":3},{"damage":1,"enemies":"Cultist","floor":4,"turns":3},{"damage":18,"enemies":"Lagavulin","floor":6,"turns":6},{"damage":8,"enemies":"Small Slimes","floor":11,"turns":3},{"damage":15,"enemies":"Exordium Thugs","floor":12,"turns":5},{"damage":8,"enemies":"Slime Boss","floor":16,"turns":10},{"damage":24,"enemies":"Chosen","floor":18,"turns":5},{"damage":8,"enemies":"Shell Parasite","floor":19,"turns":6},{"damage":46,"enemies":"3 Cultists","floor":22,"turns":5}],"seed_played":"2456344379280013854","potions_obtained":[{"floor":4,"key":"Swift Potion"},{"floor":12,"key":"PowerPotion"},{"floor":18,"key":"CultistPotion"}],"is_trial":false,"path_per_floor":["M","?","$","M","?","E","$","R","T","R","M","M","?","?","R","B",null,"M","M","T","?","M"],"character_chosen":"DEFECT","items_purchased":["Mayhem","Ball Lightning"],"campfire_rested":2,"item_purchase_floors":[3,3],"current_hp_per_floor":[73,73,73,72,72,54,54,75,75,75,67,52,27,27,49,41,75,51,43,43,43,0,0],"gold":234,"neow_bonus":"RANDOM_COMMON_RELIC","is_daily":false,"chose_seed":false,"campfire_upgraded":1,"win_rate":0.0,"timestamp":1609634454,"path_taken":["M","?","$","?","?","E","?","R","T","R","M","M","?","?","R","BOSS","M","?","?","?","M"],"items_purchased_type":["Card","Card"],"build_version":"2020-12-22","purchased_purges":0,"victory":false,"max_hp_per_floor":[75,75,75,75,75,75,75,75,75,75,75,75,75,75,75,75,75,75,75,75,75,75,75],"card_choices":[{"not_picked":["Cold Snap","Stack"],"picked":"Conserve Battery","floor":1},{"not_picked":["Turbo","Steam"],"picked":"Rebound","floor":4},{"not_picked":["BootSequence","Turbo"],"picked":"Capacitor","floor":6},{"not_picked":["Go for the Eyes","Ball Lightning"],"picked":"Glacier","floor":11},{"not_picked":["Hello World","Stack","Compile Driver"],"picked":"SKIP","floor":12},{"not_picked":["Buffer","Machine Learning"],"picked":"Fission","floor":16},{"not_picked":["Aggregate","Redo"],"picked":"Leap","floor":18},{"not_picked":["Loop","Compile Driver"],"picked":"Sweeping Beam","floor":19}],"player_experience":596434,"relics_obtained":[{"floor":6,"key":"StrikeDummy"},{"floor":9,"key":"Tiny Chest"},{"floor":17,"key":"Pen Nib"},{"floor":17,"key":"The Courier"},{"floor":17,"key":"Gambling Chip"}],"event_choices":[{"damage_healed":0,"gold_gain":100,"player_choice":"Pray","damage_taken":0,"max_hp_gain":0,"max_hp_loss":0,"event_name":"Golden Shrine","floor":2,"gold_loss":0},{"damage_healed":0,"gold_gain":0,"player_choice":"Ignored","damage_taken":0,"max_hp_gain":0,"max_hp_loss":0,"event_name":"Liars Game","floor":5,"gold_loss":0},{"damage_healed":0,"gold_gain":0,"player_choice":"Success","damage_taken":25,"relics_obtained":["Oddly Smooth Stone"],"max_hp_gain":0,"max_hp_loss":0,"event_name":"Scrap Ooze","floor":13,"gold_loss":0},{"cards_removed":["Strike_B"],"damage_healed":0,"gold_gain":0,"player_choice":"Offered Basic","damage_taken":0,"max_hp_gain":0,"max_hp_loss":0,"event_name":"Bonfire Elementals","floor":14,"gold_loss":0},{"damage_healed":0,"gold_gain":0,"player_choice":"Ignored","damage_taken":0,"max_hp_gain":0,"max_hp_loss":0,"event_name":"Ghosts","floor":21,"gold_loss":0}],"is_beta":false,"boss_relics":[{"not_picked":["Cursed Key","Coffee Dripper"],"picked":"Calling Bell"}],"items_purged_floors":[],"is_endless":false,"potions_floor_spawned":[4,12,18],"killed_by":"3 Cultists","ascension_level":4}}