{"host":"1cd1aqaox6jesai3","time":1609670010,"event":{"mods":["Act Like it!","Astrologer","Bartender","BaseMod","Colored Powertips","Downfall","Hallownest","Mimic Mod","Minty Spire (QoL Compilation)","StSLib","The Bug Knight","The Construct","The Factory"],"gold_per_floor":[20,40,54,65,80,80,80],"floor_reached":6,"playtime":466,"items_purged":[],"score":65,"play_id":"c5aba4ea-8e0b-41cd-a1a9-9ab5431a495f","local_time":"20210103053330","is_ascension_mode":false,"campfire_choices":[],"circlet_count":0,"master_deck":["construct:Strike_Gold","construct:Strike_Gold","construct:Strike_Gold","construct:Strike_Gold","construct:Strike_Gold","construct:Defend_Gold","construct:Defend_Gold","construct:Defend_Gold","construct:Defend_Gold","construct:Defend_Gold","construct:AttackMode","construct:DefenseMode","construct:Analyze","construct:BlazingSpeed","construct:Autoturret","construct:ShiftStrike"],"relics":["construct:ClockworkPhoenix","construct:Challenge1"],"acts_visited":["Exordium"],"potions_floor_usage":[5,6],"damage_taken":[{"damage":11,"enemies":"Cultist","floor":1,"turns":4},{"damage":0,"enemies":"Small Slimes","floor":2,"turns":3},{"damage":7,"enemies":"2 Louse","floor":3,"turns":3},{"damage":51,"enemies":"Gremlin Gang","floor":4,"turns":4},{"damage":16,"enemies":"Red Slaver","floor":5,"turns":3},{"damage":13,"enemies":"3 Sentries","floor":6,"turns":4}],"seed_played":"5191948355706981608","potions_obtained":[{"floor":2,"key":"Strength Potion"},{"floor":5,"key":"SpeedPotion"}],"is_trial":false,"path_per_floor":["M","M","M","M","M","E"],"character_chosen":"THE_CONSTRUCT_MOD","items_purchased":[],"campfire_rested":0,"item_purchase_floors":[],"current_hp_per_floor":[90,90,83,32,16,3,3],"gold":80,"neow_bonus":"TWENTY_PERCENT_HP_BONUS","is_daily":false,"chose_seed":false,"campfire_upgraded":0,"win_rate":0.0,"timestamp":1609670010,"path_taken":["M","M","M","?","?","E"],"items_purchased_type":[],"build_version":"2020-12-22","purchased_purges":0,"victory":false,"max_hp_per_floor":[101,101,101,101,101,101,101],"card_choices":[{"not_picked":["construct:SweepLaser","construct:Accumulate"],"picked":"construct:Analyze","floor":1},{"not_picked":["construct:Rollout","construct:Hazardproof"],"picked":"construct:BlazingSpeed","floor":2},{"not_picked":["construct:Antimatter","construct:Anticipate"],"picked":"construct:Autoturret","floor":3},{"not_picked":["construct:QuickAttack","construct:Missile","construct:FierceBash"],"picked":"SKIP","floor":4},{"not_picked":["construct:SweepLaser","construct:SuppressiveFire"],"picked":"construct:ShiftStrike","floor":5}],"player_experience":151263,"relics_obtained":[],"event_choices":[],"is_beta":false,"boss_relics":[],"items_purged_floors":[],"is_endless":false,"potions_floor_spawned":[2,5],"killed_by":"3 Sentries","ascension_level":0}}