{"host":"xz7n3qy1zq36rzpg","time":1609675519,"event":{"mods":["BaseMod","Colored Map","Colored Powertips","Highlight Path","Minty Spire (QoL Compilation)","Quick Restart","Shop Mod"],"gold_per_floor":[117,117,117,117,134,161,171,184,184,60,70,70,94,109,109,208,208,220,220,220,240,240,240],"floor_reached":22,"playtime":865,"items_purged":["Injury"],"score":205,"play_id":"45895e92-1149-4144-ae03-20b929d3f177","local_time":"20210103130519","is_ascension_mode":true,"campfire_choices":[{"floor":12,"key":"REST"},{"floor":15,"key":"REST"}],"circlet_count":0,"master_deck":["Strike_B+1","Strike_B+1","Strike_B+1","Strike_B+1","Defend_B+1","Defend_B+1","Defend_B+1","Defend_B+1","Zap","Dualcast","Defragment","Barrage","Compile Driver","Glacier","Consume","Sweeping Beam","Sweeping Beam","Ball Lightning","Doom and Gloom","Electrodynamics","Gash+1","Lockon+1"],"relics":["Cracked Core","CaptainsWheel","Omamori","Pantograph","Odd Mushroom","Runic Pyramid"],"acts_visited":["Exordium","TheCity"],"potions_floor_usage":[6,13,14,16,18,22],"damage_taken":[{"damage":2,"enemies":"Jaw Worm","floor":1,"turns":3},{"damage":13,"enemies":"Small Slimes","floor":5,"turns":3},{"damage":27,"enemies":"Gremlin Nob","floor":6,"turns":6},{"damage":6,"enemies":"2 Louse","floor":7,"turns":2},{"damage":2,"enemies":"Blue Slaver","floor":8,"turns":4},{"damage":6,"enemies":"Exordium Wildlife","floor":11,"turns":3},{"damage":17,"enemies":"The Mushroom Lair","floor":13,"turns":3},{"damage":5,"enemies":"2 Fungi Beasts","floor":14,"turns":3},{"damage":65,"enemies":"The Guardian","floor":16,"turns":11},{"damage":41,"enemies":"Shell Parasite","floor":18,"turns":7},{"damage":12,"enemies":"Chosen","floor":21,"turns":4},{"damage":26,"enemies":"Snecko","floor":22,"turns":4}],"seed_played":"-1762586104482058092","potions_obtained":[{"floor":5,"key":"Block Potion"},{"floor":6,"key":"EssenceOfDarkness"},{"floor":7,"key":"AttackPotion"},{"floor":13,"key":"AttackPotion"},{"floor":16,"key":"DistilledChaos"},{"floor":21,"key":"SkillPotion"}],"is_trial":false,"path_per_floor":["M","?","?","?","M","E","M","M","T","$","M","R","?","M","R","B",null,"M","?","?","M","M"],"character_chosen":"DEFECT","items_purchased":["Sweeping Beam"],"campfire_rested":2,"item_purchase_floors":[10],"current_hp_per_floor":[73,73,58,75,62,35,29,27,27,27,21,43,26,21,43,3,75,34,34,34,22,0,0],"gold":240,"neow_bonus":"ONE_RARE_RELIC","is_daily":false,"chose_seed":false,"campfire_upgraded":0,"win_rate":0.0,"timestamp":1609675519,"path_taken":["M","?","?","?","M","E","M","?","T","$","M","R","?","M","R","BOSS","M","?","?","M","M"],"items_purchased_type":["Card"],"build_version":"2020-12-22","purchased_purges":1,"victory":false,"max_hp_per_floor":[75,75,75,75,75,75,75,75,75,75,75,75,75,75,75,75,75,75,75,75,75,75,75],"card_choices":[{"not_picked":["Beam Cell","Redo"],"picked":"Defragment","floor":1},{"not_picked":["Storm","Aggregate"],"picked":"Barrage","floor":5},{"not_picked":["Biased Cognition","Steam Power"],"picked":"Compile Driver","floor":6},{"not_picked":["Blizzard","Storm"],"picked":"Glacier","floor":7},{"not_picked":["Darkness","Rebound"],"picked":"Consume","floor":8},{"not_picked":["Aggregate","Chill"],"picked":"Sweeping Beam","floor":11},{"not_picked":["White Noise","Rebound"],"picked":"Ball Lightning","floor":13},{"not_picked":["Redo","Capacitor"],"picked":"Doom and Gloom","floor":14},{"not_picked":["Thunder Strike","Fission"],"picked":"Electrodynamics","floor":16},{"not_picked":["Stack","Sweeping Beam"],"picked":"Gash+1","floor":18},{"not_picked":["Streamline","Electrodynamics"],"picked":"Lockon+1","floor":21}],"player_experience":294919,"relics_obtained":[{"floor":6,"key":"Omamori"},{"floor":9,"key":"Pantograph"},{"floor":13,"key":"Odd Mushroom"}],"event_choices":[{"damage_healed":0,"gold_gain":0,"player_choice":"Ignored","damage_taken":0,"max_hp_gain":0,"max_hp_loss":0,"event_name":"Liars Game","floor":2,"gold_loss":0},{"damage_healed":0,"gold_gain":0,"player_choice":"Entered Light","damage_taken":15,"max_hp_gain":0,"max_hp_loss":0,"event_name":"Shining Light","floor":3,"gold_loss":0,"cards_upgraded":["Defend_B","Defend_B"]},{"damage_healed":25,"gold_gain":0,"player_choice":"Banana","damage_taken":0,"max_hp_gain":0,"max_hp_loss":0,"event_name":"Big Fish","floor":4,"gold_loss":0},{"damage_healed":0,"gold_gain":0,"player_choice":"Fought Mushrooms","damage_taken":0,"max_hp_gain":0,"max_hp_loss":0,"event_name":"Mushrooms","floor":13,"gold_loss":0},{"damage_healed":0,"gold_gain":0,"player_choice":"Simplicity","damage_taken":0,"max_hp_gain":0,"max_hp_loss":0,"event_name":"Back to Basics","floor":19,"gold_loss":0,"cards_upgraded":["Strike_B","Strike_B","Strike_B","Strike_B","Defend_B","Defend_B"]},{"damage_healed":0,"gold_gain":0,"player_choice":"Ignored","damage_taken":0,"max_hp_gain":0,"max_hp_loss":0,"event_name":"Ghosts","floor":20,"gold_loss":0}],"is_beta":false,"boss_relics":[{"not_picked":["Fusion Hammer","Coffee Dripper"],"picked":"Runic Pyramid"}],"items_purged_floors":[10],"is_endless":false,"potions_floor_spawned":[5,6,7,13,16,21],"killed_by":"Snecko","ascension_level":2}}