{"host":"6ko66ogg91i6g7xq","time":1609669418,"event":{"mods":["AchievementEnabler","Act Like it!","BaseMod","Colored Map","Colored Powertips","Downfall","Hermit","Minty Spire (QoL Compilation)","Quick Restart","Relic Stats","StSLib","The Jungle","everything is the same but u backflip on backflip"],"gold_per_floor":[114,40,40,89,89,130,154,185,235,235,235,271,315,86,86,216,216,230,180,195,211,310,354,372,65,65,65,65,65,85,104,104,233,233,254,254,313,313,61,61,104,104,104,104,120,144,165,204,204,204,204,204,5,36,36],"floor_reached":56,"playtime":3303,"items_purged":[],"score":1440,"play_id":"63f8354b-61d2-442c-85f3-3cd21ded9d02","local_time":"20210103052338","is_ascension_mode":true,"campfire_choices":[{"floor":11,"key":"REST"},{"floor":15,"key":"REST"},{"floor":27,"key":"RECALL"},{"floor":29,"key":"REST"},{"floor":32,"key":"REST"},{"data":"expansioncontent:CaCaw","floor":40,"key":"SMITH"},{"data":"Finisher","floor":42,"key":"SMITH"},{"data":"Doppelganger","floor":44,"key":"SMITH"},{"floor":49,"key":"REST"},{"data":"After Image","floor":52,"key":"SMITH"}],"circlet_count":0,"master_deck":["Strike_G","Strike_G","Strike_G","Strike_G","Strike_G","Defend_G","Defend_G","Defend_G","Defend_G","Survivor","Neutralize","Accuracy","Finisher+1","Caltrops","Blade Dance","Infinite Blades","After Image+1","Accuracy+1","Cloak And Dagger","Doppelganger+1","Blade Dance+1","Glass Knife","Blur+1","Blade Dance","Finesse","expansioncontent:CaCaw+1","Corpse Explosion","Cloak And Dagger","Adrenaline","Blade Dance","Riddle With Holes+1"],"relics":["Ring of the Snake","NeowsBlessing","Golden Idol","Orichalcum","Mercury Hourglass","Snake Skull","HornCleat","Odd Mushroom","Omamori","TwistedFunnel","Calling Bell","Happy Flower","Ninja Scroll","CaptainsWheel","Boot","Torii","Pantograph","Enchiridion","Cursed Key","Ice Cream","Mummified Hand","Lantern","Bottled Lightning","Shuriken","Toy Ornithopter"],"acts_visited":["Exordium","TheCity","TheBeyond","TheEnding"],"potions_floor_usage":[8,20,33,33,48,55,55],"damage_taken":[{"damage":0,"enemies":"Jaw Worm","floor":1,"turns":1},{"damage":0,"enemies":"Lagavulin","floor":6,"turns":1},{"damage":0,"enemies":"Small Slimes","floor":7,"turns":1},{"damage":30,"enemies":"3 Sentries","floor":8,"turns":13},{"damage":3,"enemies":"The Mushroom Lair","floor":12,"turns":4},{"damage":15,"enemies":"Lagavulin","floor":13,"turns":6},{"damage":3,"enemies":"Slime Boss","floor":16,"turns":8},{"damage":4,"enemies":"Shell Parasite","floor":18,"turns":3},{"damage":0,"enemies":"Chosen","floor":20,"turns":4},{"damage":8,"enemies":"Shelled Parasite and Fungi","floor":21,"turns":2},{"damage":7,"enemies":"Slavers","floor":23,"turns":4},{"damage":4,"enemies":"Cultist and Chosen","floor":24,"turns":3},{"damage":0,"enemies":"Chosen and Byrds","floor":30,"turns":4},{"damage":7,"enemies":"Centurion and Healer","floor":31,"turns":3},{"damage":0,"enemies":"Collector","floor":33,"turns":5},{"damage":0,"enemies":"3 Shapes","floor":35,"turns":3},{"damage":9,"enemies":"2 Orb Walkers","floor":37,"turns":4},{"damage":1,"enemies":"Reptomancer","floor":41,"turns":4},{"damage":1,"enemies":"Orb Walker","floor":45,"turns":2},{"damage":0,"enemies":"4 Shapes","floor":46,"turns":2},{"damage":0,"enemies":"3 Darklings","floor":47,"turns":1},{"damage":23,"enemies":"Nemesis","floor":48,"turns":3},{"damage":67,"enemies":"Time Eater","floor":50,"turns":8},{"damage":1,"enemies":"Shield and Spear","floor":54,"turns":3},{"damage":62,"enemies":"The Heart","floor":55,"turns":7}],"seed_played":"6776809746205637745","potions_obtained":[{"floor":6,"key":"PowerPotion"},{"floor":12,"key":"Energy Potion"},{"floor":16,"key":"Ancient Potion"},{"floor":18,"key":"SkillPotion"},{"floor":24,"key":"ColorlessPotion"},{"floor":31,"key":"SpeedPotion"},{"floor":41,"key":"CunningPotion"},{"floor":45,"key":"Energy Potion"},{"floor":48,"key":"Dexterity Potion"}],"is_trial":false,"path_per_floor":["M","$","?","T","?","E","M","E","T","?","R","?","E","$","R","B",null,"M","?","M","M","?","E","M","$","T","R","?","R","M","M","R","B",null,"M","?","?","?","$","R","E","R","T","R","M","M","M","E","R","B",null,"R","$","E","B",null],"character_chosen":"THE_SILENT","items_purchased":["Accuracy","TwistedFunnel","Infinite Blades","Torii","Mummified Hand","Adrenaline","Blade Dance"],"campfire_rested":5,"item_purchase_floors":[2,14,14,25,39,53,53],"current_hp_per_floor":[70,70,53,53,53,53,53,23,23,20,41,38,23,23,44,41,70,66,66,66,58,58,51,47,47,47,47,31,52,52,45,66,70,70,70,70,61,51,51,51,50,50,50,50,49,49,49,26,47,3,70,70,70,69,14],"gold":36,"neow_bonus":"THREE_ENEMY_KILL","is_daily":false,"chose_seed":false,"campfire_upgraded":4,"win_rate":0.0,"timestamp":1609669418,"path_taken":["M","$","?","?","?","E","?","E","T","?","R","?","E","$","R","BOSS","M","?","?","M","?","E","M","$","T","R","?","R","M","M","R","BOSS","M","?","?","?","$","R","E","R","T","R","M","M","M","E","R","BOSS","R","$","E","BOSS"],"items_purchased_type":["Card","Relic","Card","Relic","Relic","Card","Card"],"build_version":"2020-12-22","purchased_purges":0,"victory":true,"max_hp_per_floor":[70,70,70,70,70,70,70,70,70,70,70,70,70,70,70,70,70,70,70,70,70,70,70,70,70,70,70,70,70,70,70,70,70,70,70,70,70,70,70,70,70,70,70,70,70,70,70,70,70,70,70,70,70,70,70],"relic_stats":{"Happy Flower":[21],"Torii":45,"counters":[25,95],"Golden Idol":219,"Snake Skull":[60],"Orichalcum":[144],"Boot":[69],"Cursed Key":1,"Mercury Hourglass":[335],"Mummified Hand":[36],"Shuriken":[25],"Pantograph":28,"obtain_stats":[{"TwistedFunnel":14,"Ice Cream":37,"Lantern":41,"Torii":25,"Enchiridion":28,"Snake Skull":9,"Boot":23,"Cursed Key":34,"HornCleat":10,"Ninja Scroll":17,"Mummified Hand":39,"Pantograph":26,"Ring of the Snake":0,"NeowsBlessing":0,"Happy Flower":17,"Golden Idol":3,"Omamori":13,"Orichalcum":6,"Odd Mushroom":12,"Mercury Hourglass":8,"Calling Bell":17,"CaptainsWheel":17,"Shuriken":48,"Bottled Lightning":43,"Toy Ornithopter":54},{"TwistedFunnel":6,"Ice Cream":17,"Lantern":18,"Torii":12,"Enchiridion":12,"Snake Skull":4,"Boot":11,"Cursed Key":15,"HornCleat":4,"Ninja Scroll":7,"Mummified Hand":17,"Pantograph":12,"Ring of the Snake":0,"NeowsBlessing":0,"Happy Flower":7,"Golden Idol":1,"Omamori":6,"Orichalcum":2,"Odd Mushroom":5,"Mercury Hourglass":4,"Calling Bell":7,"CaptainsWheel":7,"Shuriken":22,"Bottled Lightning":18,"Toy Ornithopter":24},{"TwistedFunnel":25,"Ice Cream":65,"Lantern":69,"Torii":47,"Enchiridion":47,"Snake Skull":16,"Boot":44,"Cursed Key":59,"HornCleat":16,"Ninja Scroll":32,"Mummified Hand":65,"Pantograph":47,"Ring of the Snake":0,"NeowsBlessing":0,"Happy Flower":32,"Golden Idol":1,"Omamori":25,"Orichalcum":2,"Odd Mushroom":19,"Mercury Hourglass":16,"Calling Bell":32,"CaptainsWheel":32,"Shuriken":77,"Bottled Lightning":69,"Toy Ornithopter":88}],"Toy Ornithopter":6,"Ring of the Snake":[37]},"card_choices":[{"not_picked":["Slice","Heel Hook","Outmaneuver"],"picked":"SKIP","floor":1},{"not_picked":["Prepared","Quick Slash"],"picked":"Finisher","floor":6},{"not_picked":["Bane","Endless Agony","Prepared"],"picked":"SKIP","floor":7},{"not_picked":["Concentrate","Dash"],"picked":"Caltrops","floor":8},{"not_picked":["Underhanded Strike","Acrobatics"],"picked":"Blade Dance","floor":12},{"not_picked":["PiercingWail","Dodge and Roll","Escape Plan"],"picked":"SKIP","floor":13},{"not_picked":["Burst","Night Terror"],"picked":"After Image","floor":16},{"not_picked":["Predator","Slice"],"picked":"Accuracy+1","floor":18},{"not_picked":["Endless Agony","Deflect+1"],"picked":"Cloak And Dagger","floor":20},{"not_picked":["Poisoned Stab","Dagger Throw","Envenom"],"picked":"SKIP","floor":21},{"not_picked":["Bouncing Flask","Poisoned Stab","Dash"],"picked":"SKIP","floor":23},{"not_picked":["Flying Knee","Sucker Punch"],"picked":"Doppelganger","floor":24},{"not_picked":["Reflex","PiercingWail","Distraction"],"picked":"SKIP","floor":30},{"not_picked":["Dagger Spray","PiercingWail"],"picked":"Blade Dance+1","floor":31},{"not_picked":["Unload","Tools of the Trade"],"picked":"Glass Knife","floor":33},{"not_picked":["Deadly Poison+1","Noxious Fumes+1"],"picked":"Blur+1","floor":35},{"not_picked":["Prepared+1","Quick Slash+1"],"picked":"Blade Dance","floor":37},{"not_picked":["PanicButton","expansioncontent:CaCaw"],"picked":"Finesse","floor":38},{"not_picked":["Mayhem","Deep Breath"],"picked":"expansioncontent:CaCaw","floor":38},{"not_picked":["Caltrops","Prepared"],"picked":"Corpse Explosion","floor":41},{"not_picked":["Well Laid Plans+1","Deadly Poison","Flechettes"],"picked":"SKIP","floor":45},{"not_picked":["Predator+1","Crippling Poison+1","Dagger Throw"],"picked":"SKIP","floor":46},{"not_picked":["Deflect+1","Dodge and Roll+1","Bane"],"picked":"SKIP","floor":47},{"not_picked":["Poisoned Stab","Flying Knee"],"picked":"Cloak And Dagger","floor":48},{"not_picked":["Acrobatics","Quick Slash+1"],"picked":"Riddle With Holes+1","floor":54}],"player_experience":245605,"relics_obtained":[{"floor":6,"key":"Orichalcum"},{"floor":8,"key":"Mercury Hourglass"},{"floor":9,"key":"Snake Skull"},{"floor":12,"key":"Odd Mushroom"},{"floor":13,"key":"Omamori"},{"floor":17,"key":"Happy Flower"},{"floor":17,"key":"Ninja Scroll"},{"floor":17,"key":"CaptainsWheel"},{"floor":23,"key":"Boot"},{"floor":26,"key":"Pantograph"},{"floor":28,"key":"Enchiridion"},{"floor":37,"key":"Ice Cream"},{"floor":41,"key":"Lantern"},{"floor":43,"key":"Bottled Lightning"},{"floor":48,"key":"Shuriken"},{"floor":54,"key":"Toy Ornithopter"}],"event_choices":[{"damage_healed":0,"gold_gain":0,"player_choice":"Take Damage","damage_taken":17,"relics_obtained":["Golden Idol"],"max_hp_gain":0,"max_hp_loss":0,"event_name":"Golden Idol","floor":3,"gold_loss":0},{"damage_healed":0,"gold_gain":0,"player_choice":"Ignored","damage_taken":0,"max_hp_gain":0,"max_hp_loss":0,"event_name":"Golden Wing","floor":5,"gold_loss":0},{"damage_healed":0,"gold_gain":0,"player_choice":"Success","damage_taken":3,"relics_obtained":["HornCleat"],"max_hp_gain":0,"max_hp_loss":0,"event_name":"Scrap Ooze","floor":10,"gold_loss":0},{"damage_healed":0,"gold_gain":0,"player_choice":"Fought Mushrooms","damage_taken":0,"max_hp_gain":0,"max_hp_loss":0,"event_name":"Mushrooms","floor":12,"gold_loss":0},{"damage_healed":0,"gold_gain":0,"player_choice":"Bet on Murderer","damage_taken":0,"max_hp_gain":0,"max_hp_loss":0,"event_name":"The Joust","floor":19,"gold_loss":50},{"damage_healed":0,"gold_gain":99,"player_choice":"Stole From Cult","damage_taken":0,"max_hp_gain":0,"max_hp_loss":0,"event_name":"Nest","floor":22,"gold_loss":0},{"damage_healed":0,"gold_gain":0,"player_choice":"Obtained Book","damage_taken":16,"max_hp_gain":0,"max_hp_loss":0,"event_name":"Cursed Tome","floor":28,"gold_loss":0},{"cards_removed":["Defend_G"],"damage_healed":0,"gold_gain":0,"player_choice":"Removed Skill","damage_taken":0,"max_hp_gain":0,"max_hp_loss":0,"event_name":"Falling","floor":36,"gold_loss":0},{"damage_healed":0,"gold_gain":0,"player_choice":"Fight","damage_taken":0,"max_hp_gain":0,"max_hp_loss":0,"event_name":"Mysterious Sphere","floor":37,"gold_loss":0},{"damage_healed":0,"gold_gain":0,"player_choice":"Memory 3","damage_taken":10,"max_hp_gain":0,"max_hp_loss":0,"event_name":"SensoryStone","floor":38,"gold_loss":0}],"is_beta":false,"boss_relics":[{"not_picked":["Ectoplasm","Ring of the Serpent"],"picked":"Calling Bell"},{"not_picked":["Black Star","Coffee Dripper"],"picked":"Cursed Key"}],"items_purged_floors":[],"is_endless":false,"potions_floor_spawned":[6,12,16,18,24,31,41,45,48],"ascension_level":1}}