{"host":"w4b7hmige5bnqipq","time":1609636289,"event":{"mods":["2.2 Compatiblity","BaseMod","Colored Map","DeckTracker","Keyboard Shortcuts","Minty Spire (QoL Compilation)","Permanent Neow","Rare Cards Sparkle","SuperFastMode","everything is the same but u backflip on backflip","slay the spire mod where everything is the same but ironclad has a cowboy hat"],"gold_per_floor":[114,114,131,56,68,68,101,112,136,101,1,1,31,31,31,105,105,76,76,76,86,1,1,1,1],"floor_reached":24,"playtime":561,"items_purged":["Strike_R","Strike_R"],"score":404,"play_id":"941e6d68-6985-4195-906b-36c091d52d1d","local_time":"20210103101129","is_ascension_mode":true,"campfire_choices":[{"data":"Uppercut","floor":6.0,"key":"SMITH"},{"data":"Demon Form","floor":15,"key":"SMITH"},{"data":"Limit Break","floor":23,"key":"SMITH"}],"circlet_count":0,"master_deck":["AscendersBane","Strike_R","Strike_R","Defend_R","Defend_R","Defend_R","Bash","Demon Form+1","Seeing Red+1","Ghostly Armor","Uppercut+1","Limit Break+1","Feel No Pain","Disarm","Battle Trance"],"relics":["Burning Blood","MealTicket","Lantern","Art of War","Snecko Eye","Anchor"],"acts_visited":["Exordium","TheCity"],"potions_floor_usage":[7,13,24],"damage_taken":[{"damage":23.0,"enemies":"2 Louse","floor":1.0,"turns":4.0},{"damage":7.0,"enemies":"Cultist","floor":3.0,"turns":4.0},{"damage":5.0,"enemies":"Small Slimes","floor":5.0,"turns":5.0},{"damage":37,"enemies":"3 Sentries","floor":7,"turns":10},{"damage":6,"enemies":"2 Fungi Beasts","floor":8,"turns":5},{"damage":3,"enemies":"Lagavulin","floor":13,"turns":5},{"damage":29,"enemies":"The Guardian","floor":16,"turns":10},{"damage":34,"enemies":"2 Thieves","floor":18,"turns":4},{"damage":8,"enemies":"Chosen","floor":21,"turns":5},{"damage":49,"enemies":"Gremlin Leader","floor":24,"turns":2}],"seed_played":"5487419849861253253","potions_obtained":[{"floor":1.0,"key":"DuplicationPotion"},{"floor":3.0,"key":"AttackPotion"},{"floor":5.0,"key":"FearPotion"},{"floor":21,"key":"Regen Potion"}],"is_trial":false,"path_per_floor":["M","?","M","$","M","R","E","M","T","?","$","?","E","?","R","B",null,"M","?","?","M","?","R","E"],"character_chosen":"IRONCLAD","items_purchased":[],"campfire_rested":0,"item_purchase_floors":[],"current_hp_per_floor":[51,51,50,50,51,51,20,20,20,38,53,53,56,56,56,33,65,37,37,37,35,35,35,0,0],"gold":1,"neow_bonus":"ONE_RANDOM_RARE_CARD","is_daily":false,"chose_seed":false,"campfire_upgraded":3,"win_rate":0.0,"timestamp":1609636289,"path_taken":["M","?","M","$","?","R","E","M","T","?","$","?","E","?","R","BOSS","M","?","?","?","?","R","E"],"items_purchased_type":[],"build_version":"2020-12-22","purchased_purges":2,"victory":false,"max_hp_per_floor":[75,75,75,75,75,75,75,75,75,75,75,75,75,75,75,75,75,75,75,75,75,75,75,75,75],"card_choices":[{"not_picked":["Havoc","True Grit"],"picked":"Seeing Red","floor":1.0},{"not_picked":["Heavy Blade","Rupture"],"picked":"Ghostly Armor","floor":3.0},{"not_picked":["Armaments","Clash"],"picked":"Uppercut","floor":5.0},{"not_picked":["Twin Strike","Perfected Strike"],"picked":"Limit Break","floor":7},{"not_picked":["Warcry","Rage"],"picked":"Feel No Pain","floor":8},{"not_picked":["Iron Wave","Clash","Fire Breathing"],"picked":"SKIP","floor":13},{"not_picked":["Thunderclap","Blood for Blood","Rage+1"],"picked":"SKIP","floor":18},{"not_picked":["True Grit","Ghostly Armor"],"picked":"Battle Trance","floor":21}],"player_experience":456411,"relics_obtained":[{"floor":7,"key":"MealTicket"},{"floor":9,"key":"Lantern"},{"floor":13,"key":"Art of War"}],"event_choices":[{"damage_healed":0.0,"max_hp_gain":0.0,"max_hp_loss":0.0,"gold_gain":0.0,"event_name":"Accursed Blacksmith","player_choice":"Forge","floor":2.0,"gold_loss":0.0,"damage_taken":0.0,"cards_upgraded":["Seeing Red"]},{"damage_healed":18,"gold_gain":0,"player_choice":"Healed","damage_taken":0,"max_hp_gain":0,"max_hp_loss":0,"event_name":"The Cleric","floor":10,"gold_loss":35},{"damage_healed":0,"gold_gain":0,"cards_transformed":["Strike_R"],"player_choice":"Change","damage_taken":0,"max_hp_gain":0,"max_hp_loss":0,"event_name":"Living Wall","floor":12,"gold_loss":0,"cards_obtained":["Disarm"]},{"damage_healed":0,"gold_gain":0,"player_choice":"Ignored","damage_taken":0,"max_hp_gain":0,"max_hp_loss":0,"event_name":"Liars Game","floor":14,"gold_loss":0},{"damage_healed":0,"gold_gain":0,"player_choice":"Ignored","damage_taken":0,"max_hp_gain":0,"max_hp_loss":0,"event_name":"Vampires","floor":19,"gold_loss":0},{"cards_removed":["Defend_R"],"damage_healed":0,"gold_gain":0,"player_choice":"Purged","damage_taken":0,"max_hp_gain":0,"max_hp_loss":0,"event_name":"Purifier","floor":20,"gold_loss":0},{"damage_healed":0,"gold_gain":0,"player_choice":"Obtained Relic","damage_taken":0,"relics_obtained":["Anchor"],"max_hp_gain":0,"max_hp_loss":0,"event_name":"Addict","floor":22,"gold_loss":85}],"is_beta":false,"boss_relics":[{"not_picked":["Astrolabe","Busted Crown"],"picked":"Snecko Eye"}],"items_purged_floors":[4,11],"is_endless":false,"potions_floor_spawned":[1,3,5,21],"killed_by":"Gremlin Leader","ascension_level":20}}