{"host":"9616p6fq555p3lhn","time":1609659408,"event":{"mods":["BaseMod","Koishi","Lobotomy","Luminous","Marisa£®ÏF”Í°°ƒß¿Ì…≥£©","Minty Spire (QoL Compilation)","Reimu£®≤©¿ˆ¡È√Œ£©","Replay The Spire","StSLib","The Administrix","The Bug Knight","The Servant 0.9.4","Waifu the Spire","Yakumo Yukari mod","Youmu£®ªÍ∆«—˝√Œ£©","Yuyuko","vexMod","°æ“≈ŒÔø®≈∆°øREMEMod"],"gold_per_floor":[118,148,213,213,213,257,268,268,268,268,298,310,310,344,344,459,459,493,106,138,172,172,172,172,172],"floor_reached":24,"playtime":1169,"items_purged":["Regret"],"score":250,"play_id":"f22a5d90-3a8e-4125-9ac7-c810675ba6d4","local_time":"20210103153648","is_ascension_mode":false,"campfire_choices":[{"floor":8,"key":"REST"},{"floor":10,"key":"REST"},{"floor":13,"key":"REST"},{"data":"BlazeAway","floor":15,"key":"SMITH"},{"floor":23,"key":"DIG"}],"circlet_count":0,"master_deck":["Strike_MRS","Strike_MRS","Strike_MRS","Strike_MRS","Defend_MRS","Defend_MRS","Defend_MRS","Defend_MRS","MasterSpark","UpSweep","SuperNova","WitchOfGreed","BlazeAway+1","WitchLeyline","SporeBomb","PowerUp","LuminesStrike","AsteroidBelt","EscapeVelocity","FairyDestructionRay+1","BlazingStar"],"relics":["MiniHakkero","REME_ComplimentaryCards","Omamori","AmplifyWand","vexMod:FocusSash","vexMod:BigBerry","Replay:Multitool","Nloth\u0027s Gift","Oddly Smooth Stone"],"acts_visited":["Exordium","TheCity"],"potions_floor_usage":[3,6,6,7,11,16,18,21,24,24],"damage_taken":[{"damage":8,"enemies":"Small Slimes","floor":1,"turns":4},{"damage":8,"enemies":"2 Louse","floor":2,"turns":3},{"damage":13,"enemies":"Cultist","floor":3,"turns":4},{"damage":29,"enemies":"Gremlin Nob","floor":6,"turns":4},{"damage":15,"enemies":"Exordium Thugs","floor":7,"turns":2},{"damage":1,"enemies":"Gremlin Gang","floor":11,"turns":3},{"damage":0,"enemies":"2 Fungi Beasts","floor":12,"turns":2},{"damage":0,"enemies":"Large Slime","floor":14,"turns":2},{"damage":35,"enemies":"The Guardian","floor":16,"turns":9},{"damage":18,"enemies":"2 Thieves","floor":18,"turns":2},{"damage":27,"enemies":"Shell Parasite","floor":20,"turns":5},{"damage":24,"enemies":"3 Cultists","floor":21,"turns":5},{"damage":2,"enemies":"Slavers","floor":24,"turns":3}],"seed_played":"2438539013124553403","potions_obtained":[{"floor":2,"key":"Swift Potion"},{"floor":2,"key":"REME_GoldPotion"},{"floor":3,"key":"Adrenaline Potion"},{"floor":6,"key":"Death Potion"},{"floor":7,"key":"Energy Potion"},{"floor":11,"key":"PowerPotion"},{"floor":14,"key":"FairyPotion"},{"floor":14,"key":"Fire Potion"},{"floor":16,"key":"Cursed Concoction"},{"floor":16,"key":"Death Potion"},{"floor":18,"key":"Dexterity Potion"},{"floor":21,"key":"LiquidMemories"}],"is_trial":false,"path_per_floor":["M","M","M","?","?","E","M","R","T","R","M","M","R","M","R","B",null,"M","$","M","M","?","R","E"],"character_chosen":"MARISA","items_purchased":["Replay:Multitool"],"campfire_rested":3,"item_purchase_floors":[19],"current_hp_per_floor":[67,59,46,53,46,17,2,24,24,46,45,45,67,67,67,32,105,87,87,60,36,36,36,34,34],"gold":172,"neow_bonus":"RANDOM_EVENT","is_daily":false,"chose_seed":false,"campfire_upgraded":1,"win_rate":0.0,"timestamp":1609659408,"path_taken":["M","M","M","?","?","E","M","R","T","R","M","M","R","M","R","BOSS","M","$","M","M","?","R","E"],"items_purchased_type":["Relic"],"build_version":"2020-12-22","purchased_purges":1,"victory":false,"max_hp_per_floor":[75,75,75,75,75,75,75,75,75,75,75,75,75,75,75,75,105,105,105,105,105,105,105,105,105],"card_choices":[{"not_picked":["Orbital","6A"],"picked":"WitchOfGreed","floor":1},{"not_picked":["6A","MysteriousBeam"],"picked":"BlazeAway","floor":2},{"not_picked":["SporeBomb","Acceleration"],"picked":"WitchLeyline","floor":3},{"not_picked":["AbsoluteMagnitude","DoubleSpark","DarkMatter"],"picked":"SKIP","floor":6},{"not_picked":["DoubleSpark","GalacticHalo"],"picked":"SporeBomb","floor":7},{"not_picked":["6A","DragonMeteor"],"picked":"PowerUp","floor":11},{"not_picked":["NonDirectionalLaser","SuperPerseids"],"picked":"LuminesStrike","floor":12},{"not_picked":["DeepEcoloBomb","MagicAbsorber"],"picked":"AsteroidBelt","floor":14},{"not_picked":["SuperNova","AbsoluteMagnitude"],"picked":"EscapeVelocity","floor":16},{"not_picked":["Singularity","DarkMatter","MilkyWay+1"],"picked":"SKIP","floor":18},{"not_picked":["IllusionStar","WitchOfGreed"],"picked":"FairyDestructionRay+1","floor":20},{"not_picked":["EnergyRecoil","DoubleSpark+1"],"picked":"BlazingStar","floor":21}],"player_experience":37720,"relics_obtained":[{"floor":6,"key":"Ancient Tea Set"},{"floor":9,"key":"vexMod:FocusSash"},{"floor":23,"key":"Oddly Smooth Stone"}],"event_choices":[{"damage_healed":0,"gold_gain":0,"player_choice":"Box","damage_taken":0,"relics_obtained":["Omamori"],"max_hp_gain":0,"max_hp_loss":0,"event_name":"Big Fish","floor":0,"gold_loss":0,"cards_obtained":["Regret"]},{"damage_healed":0,"gold_gain":0,"player_choice":"Success","damage_taken":7,"relics_obtained":["AmplifyWand"],"max_hp_gain":0,"max_hp_loss":0,"event_name":"Scrap Ooze","floor":5,"gold_loss":0},{"damage_healed":0,"gold_gain":0,"player_choice":"Traded Relic","damage_taken":0,"relics_obtained":["Nloth\u0027s Gift"],"max_hp_gain":0,"max_hp_loss":0,"event_name":"N\u0027loth","floor":22,"relics_lost":["Ancient Tea Set"],"gold_loss":0}],"is_beta":false,"boss_relics":[{"not_picked":["REME_DemonsWealth","Runic Pyramid"],"picked":"vexMod:BigBerry"}],"items_purged_floors":[19],"is_endless":false,"potions_floor_spawned":[2,7,14,16,21],"killed_by":"Slavers","ascension_level":0}}