{"host":"armnliea5o2aqs4b","time":1609673013,"event":{"mods":["BaseMod","Hubris","Infinite Spire","Minty Spire (QoL Compilation)","Quick Restart","StSLib"],"gold_per_floor":[116,129,129,129,129,161,161,189,266,283,303,319,319,339,339,437,437,455,455,455,465,484,484,484,484,484,484,495,594,594,612,612,714,714,726,726,776,686,704,734,746,790,802,814,826,838,0,24,36,48],"floor_reached":51,"playtime":1970,"items_purged":[],"score":1020,"play_id":"eafe8d73-88c6-453c-918f-852a8d804d3d","local_time":"20210103222333","is_ascension_mode":true,"campfire_choices":[{"data":"Rage","floor":15,"key":"SMITH"},{"data":"infinitespire:SevenWalls","floor":23,"key":"SMITH"},{"data":"Impervious","floor":25,"key":"SMITH"},{"data":"Body Slam","floor":27,"key":"SMITH"},{"data":"Disarm","floor":32,"key":"SMITH"},{"data":"Bash","floor":41,"key":"SMITH"},{"floor":44,"key":"REST"},{"floor":49,"key":"REST"}],"circlet_count":0,"master_deck":["Strike_R+1","Strike_R+1","Strike_R+1","Defend_R+1","Defend_R+1","Defend_R+1","Defend_R+1","Bash+1","Seeing Red+1","Flame Barrier+1","Disarm+1","Rage+1","Body Slam+1","Cleave+1","Impervious+1","infinitespire:SevenWalls+1"],"relics":["Burning Blood","NeowsBlessing","hubris:Icosahedron","Lantern","infinitespire:CursedDice","Matryoshka","Black Star","Nilry\u0027s Codex","hubris:ToyBattleship","Oddly Smooth Stone","Ancient Tea Set","hubris:TerracottaHorce","infinitespire:Magic Flask","Meat on the Bone","MawBank","Bottled Lightning","hubris:DisguiseKit","Nunchaku","Pear","Strawberry","Red Mask"],"acts_visited":["Exordium","TheCity","TheBeyond"],"potions_floor_usage":[8,16,16,16,28,33,40,50],"damage_taken":[{"damage":0.0,"enemies":"2 Louse","floor":1.0,"turns":1.0},{"damage":0.0,"enemies":"Jaw Worm","floor":2.0,"turns":1.0},{"damage":0.0,"enemies":"Gremlin Nob","floor":6.0,"turns":1.0},{"damage":45,"enemies":"Lagavulin","floor":8,"turns":10},{"damage":0,"enemies":"Small Slimes","floor":10,"turns":3},{"damage":6,"enemies":"Exordium Thugs","floor":11,"turns":5},{"damage":13,"enemies":"Blue Slaver","floor":12,"turns":4},{"damage":0,"enemies":"Looter","floor":14,"turns":3},{"damage":55,"enemies":"Hexaghost","floor":16,"turns":12},{"damage":38,"enemies":"3 Byrds","floor":18,"turns":7},{"damage":13,"enemies":"Spheric Guardian","floor":21,"turns":8},{"damage":0,"enemies":"Snake Plant","floor":22,"turns":4},{"damage":0,"enemies":"Centurion and Healer","floor":28,"turns":4},{"damage":0,"enemies":"Shelled Parasite and Fungi","floor":31,"turns":4},{"damage":45,"enemies":"Automaton","floor":33,"turns":11},{"damage":15,"enemies":"3 Shapes","floor":35,"turns":6},{"damage":0,"enemies":"Mind Bloom Boss Battle","floor":37,"turns":10},{"damage":0,"enemies":"Orb Walker","floor":39,"turns":3},{"damage":0,"enemies":"Nemesis","floor":40,"turns":9},{"damage":60,"enemies":"Giant Head","floor":42,"turns":12},{"damage":25,"enemies":"Sphere and 2 Shapes","floor":48,"turns":4},{"damage":16,"enemies":"Donu and Deca","floor":50,"turns":10}],"seed_played":"-2426990690485879852","potions_obtained":[{"floor":1.0,"key":"Ancient Potion"},{"floor":8,"key":"Explosive Potion"},{"floor":11,"key":"BlessingOfTheForge"},{"floor":12,"key":"SkillPotion"},{"floor":21,"key":"AttackPotion"},{"floor":31,"key":"AttackPotion"},{"floor":33,"key":"GamblersBrew"},{"floor":35,"key":"FairyPotion"},{"floor":48,"key":"DuplicationPotion"}],"is_trial":false,"path_per_floor":["M","M","?","$","?","E","?","E","T","M","M","M","?","M","R","B",null,"M","?","?","M","M","R","?","R","T","R","M","?","AVR","M","R","B",null,"M","?","?","?","M","E","R","E","T","R","T","?","?","M","R","B",null],"character_chosen":"IRONCLAD","items_purchased":[],"campfire_rested":2,"item_purchase_floors":[],"current_hp_per_floor":[80,80,64,64,64,70,70,31,31,37,37,30,56,62,62,13,80,48,28,12,35,41,41,41,41,41,41,47,47,47,53,53,14,64,55,55,61,61,67,73,73,31,41,68,75,75,75,56,85,75],"gold":60,"neow_bonus":"THREE_ENEMY_KILL","is_daily":false,"chose_seed":false,"campfire_upgraded":6,"win_rate":0.0,"timestamp":1609673013,"path_taken":["M","M","?","$","?","E","?","E","T","M","M","?","?","M","R","BOSS","M","?","?","M","M","R","?","R","T","R","M","?","AVR","M","R","BOSS","M","?","?","?","?","E","R","E","T","R","?","?","?","M","R","BOSS"],"items_purchased_type":[],"build_version":"2020-12-22","purchased_purges":0,"victory":true,"max_hp_per_floor":[80,80,80,80,80,80,80,80,80,80,80,80,80,80,80,80,80,80,80,80,80,80,80,80,80,80,80,80,80,80,80,80,80,80,80,80,80,80,80,80,80,80,90,90,97,97,97,97,97,97],"card_choices":[{"not_picked":["Heavy Blade","Rampage"],"picked":"Seeing Red","floor":1.0},{"not_picked":["Twin Strike","Sword Boomerang"],"picked":"Flame Barrier","floor":2.0},{"not_picked":["Clothesline","Wild Strike","Fire Breathing"],"picked":"SKIP","floor":6.0},{"not_picked":["Perfected Strike","Armaments"],"picked":"Disarm","floor":8},{"not_picked":["Pommel Strike","Headbutt"],"picked":"Rage","floor":10},{"not_picked":["Clothesline","Shockwave"],"picked":"Body Slam","floor":11},{"not_picked":["hubris:CleavingFinish","Pommel Strike","Iron Wave"],"picked":"SKIP","floor":12},{"not_picked":["hubris:CleavingFinish","Shockwave"],"picked":"Cleave","floor":14},{"not_picked":["Exhume","Limit Break"],"picked":"Impervious","floor":16},{"not_picked":["Body Slam","Intimidate","Rampage"],"picked":"SKIP","floor":18},{"not_picked":["infinitespire:NeuralNetwork","infinitespire:Execution"],"picked":"infinitespire:SevenWalls","floor":19},{"not_picked":["Pommel Strike","Hemokinesis","infinitespire:OneForAll+1"],"picked":"SKIP","floor":21},{"not_picked":["Havoc","hubris:ReadiedAction","Iron Wave"],"picked":"SKIP","floor":22},{"not_picked":["Berserk","Dropkick","Sword Boomerang"],"picked":"SKIP","floor":28},{"not_picked":["Dropkick","hubris:ReadiedAction+1","Metallicize+1"],"picked":"SKIP","floor":31},{"not_picked":["Body Slam+1","hubris:ReadiedAction+1","Burning Pact+1"],"picked":"SKIP","floor":35},{"not_picked":["Havoc+1","Limit Break","Flex+1"],"picked":"SKIP","floor":39},{"not_picked":["Immolate","Body Slam","Uppercut+1"],"picked":"SKIP","floor":40},{"not_picked":["Body Slam","Clash+1","Pommel Strike"],"picked":"SKIP","floor":42},{"not_picked":["Heavy Blade","Clothesline","Sentinel","Compile Driver"],"picked":"SKIP","floor":48}],"player_experience":148246,"relics_obtained":[{"floor":6.0,"key":"Lantern"},{"floor":8,"key":"infinitespire:CursedDice"},{"floor":9,"key":"Matryoshka"},{"floor":20,"key":"Nilry\u0027s Codex"},{"floor":26,"key":"hubris:ToyBattleship"},{"floor":26,"key":"Oddly Smooth Stone"},{"floor":37,"key":"infinitespire:Magic Flask"},{"floor":40,"key":"Meat on the Bone"},{"floor":40,"key":"MawBank"},{"floor":42,"key":"Bottled Lightning"},{"floor":42,"key":"hubris:DisguiseKit"},{"floor":43,"key":"Nunchaku"},{"floor":43,"key":"Pear"},{"floor":45,"key":"Strawberry"}],"event_choices":[{"damage_healed":0.0,"max_hp_gain":0.0,"max_hp_loss":0.0,"gold_gain":0.0,"event_name":"Shining Light","player_choice":"Entered Light","floor":3.0,"gold_loss":0.0,"damage_taken":16.0,"cards_upgraded":["Defend_R","Flame Barrier"]},{"damage_healed":0.0,"max_hp_gain":0.0,"max_hp_loss":0.0,"gold_gain":0.0,"event_name":"Accursed Blacksmith","player_choice":"Forge","floor":7.0,"gold_loss":0.0,"damage_taken":0.0,"cards_upgraded":["Seeing Red"]},{"damage_healed":26,"gold_gain":0,"player_choice":"Banana","damage_taken":0,"max_hp_gain":0,"max_hp_loss":0,"event_name":"Big Fish","floor":13,"gold_loss":0},{"damage_healed":0,"gold_gain":0,"player_choice":"Obtained Book","damage_taken":16,"max_hp_gain":0,"max_hp_loss":0,"event_name":"Cursed Tome","floor":20,"gold_loss":0},{"damage_healed":0,"gold_gain":0,"player_choice":"Simplicity","damage_taken":0,"max_hp_gain":0,"max_hp_loss":0,"event_name":"Back to Basics","floor":24,"gold_loss":0,"cards_upgraded":["Strike_R","Strike_R","Strike_R","Strike_R","Strike_R","Defend_R","Defend_R","Defend_R"]},{"damage_healed":0,"gold_gain":99,"player_choice":"Stole From Cult","damage_taken":0,"max_hp_gain":0,"max_hp_loss":0,"event_name":"Nest","floor":29,"gold_loss":0},{"cards_removed":["Strike_R"],"damage_healed":0,"gold_gain":0,"player_choice":"Removed Attack","damage_taken":0,"max_hp_gain":0,"max_hp_loss":0,"event_name":"Falling","floor":36,"gold_loss":0},{"damage_healed":0,"gold_gain":0,"player_choice":"Fight","damage_taken":0,"max_hp_gain":0,"max_hp_loss":0,"event_name":"MindBloom","floor":37,"gold_loss":0},{"cards_removed":["Strike_R"],"damage_healed":0,"gold_gain":0,"player_choice":"Upgrade and Remove","damage_taken":0,"max_hp_gain":0,"max_hp_loss":0,"event_name":"Designer","floor":38,"gold_loss":90,"cards_upgraded":["Cleave"]},{"damage_healed":0,"gold_gain":0,"player_choice":"Paid","damage_taken":0,"relics_obtained":["Red Mask"],"max_hp_gain":0,"max_hp_loss":0,"event_name":"Tomb of Lord Red Mask","floor":47,"gold_loss":850}],"is_beta":false,"boss_relics":[{"not_picked":["Cursed Key","Calling Bell"],"picked":"Black Star"},{"not_picked":["Mark of Pain","hubris:ScarierMask"],"picked":"hubris:TerracottaHorce"}],"items_purged_floors":[],"is_endless":false,"potions_floor_spawned":[1,8,11,12,21,31,33,35,48],"ascension_level":3}}