{"host":"qekv59dthhdg54sz","time":1609656153,"event":{"mods":["AchievementEnabler","BaseMod","Colored Map","DeckTracker","KOR Keyword Fix","Minty Spire (QoL Compilation)","Rare Cards Sparkle","StSLib","SuperFastMode"],"gold_per_floor":[111,36,36,48,67,67,80,80,80,92,92,127,143,224,224,224,224],"floor_reached":16,"playtime":370,"items_purged":[],"score":204,"play_id":"09f2991f-4bc8-404e-a2fc-1ce6de5be283","local_time":"20210103154233","is_ascension_mode":true,"campfire_choices":[{"data":"Prepared","floor":6.0,"key":"SMITH"},{"data":"Neutralize","floor":8.0,"key":"SMITH"},{"data":"Acrobatics","floor":11.0,"key":"SMITH"},{"data":"Poisoned Stab","floor":15.0,"key":"SMITH"}],"circlet_count":0,"master_deck":["AscendersBane","Strike_G","Strike_G","Strike_G","Defend_G","Defend_G","Defend_G","Survivor","Neutralize+1","Prepared+1","Acrobatics+1","Masterful Stab","Footwork","Poisoned Stab+1"],"relics":["Ring of the Snake","Pantograph","White Beast Statue","Darkstone Periapt"],"acts_visited":["Exordium"],"potions_floor_usage":[],"damage_taken":[{"damage":3.0,"enemies":"2 Louse","floor":1.0,"turns":5.0},{"damage":1.0,"enemies":"Jaw Worm","floor":4.0,"turns":4.0},{"damage":3.0,"enemies":"Cultist","floor":5.0,"turns":5.0},{"damage":0.0,"enemies":"Blue Slaver","floor":7.0,"turns":4.0},{"damage":0.0,"enemies":"Red Slaver","floor":10.0,"turns":3.0},{"damage":20.0,"enemies":"Gremlin Nob","floor":12.0,"turns":4.0},{"damage":0.0,"enemies":"Looter","floor":13.0,"turns":3.0},{"damage":56,"enemies":"Hexaghost","floor":16,"turns":14}],"seed_played":"-6322068837356716785","potions_obtained":[{"floor":1.0,"key":"SmokeBomb"},{"floor":4.0,"key":"DuplicationPotion"},{"floor":12.0,"key":"FairyPotion"}],"is_trial":false,"path_per_floor":["M","?","?","M","M","R","M","R","T","M","R","E","M","T","R","B"],"character_chosen":"THE_SILENT","items_purchased":[],"campfire_rested":0,"item_purchase_floors":[],"current_hp_per_floor":[41,41,34,33,30,30,30,30,30,30,30,10,10,10,10,0,0],"gold":224,"neow_bonus":"REMOVE_TWO","is_daily":false,"chose_seed":false,"campfire_upgraded":4,"win_rate":0.0,"timestamp":1609656153,"path_taken":["M","?","?","?","M","R","M","R","T","M","R","E","M","?","R","BOSS"],"items_purchased_type":[],"build_version":"2020-12-22","purchased_purges":0,"victory":false,"max_hp_per_floor":[66,66,66,66,66,66,66,66,66,66,66,66,66,66,66,66,66],"card_choices":[{"not_picked":["Catalyst","Deflect"],"picked":"Prepared","floor":1.0},{"not_picked":["Sucker Punch","Underhanded Strike"],"picked":"Acrobatics","floor":4.0},{"not_picked":["Dodge and Roll","Sucker Punch"],"picked":"Masterful Stab","floor":5.0},{"not_picked":["Slice","Dodge and Roll"],"picked":"Footwork","floor":7.0},{"not_picked":["Backflip","Catalyst"],"picked":"Poisoned Stab","floor":10.0},{"not_picked":["Corpse Explosion","Underhanded Strike","Deflect"],"picked":"SKIP","floor":12.0},{"not_picked":["Calculated Gamble","Skewer","Dodge and Roll"],"picked":"SKIP","floor":13.0}],"player_experience":749970,"relics_obtained":[{"floor":9.0,"key":"Pantograph"},{"floor":12.0,"key":"White Beast Statue"},{"floor":14.0,"key":"Darkstone Periapt"}],"event_choices":[{"cards_removed":["Strike_G"],"damage_healed":0.0,"max_hp_gain":0.0,"max_hp_loss":0.0,"gold_gain":0.0,"event_name":"The Cleric","player_choice":"Card Removal","floor":2.0,"gold_loss":75.0,"damage_taken":0.0},{"cards_removed":["Defend_G"],"damage_healed":0.0,"max_hp_gain":0.0,"max_hp_loss":0.0,"gold_gain":0.0,"event_name":"Golden Wing","player_choice":"Card Removal","floor":3.0,"gold_loss":0.0,"damage_taken":7.0}],"is_beta":false,"boss_relics":[],"items_purged_floors":[],"is_endless":false,"potions_floor_spawned":[1,4,12,13],"killed_by":"Hexaghost","ascension_level":20}}