{"host":"t179ovrkr5k1gnfh","time":1609714443,"event":{"mods":["AchievementEnabler","BaseMod","Colored Map","Downfall","Marisa????????","Minty Spire (QoL Compilation)","StSLib"],"gold_per_floor":[99,110,127,127,227,247,273,273,198,228,228,228,228,116,135,238,238,238,248,265,76,176,176,203,221,236,236,265,54,54,85,104,209,209,134,148,198,248,253,253,276,293,322,334,352,51,51,51,68,68],"floor_reached":51,"playtime":4322,"items_purged":["sneckomod:Strike","sneckomod:Defend","sneckomod:Bewildered","J.A.X.","sneckomod:Strike+1"],"score":838,"play_id":"244877c3-fb88-465a-b507-161bce2ff457","local_time":"20210103235403","is_ascension_mode":false,"campfire_choices":[{"floor":1,"key":"RECALL"},{"data":"sneckomod:TailWhip","floor":9,"key":"SMITH"},{"data":"sneckomod:Strike","floor":12,"key":"SMITH"},{"data":"sneckomod:SoulExchange","floor":18,"key":"SMITH"},{"data":"sneckomod:DiceBoulder","floor":23,"key":"SMITH"},{"floor":30,"key":"REST"},{"data":"sneckomod:DiceBoulder+1","floor":35,"key":"SMITH"},{"data":"sneckomod:DiceBoulder+2","floor":47,"key":"SMITH"}],"circlet_count":0,"master_deck":["sneckomod:TailWhip+1","sneckomod:SnekBite+1","sneckomod:Unknown","sneckomod:Unknown","sneckomod:DefensiveFlair","sneckomod:UnknownBlock","sneckomod:UnknownClassMARISA_DERIVATIONS","sneckomod:SoulCleanse","sneckomod:UnknownRareSkill","sneckomod:UnknownCommonSkill","sneckomod:UnknownClassSLIMEBOUND+1","sneckomod:SoulExchange+1","sneckomod:SlitherStrike","sneckomod:UnknownRareSkill","sneckomod:DiceCrush+1","sneckomod:DiceBoulder+3","sneckomod:UnknownCommonAttack+1","sneckomod:UnknownX","sneckomod:QuickBite","sneckomod:UnknownEthereal","sneckomod:DiceBlock+1","sneckomod:UnknownClassPURPLE","sneckomod:UnknownClassRED+1","sneckomod:UnknownX+1","sneckomod:SerpentMind","sneckomod:UnknownClassGUARDIAN","sneckomod:UnknownCommonSkill+1","sneckomod:UnknownUncommonSkill","sneckomod:UnknownClassGREEN","sneckomod:SnakeSap+1","sneckomod:Unknown0Cost"],"relics":["sneckomod:SneckoSoul","sneckomod:LoadedDie","Happy Flower","downfall:HeartBlessingRed","Matryoshka","Pantograph","Ornamental Fan","Black Star","MutagenicStrength","Nunchaku","sneckomod:BabySnecko","Smiling Mask","PreservedInsect","MealTicket","Mummified Hand","Whetstone","expansioncontent:StudyCardRelic","downfall:HeartBlessingGreen","FossilizedHelix","Torii","ClockworkSouvenir","Bronze Scales","Juzu Bracelet","Potion Belt","War Paint","Bag of Preparation"],"acts_visited":["Exordium","TheCity","TheBeyond"],"potions_floor_usage":[22,22,25,28,33,33,37,42,42,50,50,50,50,50,50,50,50],"damage_taken":[{"damage":8,"enemies":"Jaw Worm","floor":2,"turns":3},{"damage":4,"enemies":"Small Slimes","floor":3,"turns":4},{"damage":1,"enemies":"2 Louse","floor":6,"turns":3},{"damage":7,"enemies":"Lagavulin","floor":10,"turns":5},{"damage":0,"enemies":"downfall:FleeingMerchant","floor":14,"turns":4},{"damage":0,"enemies":"Large Slime","floor":15,"turns":4},{"damage":30,"enemies":"downfall:Ironclad","floor":16,"turns":9},{"damage":0,"enemies":"Shell Parasite","floor":19,"turns":4},{"damage":30,"enemies":"Chosen","floor":20,"turns":7},{"damage":0,"enemies":"downfall:FleeingMerchant","floor":21,"turns":4},{"damage":30,"enemies":"downfall:Augmenter","floor":22,"turns":3},{"damage":3,"enemies":"Snake Plant","floor":25,"turns":2},{"damage":3,"enemies":"Sentry and Sphere","floor":26,"turns":5},{"damage":21,"enemies":"Slavers","floor":28,"turns":3},{"damage":15,"enemies":"downfall:FleeingMerchant","floor":29,"turns":4},{"damage":38,"enemies":"Book of Stabbing","floor":31,"turns":4},{"damage":2,"enemies":"Snecko","floor":32,"turns":4},{"damage":52,"enemies":"downfall:Silent","floor":33,"turns":5},{"damage":6,"enemies":"3 Shapes","floor":36,"turns":2},{"damage":31,"enemies":"2 Orb Walkers","floor":37,"turns":6},{"damage":3,"enemies":"Mind Bloom Boss Battle","floor":38,"turns":3},{"damage":0,"enemies":"downfall:FleeingMerchant","floor":39,"turns":4},{"damage":0,"enemies":"3 Darklings","floor":42,"turns":2},{"damage":0,"enemies":"Reptomancer","floor":43,"turns":4},{"damage":16,"enemies":"Spire Growth","floor":44,"turns":4},{"damage":0,"enemies":"Maw","floor":45,"turns":5},{"damage":0,"enemies":"3 Darklings","floor":49,"turns":2},{"damage":0,"enemies":"downfall:Watcher","floor":50,"turns":3}],"seed_played":"-7438251345904955814","potions_obtained":[{"floor":3,"key":"Explosive Potion"},{"floor":6,"key":"Swift Potion"},{"floor":16,"key":"sneckomod:OffclassReductionPotion"},{"floor":19,"key":"LiquidBronze"},{"floor":25,"key":"SteroidPotion"},{"floor":31,"key":"hexamod:EctoCoolerPotion"},{"floor":32,"key":"champ:CounterPotion"},{"floor":36,"key":"Energy Potion"},{"floor":43,"key":"Strength Potion"},{"floor":44,"key":"Explosive Potion"},{"floor":48,"key":"Energy Potion"},{"floor":48,"key":"EntropicBrew"},{"floor":49,"key":"Dexterity Potion"}],"is_trial":false,"path_per_floor":["R","M","M","?","?","M","T","?","R","E","?","R","T","$","M","B",null,"R","M","M","$","?","R","T","M","M","?","E","$","R","E","M","B",null,"R","M","?","?","$","?","T","M","E","M","M","$","R","?","M","B",null],"character_chosen":"THE_SNECKO","items_purchased":["sneckomod:UnknownCommonSkill","sneckomod:DiceBoulder","MealTicket","ClockworkSouvenir","BlessingOfTheForge","Fire Potion","sneckomod:MuddlingPotion","Bag of Preparation","Weak Potion","ColorlessPotion"],"campfire_rested":1,"item_purchase_floors":[14,21,29,39,39,39,39,46,46,46],"current_hp_per_floor":[99,91,88,70,70,70,70,70,70,63,63,63,63,65,66,61,104,104,104,75,75,62,62,62,60,57,57,47,36,68,31,30,3,111,111,108,77,82,98,98,98,98,99,83,83,98,98,98,103,116],"gold":68,"neow_bonus":"TEN_PERCENT_HP_BONUS","is_daily":false,"chose_seed":false,"campfire_upgraded":6,"win_rate":0.0,"timestamp":1609714443,"path_taken":["R","M","M","?","?","M","T","?","R","E","?","R","?","?","M","BOSS","R","M","M","$","?","R","T","M","M","?","E","$","R","E","M","BOSS","R","M","?","?","$","?","T","M","E","M","M","$","R","?","M","BOSS"],"items_purchased_type":["Card","Card","Relic","Relic","Potion","Potion","Potion","Relic","Potion","Potion"],"build_version":"2020-12-22","purchased_purges":5,"victory":true,"max_hp_per_floor":[99,99,100,100,100,101,101,101,101,101,101,101,101,103,104,104,104,104,104,105,105,107,107,107,108,108,108,109,109,109,110,111,111,111,111,112,112,113,114,114,114,114,115,115,115,115,115,115,116,116],"card_choices":[{"not_picked":["sneckomod:WideSting","sneckomod:DiceBlock"],"picked":"sneckomod:DefensiveFlair","floor":2},{"not_picked":["sneckomod:SlitherStrike","sneckomod:ImprovisedAttack"],"picked":"sneckomod:UnknownBlock","floor":3},{"not_picked":["sneckomod:SoulDraw","sneckomod:SoulRoll"],"picked":"sneckomod:UnknownClassMARISA_DERIVATIONS","floor":6},{"not_picked":["sneckomod:UnknownClassSLIMEBOUND","sneckomod:RainOfDice"],"picked":"sneckomod:SoulCleanse","floor":10},{"not_picked":["sneckomod:UnknownStrike","sneckomod:UnknownCommonAttack"],"picked":"sneckomod:UnknownRareSkill","floor":14},{"not_picked":["sneckomod:UnknownBlock","sneckomod:SoulDraw"],"picked":"sneckomod:UnknownClassSLIMEBOUND","floor":15},{"not_picked":["sneckomod:Unknown3Cost","sneckomod:UnknownRareSkill"],"picked":"sneckomod:SoulExchange","floor":16},{"not_picked":["sneckomod:UnknownStrike","sneckomod:SoulRoll"],"picked":"sneckomod:SlitherStrike","floor":19},{"not_picked":["sneckomod:UnknownWeak+1","sneckomod:UnknownCommonSkill"],"picked":"sneckomod:UnknownRareSkill","floor":20},{"not_picked":["sneckomod:SoulRoll","sneckomod:SoulDraw"],"picked":"sneckomod:DiceCrush","floor":21},{"not_picked":[],"picked":"J.A.X.","floor":22},{"not_picked":["sneckomod:RainOfDice","sneckomod:CheapStock"],"picked":"sneckomod:QuickBite","floor":22},{"not_picked":["sneckomod:UnknownCommonSkill","sneckomod:Unknown2Cost"],"picked":"sneckomod:UnknownEthereal","floor":25},{"not_picked":["sneckomod:UnknownVulnerable","sneckomod:UnknownBlock"],"picked":"sneckomod:DiceBlock+1","floor":26},{"not_picked":["sneckomod:UnknownClassGREEN","sneckomod:IronFang+1"],"picked":"sneckomod:UnknownClassPURPLE","floor":28},{"not_picked":["sneckomod:DefensiveFlair+1","sneckomod:Nope","sneckomod:SoulDraw"],"picked":"SKIP","floor":29},{"not_picked":["sneckomod:UnknownCommonSkill","sneckomod:Nope"],"picked":"sneckomod:UnknownClassRED","floor":31},{"not_picked":["sneckomod:DefensiveFlair","sneckomod:IronFang"],"picked":"sneckomod:UnknownX+1","floor":32},{"not_picked":["sneckomod:DangerNoodle","sneckomod:Mudshield"],"picked":"sneckomod:SerpentMind","floor":33},{"not_picked":["sneckomod:RainOfDice","sneckomod:ImprovisedAttack"],"picked":"sneckomod:UnknownClassGUARDIAN","floor":36},{"not_picked":["sneckomod:SoulDraw","sneckomod:UnknownClassTHE_CHAMP_GRAY+1"],"picked":"sneckomod:UnknownCommonSkill+1","floor":38},{"not_picked":["sneckomod:ImprovisedAttack","sneckomod:IronFang"],"picked":"sneckomod:UnknownUncommonSkill","floor":39},{"not_picked":["sneckomod:SoulCleanse+1","sneckomod:DiceBoulder","sneckomod:SoulDraw"],"picked":"SKIP","floor":42},{"not_picked":["sneckomod:WideSting","sneckomod:RainOfDice+1"],"picked":"sneckomod:UnknownClassGREEN","floor":43},{"not_picked":["sneckomod:RainOfDice+1","sneckomod:IronFang","sneckomod:QuickMove"],"picked":"SKIP","floor":44},{"not_picked":["sneckomod:UnknownBlock","sneckomod:UnknownRarePower"],"picked":"sneckomod:SnakeSap+1","floor":45},{"not_picked":["sneckomod:UnknownClassMARISA_DERIVATIONS","sneckomod:Nope"],"picked":"sneckomod:Unknown0Cost","floor":49}],"player_experience":246435,"relics_obtained":[{"floor":7,"key":"Happy Flower"},{"floor":10,"key":"Matryoshka"},{"floor":13,"key":"Pantograph"},{"floor":13,"key":"Ornamental Fan"},{"floor":22,"key":"MutagenicStrength"},{"floor":24,"key":"Nunchaku"},{"floor":28,"key":"Smiling Mask"},{"floor":28,"key":"PreservedInsect"},{"floor":31,"key":"Mummified Hand"},{"floor":31,"key":"Whetstone"},{"floor":37,"key":"FossilizedHelix"},{"floor":38,"key":"Torii"},{"floor":40,"key":"Bronze Scales"},{"floor":41,"key":"Juzu Bracelet"},{"floor":43,"key":"Potion Belt"},{"floor":43,"key":"War Paint"}],"event_choices":[{"damage_healed":0,"gold_gain":0,"player_choice":"Success","damage_taken":18,"relics_obtained":["sneckomod:LoadedDie"],"max_hp_gain":0,"max_hp_loss":0,"event_name":"Scrap Ooze","floor":4,"gold_loss":0},{"cards_removed":["sneckomod:Defend"],"damage_healed":0,"gold_gain":0,"player_choice":"Card Removal","damage_taken":0,"max_hp_gain":0,"max_hp_loss":0,"event_name":"The Cleric","floor":8,"gold_loss":0},{"damage_healed":0,"gold_gain":0,"player_choice":"Fight","damage_taken":0,"max_hp_gain":0,"max_hp_loss":0,"event_name":"Mysterious Sphere","floor":37,"gold_loss":0},{"damage_healed":0,"gold_gain":0,"player_choice":"Got Potions","damage_taken":0,"max_hp_gain":0,"max_hp_loss":0,"event_name":"Lab","floor":48,"gold_loss":0}],"is_beta":false,"boss_relics":[{"not_picked":["Tiny House","Cursed Key"],"picked":"Black Star"},{"not_picked":["SlaversCollar","Astrolabe"],"picked":"expansioncontent:StudyCardRelic"}],"items_purged_floors":[14,21,29,39,46],"is_endless":false,"potions_floor_spawned":[3,6,16,19,25,31,32,36,43,44,49],"ascension_level":0}}