{"host":"gkp57zoegrd3f2ij","time":1609716971,"event":{"mods":["BaseMod","Colored Map","Colored Powertips","Downfall","Minty Spire (QoL Compilation)","StSLib"],"gold_per_floor":[213,213,224,69,69,69,104,29,82,82,112,112,128,159,159,262,262,272,28,28,28,0,0,34,34,83,83,101,101,101,117,117,117,117],"floor_reached":33,"playtime":2022,"items_purged":["Strike_R"],"score":344,"play_id":"6f8c0742-e730-4c8e-85a3-73183ff24673","local_time":"20210104003611","is_ascension_mode":true,"campfire_choices":[{"floor":6,"key":"REST"},{"floor":10,"key":"REST"},{"floor":15,"key":"REST"},{"floor":23,"key":"REST"},{"floor":25,"key":"REST"},{"data":"Limit Break","floor":27,"key":"SMITH"},{"floor":32,"key":"REST"}],"circlet_count":0,"master_deck":["Defend_R","Defend_R","Defend_R","Defend_R","Bash","Uppercut+1","Headbutt+1","True Grit","Armaments","Shockwave","Inflame","Limit Break+1","Anger+1","Carnage+1","Heavy Blade+1","Whirlwind","Decay","Bite","Bite","Bite","Bite","Bite","Rampage+1"],"relics":["Burning Blood","Dream Catcher","Juzu Bracelet","Meat on the Bone","Centennial Puzzle","Nunchaku","Toy Ornithopter","Philosopher\u0027s Stone","Matryoshka","Bag of Preparation","Question Card","Whetstone","Potion Belt"],"acts_visited":["Exordium","TheCity"],"potions_floor_usage":[16,16,18,28],"damage_taken":[{"damage":1,"enemies":"Cultist","floor":1,"turns":4},{"damage":6,"enemies":"Jaw Worm","floor":3,"turns":3},{"damage":44,"enemies":"Lagavulin","floor":7,"turns":8},{"damage":18,"enemies":"Gremlin Nob","floor":11,"turns":4},{"damage":0,"enemies":"2 Louse","floor":13,"turns":3},{"damage":10,"enemies":"Lagavulin","floor":14,"turns":7},{"damage":68,"enemies":"Hexaghost","floor":16,"turns":14},{"damage":40,"enemies":"3 Byrds","floor":18,"turns":6},{"damage":48,"enemies":"Slavers","floor":24,"turns":8},{"damage":20,"enemies":"Spheric Guardian","floor":28,"turns":3},{"damage":35,"enemies":"Centurion and Healer","floor":31,"turns":6},{"damage":61,"enemies":"Collector","floor":33,"turns":4}],"seed_played":"-4648055641742741175","potions_obtained":[{"floor":1,"key":"GamblersBrew"},{"floor":7,"key":"Energy Potion"},{"floor":11,"key":"ColorlessPotion"},{"floor":24,"key":"LiquidBronze"}],"is_trial":false,"path_per_floor":["M","?","M","$","?","R","E","$","T","R","E","?","M","E","R","B",null,"M","$","?","?","?","R","E","R","T","R","M","?","?","M","R","B"],"character_chosen":"IRONCLAD","items_purchased":["Juzu Bracelet","Matryoshka"],"campfire_rested":6,"item_purchase_floors":[4,19],"current_hp_per_floor":[80,62,62,62,46,70,32,32,32,56,56,56,62,58,80,35,80,51,51,51,51,51,75,45,69,69,69,60,60,56,38,54,0,0],"gold":117,"neow_bonus":"HUNDRED_GOLD","is_daily":false,"chose_seed":false,"campfire_upgraded":1,"win_rate":0.0,"timestamp":1609716971,"path_taken":["M","?","M","$","?","R","E","?","T","R","E","?","M","E","R","BOSS","M","$","?","?","?","R","E","R","T","R","M","?","?","M","R","BOSS"],"items_purchased_type":["Relic","Relic"],"build_version":"2020-12-22","purchased_purges":1,"victory":false,"max_hp_per_floor":[80,80,80,80,80,80,80,80,80,80,80,80,80,80,80,80,80,80,80,80,80,80,80,80,80,80,80,80,80,56,56,56,56,56],"card_choices":[{"not_picked":["Heavy Blade","Bloodletting"],"picked":"Uppercut","floor":1},{"not_picked":["Rage","Body Slam"],"picked":"Headbutt","floor":3},{"not_picked":["Wild Strike","Thunderclap"],"picked":"True Grit","floor":7},{"not_picked":["Heavy Blade","Body Slam"],"picked":"Armaments","floor":10},{"not_picked":["Rampage","Anger"],"picked":"Shockwave","floor":11},{"not_picked":["Thunderclap","True Grit"],"picked":"Inflame","floor":13},{"not_picked":["Bludgeon","Feel No Pain","Shockwave"],"picked":"SKIP","floor":14},{"not_picked":["Impervious","Offering"],"picked":"Limit Break","floor":16},{"not_picked":["Armaments","Warcry","Rupture+1"],"picked":"SKIP","floor":18},{"not_picked":["Flex","Headbutt+1"],"picked":"Anger+1","floor":23},{"not_picked":["Dual Wield+1","Body Slam+1"],"picked":"Carnage","floor":24},{"not_picked":["Dual Wield","Shrug It Off","Double Tap"],"picked":"Heavy Blade+1","floor":25},{"not_picked":["Thunderclap+1","Pommel Strike","Blood for Blood"],"picked":"Whirlwind","floor":28},{"not_picked":["Rage","Twin Strike","Pommel Strike","Reckless Charge"],"picked":"SKIP","floor":31},{"not_picked":["Body Slam","Clothesline+1","Cleave"],"picked":"Rampage+1","floor":32}],"player_experience":227546,"relics_obtained":[{"floor":7,"key":"Meat on the Bone"},{"floor":9,"key":"Centennial Puzzle"},{"floor":11,"key":"Nunchaku"},{"floor":14,"key":"Toy Ornithopter"},{"floor":24,"key":"Question Card"},{"floor":26,"key":"Whetstone"},{"floor":26,"key":"Potion Belt"}],"event_choices":[{"damage_healed":0,"gold_gain":0,"player_choice":"Success","damage_taken":18,"relics_obtained":["Dream Catcher"],"max_hp_gain":0,"max_hp_loss":0,"event_name":"Scrap Ooze","floor":2,"gold_loss":0},{"damage_healed":0,"gold_gain":0,"player_choice":"Entered Light","damage_taken":16,"max_hp_gain":0,"max_hp_loss":0,"event_name":"Shining Light","floor":5,"gold_loss":0,"cards_upgraded":["Strike_R","Headbutt"]},{"damage_healed":0,"gold_gain":0,"player_choice":"Ignored","damage_taken":0,"max_hp_gain":0,"max_hp_loss":0,"event_name":"Liars Game","floor":12,"gold_loss":0},{"damage_healed":0,"gold_gain":0,"player_choice":"Opened","damage_taken":0,"relics_obtained":["Bag of Preparation"],"max_hp_gain":0,"max_hp_loss":0,"event_name":"The Mausoleum","floor":20,"gold_loss":0},{"cards_removed":["Strike_R"],"damage_healed":0,"gold_gain":0,"player_choice":"Purged","damage_taken":0,"max_hp_gain":0,"max_hp_loss":0,"event_name":"Purifier","floor":21,"gold_loss":0},{"damage_healed":0,"gold_gain":0,"player_choice":"Paid Fearfully","damage_taken":0,"max_hp_gain":0,"max_hp_loss":0,"event_name":"Masked Bandits","floor":22,"gold_loss":28},{"damage_healed":0,"gold_gain":0,"player_choice":"Smashed Altar","damage_taken":0,"max_hp_gain":0,"max_hp_loss":0,"event_name":"Forgotten Altar","floor":29,"gold_loss":0,"cards_obtained":["Decay"]},{"damage_healed":0,"gold_gain":0,"player_choice":"Became a vampire","damage_taken":0,"max_hp_gain":0,"max_hp_loss":24,"event_name":"Vampires","floor":30,"gold_loss":0,"cards_obtained":["Bite","Bite","Bite","Bite","Bite"]}],"is_beta":false,"boss_relics":[{"not_picked":["Black Star","Snecko Eye"],"picked":"Philosopher\u0027s Stone"}],"items_purged_floors":[8],"is_endless":false,"potions_floor_spawned":[1,7,11,13,24],"killed_by":"Collector","ascension_level":3}}