{"host":"c3lc60y5x60jlt1y","time":1609694702,"event":{"mods":["AchievementEnabler","BaseMod","Colored Map","Minty Spire (QoL Compilation)","Quick Restart","StSLib"],"gold_per_floor":[110,110,35,35,95,126,126,159,225,254,266,294,306,352,364,376,376],"floor_reached":16,"playtime":535,"items_purged":["Strike_G"],"score":336,"play_id":"1b110abf-63da-466d-9982-316dcf25b625","local_time":"20210103192502","is_ascension_mode":true,"campfire_choices":[{"data":"Poisoned Stab","floor":7,"key":"SMITH"},{"data":"Storm of Steel","floor":11,"key":"SMITH"},{"data":"Infinite Blades","floor":13,"key":"SMITH"},{"data":"Cloak And Dagger","floor":15,"key":"SMITH"}],"circlet_count":0,"master_deck":["AscendersBane","Strike_G","Strike_G","Strike_G","Strike_G","Defend_G","Defend_G","Defend_G","Defend_G","Defend_G+1","Survivor","Neutralize+1","Sucker Punch","Poisoned Stab+1","Flying Knee","Infinite Blades+1","Storm of Steel+1","Deadly Poison","Cloak And Dagger+1"],"relics":["Ring of the Snake","NeowsBlessing","SsserpentHead","PreservedInsect","MawBank","Bronze Scales","Orichalcum"],"acts_visited":["Exordium"],"potions_floor_usage":[8,8,16],"damage_taken":[{"damage":0,"enemies":"Small Slimes","floor":1,"turns":1},{"damage":0,"enemies":"2 Louse","floor":5,"turns":1},{"damage":0,"enemies":"Gremlin Nob","floor":6,"turns":1},{"damage":2,"enemies":"Lagavulin","floor":8,"turns":7},{"damage":0,"enemies":"Cultist","floor":10,"turns":4},{"damage":14,"enemies":"3 Louse","floor":12,"turns":2},{"damage":0,"enemies":"Gremlin Nob","floor":14,"turns":3},{"damage":42,"enemies":"Slime Boss","floor":16,"turns":9}],"seed_played":"145166587097400539","potions_obtained":[{"floor":5,"key":"EntropicBrew"},{"floor":10,"key":"Dexterity Potion"},{"floor":14,"key":"Strength Potion"}],"is_trial":false,"path_per_floor":["M","?","$","?","M","E","R","E","T","M","R","M","R","E","R","B"],"character_chosen":"THE_SILENT","items_purchased":[],"campfire_rested":0,"item_purchase_floors":[],"current_hp_per_floor":[59,39,39,39,39,39,39,37,37,37,37,23,23,23,23,0,0],"gold":376,"neow_bonus":"THREE_ENEMY_KILL","is_daily":false,"chose_seed":false,"campfire_upgraded":4,"win_rate":0.0,"timestamp":1609694702,"path_taken":["M","?","$","?","?","E","R","E","T","M","R","M","R","E","R","BOSS"],"items_purchased_type":[],"build_version":"2020-12-22","purchased_purges":1,"victory":false,"max_hp_per_floor":[66,66,66,66,66,66,66,66,66,66,66,66,66,66,66,66,66],"card_choices":[{"not_picked":["Deadly Poison","Prepared"],"picked":"Sucker Punch","floor":1},{"not_picked":["Sucker Punch","PiercingWail"],"picked":"Poisoned Stab","floor":5},{"not_picked":["Catalyst","Caltrops"],"picked":"Flying Knee","floor":6},{"not_picked":["Finisher","Choke"],"picked":"Infinite Blades","floor":8},{"not_picked":["Cloak And Dagger","Deadly Poison"],"picked":"Storm of Steel","floor":10},{"not_picked":["Calculated Gamble","Sucker Punch"],"picked":"Deadly Poison","floor":12},{"not_picked":["Slice","Well Laid Plans"],"picked":"Cloak And Dagger","floor":14}],"player_experience":7443720,"relics_obtained":[{"floor":6,"key":"PreservedInsect"},{"floor":8,"key":"MawBank"},{"floor":9,"key":"Bronze Scales"},{"floor":14,"key":"Orichalcum"}],"event_choices":[{"damage_healed":0,"gold_gain":0,"player_choice":"Entered Light","damage_taken":20,"max_hp_gain":0,"max_hp_loss":0,"event_name":"Shining Light","floor":2,"gold_loss":0,"cards_upgraded":["Defend_G","Neutralize"]},{"damage_healed":0,"gold_gain":0,"player_choice":"Trade","damage_taken":0,"relics_obtained":["SsserpentHead"],"max_hp_gain":0,"max_hp_loss":0,"event_name":"FaceTrader","floor":4,"gold_loss":0}],"is_beta":false,"boss_relics":[],"items_purged_floors":[3],"is_endless":false,"potions_floor_spawned":[5,10,14],"killed_by":"Slime Boss","ascension_level":20}}