{"host":"p4zclu0beiy6gkiq","time":1609691009,"event":{"mods":["AchievementEnabler","BaseMod","Bestiary","Colored Map","Colored Powertips","DeckTracker","Minty Spire (QoL Compilation)","Quick Restart","StSLib","SuperFastMode","The Cursed"],"gold_per_floor":[113,288,298,298,22,57,57,68,68,68,95,105,105,33,33,138,138,148,168,27,27,37,71,71,90,143,143,157,157,491,491,491,589,589,603,614,624,624,318,352,352,385,412,149,184,196,272,298,298,298,298,298,19,53,53],"floor_reached":56,"playtime":7473,"items_purged":["Defend_G","Defend_G","Choke","Flechettes"],"score":1658,"play_id":"4d650ce8-a012-4d2f-90fe-64d167f18cf3","local_time":"20210104012329","is_ascension_mode":true,"campfire_choices":[{"data":"Noxious Fumes","floor":7.0,"key":"SMITH"},{"data":"Sadistic Nature","floor":10.0,"key":"SMITH"},{"data":"Catalyst","floor":13.0,"key":"SMITH"},{"data":"Footwork","floor":15.0,"key":"SMITH"},{"data":"Burst","floor":24.0,"key":"SMITH"},{"data":"Burst","floor":27.0,"key":"SMITH"},{"data":"Bullet Time","floor":29.0,"key":"SMITH"},{"data":"Neutralize","floor":32.0,"key":"SMITH"},{"floor":41.0,"key":"RECALL"},{"data":"Catalyst","floor":49.0,"key":"SMITH"},{"data":"Wraith Form v2","floor":52.0,"key":"SMITH"}],"circlet_count":0,"master_deck":["Survivor","Neutralize+1","Slice","Poisoned Stab","Sadistic Nature+1","Noxious Fumes+1","Catalyst+1","Prepared","Crippling Poison","Deflect","Footwork+1","Burst+1","PiercingWail+1","Dagger Throw+1","Backflip","Dodge and Roll+1","Burst+1","Bullet Time+1","Blur","Burst","Backflip","Tools of the Trade","Wraith Form v2+1","Terror","Distraction","Envenom","Noxious Fumes+1","Storm of Steel","Backflip+1","Madness","Madness","Acrobatics","After Image","Distraction+1","Footwork","Catalyst+1","Backflip+1","Deadly Poison","Blade Dance","Malaise"],"relics":["Ring of the Snake","NeowsBlessing","Membership Card","Letter Opener","Orichalcum","Thread and Needle","Runic Dome","Nloth\u0027s Gift","Tiny Chest","Old Coin","Pandora\u0027s Box","Oddly Smooth Stone","WingedGreaves","Happy Flower","Bird Faced Urn","Lantern","TungstenRod","Gremlin Horn","InkBottle","Blue Candle","OrangePellets","Tough Bandages","White Beast Statue"],"acts_visited":["Exordium","TheCity","TheBeyond","TheEnding"],"potions_floor_usage":[54,55,55,55,55,55,55],"damage_taken":[{"damage":0.0,"enemies":"Cultist","floor":1.0,"turns":1.0},{"damage":0.0,"enemies":"Small Slimes","floor":3.0,"turns":1.0},{"damage":0.0,"enemies":"Lagavulin","floor":6.0,"turns":1.0},{"damage":0.0,"enemies":"Jaw Worm","floor":8.0,"turns":3.0},{"damage":15.0,"enemies":"3 Sentries","floor":11.0,"turns":6.0},{"damage":0.0,"enemies":"Blue Slaver","floor":12.0,"turns":3.0},{"damage":6.0,"enemies":"Hexaghost","floor":16.0,"turns":6.0},{"damage":0.0,"enemies":"Shell Parasite","floor":18.0,"turns":3.0},{"damage":0.0,"enemies":"Chosen","floor":19.0,"turns":4.0},{"damage":4.0,"enemies":"3 Cultists","floor":22.0,"turns":4.0},{"damage":18.0,"enemies":"Gremlin Leader","floor":23.0,"turns":5.0},{"damage":2.0,"enemies":"Cultist and Chosen","floor":25.0,"turns":4.0},{"damage":17.0,"enemies":"Snecko","floor":28.0,"turns":5.0},{"damage":10.0,"enemies":"Book of Stabbing","floor":30.0,"turns":6.0},{"damage":0.0,"enemies":"Collector","floor":33.0,"turns":5.0},{"damage":0.0,"enemies":"Orb Walker","floor":35.0,"turns":4.0},{"damage":11.0,"enemies":"3 Shapes","floor":36.0,"turns":3.0},{"damage":0.0,"enemies":"Sphere and 2 Shapes","floor":37.0,"turns":5.0},{"damage":0.0,"enemies":"Nemesis","floor":40.0,"turns":5.0},{"damage":9.0,"enemies":"Reptomancer","floor":42.0,"turns":5.0},{"damage":4.0,"enemies":"Nemesis","floor":45.0,"turns":7.0},{"damage":11.0,"enemies":"Spire Growth","floor":46.0,"turns":6.0},{"damage":52.0,"enemies":"Reptomancer","floor":48.0,"turns":4.0},{"damage":16.0,"enemies":"Time Eater","floor":50.0,"turns":6.0},{"damage":7,"enemies":"Shield and Spear","floor":54,"turns":5},{"damage":14,"enemies":"The Heart","floor":55,"turns":5}],"seed_played":"6621419485098992709","potions_obtained":[{"floor":8.0,"key":"SkillPotion"},{"floor":11.0,"key":"CunningPotion"},{"floor":12.0,"key":"Weak Potion"},{"floor":18.0,"key":"GhostInAJar"},{"floor":23.0,"key":"BlessingOfTheForge"},{"floor":28.0,"key":"DistilledChaos"},{"floor":42.0,"key":"LiquidBronze"},{"floor":54,"key":"EntropicBrew"}],"is_trial":false,"path_per_floor":["M","?","M","?","$","E","R","M","T","R","E","M","R","$","R","B",null,"M","M","$","?","M","E","R","M","T","R","M","R","E","?","R","B",null,"M","M","M","?","$","E","R","E","T","$","E","M","T","E","R","B",null,"R","$","E","B",null],"character_chosen":"THE_SILENT","items_purchased":["Membership Card","Sadistic Nature","Noxious Fumes","Footwork","Omamori","Backflip","Oddly Smooth Stone","Acrobatics","WingedGreaves","Footwork","TungstenRod","OrangePellets","Tough Bandages","Deadly Poison","Blade Dance"],"campfire_rested":0,"item_purchase_floors":[5,5,5,14,20,20,39,39,39,44,44,53,53,53,53],"current_hp_per_floor":[70,70,70,70,70,70,70,70,70,70,55,55,55,55,55,49,70,70,70,70,70,66,48,48,46,46,46,29,29,19,19,19,19,70,70,59,59,50,50,50,50,41,41,41,51,58,58,20,20,20,70,70,70,70,56],"gold":53,"neow_bonus":"THREE_ENEMY_KILL","is_daily":false,"chose_seed":false,"campfire_upgraded":10,"win_rate":0.0,"timestamp":1609691009,"path_taken":["M","?","M","?","$","E","R","M","T","R","E","M","R","$","R","BOSS","M","M","$","?","M","E","R","?","T","R","M","R","E","?","R","BOSS","M","M","M","?","$","E","R","E","T","$","E","M","?","E","R","BOSS","R","$","E","BOSS"],"items_purchased_type":["Relic","Card","Card","Card","Relic","Card","Relic","Card","Relic","Card","Relic","Relic","Relic","Card","Card"],"build_version":"2020-12-22","purchased_purges":4,"victory":true,"max_hp_per_floor":[70,70,70,70,70,70,70,70,70,70,70,70,70,70,70,70,70,70,70,70,70,70,70,70,70,70,70,70,70,70,70,70,70,70,70,70,70,70,70,70,70,70,70,70,70,70,70,70,70,70,70,70,70,70,70],"card_choices":[{"not_picked":["Acrobatics","Eviscerate"],"picked":"Slice","floor":1.0},{"not_picked":["Distraction","Deadly Poison"],"picked":"Poisoned Stab","floor":3.0},{"not_picked":["Finisher","PiercingWail"],"picked":"Catalyst","floor":6.0},{"not_picked":["Sucker Punch","Quick Slash"],"picked":"Prepared","floor":8.0},{"not_picked":["Sucker Punch","Poisoned Stab"],"picked":"Crippling Poison","floor":11.0},{"not_picked":["Underhanded Strike","Slice"],"picked":"Deflect","floor":12.0},{"not_picked":["Doppelganger","Night Terror"],"picked":"Burst","floor":16.0},{"not_picked":["Poisoned Stab","Quick Slash"],"picked":"PiercingWail+1","floor":18.0},{"not_picked":["Flying Knee","Sucker Punch"],"picked":"Dagger Throw+1","floor":19.0},{"not_picked":["Dagger Spray","Deflect"],"picked":"Dodge and Roll+1","floor":22.0},{"not_picked":["Prepared","Crippling Poison"],"picked":"Burst","floor":23.0},{"not_picked":["Slice","Riddle With Holes","Sucker Punch"],"picked":"SKIP","floor":25.0},{"not_picked":["Outmaneuver","Accuracy"],"picked":"Bullet Time","floor":28.0},{"not_picked":["Acrobatics","Finisher+1"],"picked":"Blur","floor":30.0},{"not_picked":["Unload","Burst"],"picked":"Tools of the Trade","floor":33.0},{"not_picked":["Flechettes+1","Heel Hook+1"],"picked":"Noxious Fumes+1","floor":35.0},{"not_picked":["Deflect","Glass Knife"],"picked":"Storm of Steel","floor":36.0},{"not_picked":["Slice","Poisoned Stab+1"],"picked":"Backflip+1","floor":37.0},{"not_picked":["Eviscerate+1","Leg Sweep"],"picked":"After Image","floor":40.0},{"not_picked":["Bouncing Flask+1","Tools of the Trade"],"picked":"Distraction+1","floor":42.0},{"not_picked":["Envenom","Deflect"],"picked":"Catalyst","floor":45.0},{"not_picked":["Sucker Punch","Eviscerate+1","Endless Agony+1"],"picked":"SKIP","floor":46.0},{"not_picked":["Caltrops","Endless Agony+1"],"picked":"Backflip+1","floor":48.0},{"not_picked":["Caltrops","Glass Knife"],"picked":"Malaise","floor":54}],"player_experience":154221,"relics_obtained":[{"floor":6.0,"key":"Letter Opener"},{"floor":9.0,"key":"Orichalcum"},{"floor":11.0,"key":"Thread and Needle"},{"floor":23.0,"key":"Tiny Chest"},{"floor":30.0,"key":"Old Coin"},{"floor":40.0,"key":"Happy Flower"},{"floor":42.0,"key":"Bird Faced Urn"},{"floor":43.0,"key":"Lantern"},{"floor":45.0,"key":"Gremlin Horn"},{"floor":47.0,"key":"InkBottle"},{"floor":48.0,"key":"Blue Candle"},{"floor":54,"key":"White Beast Statue"}],"event_choices":[{"damage_healed":0.0,"max_hp_gain":0.0,"max_hp_loss":0.0,"gold_gain":175.0,"event_name":"Liars Game","player_choice":"AGREE","floor":2.0,"gold_loss":0.0,"damage_taken":0.0,"cards_obtained":["Doubt"]},{"cards_removed":["Doubt"],"damage_healed":0.0,"max_hp_gain":0.0,"max_hp_loss":0.0,"gold_gain":0.0,"event_name":"Fountain of Cleansing","player_choice":"Removed Curses","floor":4.0,"gold_loss":0.0,"damage_taken":0.0},{"damage_healed":0.0,"max_hp_gain":0.0,"max_hp_loss":0.0,"gold_gain":0.0,"event_name":"N\u0027loth","player_choice":"Traded Relic","floor":21.0,"relics_lost":["Omamori"],"gold_loss":0.0,"damage_taken":0.0,"relics_obtained":["Nloth\u0027s Gift"]},{"damage_healed":0.0,"max_hp_gain":0.0,"max_hp_loss":0.0,"gold_gain":0.0,"cards_transformed":["Strike_G","Strike_G"],"event_name":"Drug Dealer","player_choice":"Became Test Subject","floor":31.0,"gold_loss":0.0,"damage_taken":0.0,"cards_obtained":["Burst","Backflip"]},{"damage_healed":0.0,"max_hp_gain":0.0,"max_hp_loss":0.0,"gold_gain":0.0,"event_name":"Winding Halls","player_choice":"Embrace Madness","floor":38.0,"gold_loss":0.0,"damage_taken":9.0,"cards_obtained":["Madness","Madness"]}],"is_beta":false,"boss_relics":[{"not_picked":["Velvet Choker","Snecko Eye"],"picked":"Runic Dome"},{"not_picked":["HoveringKite","Black Star"],"picked":"Pandora\u0027s Box"}],"items_purged_floors":[14,20,39,44],"is_endless":false,"potions_floor_spawned":[8,11,12,18,23,28,42,45,46,54],"ascension_level":4}}