{"host":"jm9833yuloeli2yd","time":1609698783,"event":{"mods":["AchievementEnabler","BaseMod","Better Altar","Better Match","Better Note","Better Sensory Stone","Better Skull","Better Third Choice","Better Vampires","BetterRewards","Colored Map","Colored Powertips","DeckTracker","Marked Mod","Minty Spire (QoL Compilation)","Permanent Neow","Quick Restart","StSLib","SuperFastMode"],"gold_per_floor":[112,112,193,213,229,229,259,259,259,286,436,186,206,233,245,332,344,373,385,397,419,431,473,499,511,569,681,9,40,40,90,90,90,90],"floor_reached":33,"playtime":1021,"items_purged":["Doubt","Strike_R"],"score":523,"play_id":"63d73007-80ff-4d2b-9869-8e9382613b46","local_time":"20210103133303","is_ascension_mode":true,"campfire_choices":[{"data":"Perfected Strike","floor":6,"key":"SMITH"},{"floor":8,"key":"REST"},{"floor":15,"key":"REST"},{"data":"Flame Barrier","floor":25,"key":"SMITH"},{"data":"Secret Technique","floor":32,"key":"SMITH"}],"circlet_count":0,"master_deck":["AscendersBane","Strike_R","Strike_R","Strike_R+1","Strike_R","Defend_R+1","Defend_R","Defend_R","Defend_R","Bash","Bludgeon","Perfected Strike+1","Perfected Strike","Shrug It Off","Metallicize","Power Through","Impervious","Feed","Flame Barrier+1","Writhe","Dropkick+1","Armaments","True Grit","Double Tap","Combust","Corruption","Secret Technique+1","Secret Weapon"],"relics":["Burning Blood","Pantograph","WingedGreaves","Eternal Feather","Nunchaku","MawBank","Coffee Dripper","Unceasing Top","Bird Faced Urn","Lantern","Thread and Needle","Self Forming Clay","OrangePellets","Bag of Marbles","Potion Belt","Bag of Preparation"],"acts_visited":["Exordium","TheCity"],"potions_floor_usage":[10,10,10,14,16,23,23,27,29,33],"damage_taken":[{"damage":1,"enemies":"2 Louse","floor":1,"turns":4},{"damage":2,"enemies":"Jaw Worm","floor":4,"turns":3},{"damage":0,"enemies":"Cultist","floor":5,"turns":2},{"damage":42,"enemies":"Lagavulin","floor":7,"turns":8},{"damage":25,"enemies":"Gremlin Nob","floor":10,"turns":4},{"damage":0,"enemies":"2 Fungi Beasts","floor":13,"turns":2},{"damage":25,"enemies":"Lagavulin","floor":14,"turns":7},{"damage":37,"enemies":"Hexaghost","floor":16,"turns":11},{"damage":12,"enemies":"Shell Parasite","floor":18,"turns":10},{"damage":1,"enemies":"Chosen","floor":21,"turns":5},{"damage":29,"enemies":"Book of Stabbing","floor":23,"turns":7},{"damage":1,"enemies":"Centurion and Healer","floor":24,"turns":5},{"damage":8,"enemies":"Colosseum Slavers","floor":27,"turns":4},{"damage":45,"enemies":"Colosseum Nobs","floor":27,"turns":11},{"damage":32,"enemies":"Slavers","floor":29,"turns":9},{"damage":72,"enemies":"Automaton","floor":33,"turns":10}],"seed_played":"1369743950829481445","potions_obtained":[{"floor":5,"key":"ElixirPotion"},{"floor":7,"key":"EntropicBrew"},{"floor":14,"key":"PowerPotion"},{"floor":16,"key":"Weak Potion"},{"floor":24,"key":"BlessingOfTheForge"},{"floor":27,"key":"Fire Potion"},{"floor":29,"key":"DuplicationPotion"}],"is_trial":false,"path_per_floor":["M","?","T","M","M","R","E","R","T","E","?","$","M","E","R","B",null,"M","?","$","M","?","E","M","R","T","?","$","E","?","T","R","B"],"character_chosen":"IRONCLAD","items_purchased":["CultistPotion","Metallicize","OrangePellets","Double Tap","Bag of Marbles","Combust","SteroidPotion"],"campfire_rested":2,"item_purchase_floors":[12,12,28,28,28,28,28],"current_hp_per_floor":[73,50,50,54,60,60,24,46,46,27,27,27,33,14,45,39,66,63,63,63,68,68,45,55,67,67,32,32,13,13,13,28,0,0],"gold":90,"neow_bonus":"ONE_RANDOM_RARE_CARD","is_daily":false,"chose_seed":false,"campfire_upgraded":3,"win_rate":0.0,"timestamp":1609698783,"path_taken":["M","?","?","M","?","R","E","R","T","E","?","$","M","E","R","BOSS","M","?","$","M","?","E","M","R","T","?","$","E","?","?","R","BOSS"],"items_purchased_type":["Potion","Card","Relic","Card","Relic","Card","Potion"],"build_version":"2020-12-22","purchased_purges":2,"victory":false,"max_hp_per_floor":[75,75,75,75,75,75,75,75,75,75,75,75,75,75,75,75,75,78,78,78,78,78,78,81,81,81,85,85,88,88,88,88,88,88],"card_choices":[{"not_picked":["Dark Embrace","Rage"],"picked":"Perfected Strike","floor":1},{"not_picked":["Clash","Headbutt","Warcry"],"picked":"SKIP","floor":4},{"not_picked":["Entrench","Headbutt","Anger"],"picked":"SKIP","floor":5},{"not_picked":["Warcry","Juggernaut"],"picked":"Perfected Strike","floor":7},{"not_picked":["Clothesline","Rage"],"picked":"Shrug It Off","floor":10},{"not_picked":["Havoc","Clash"],"picked":"Power Through","floor":13},{"not_picked":["Juggernaut","True Grit"],"picked":"Impervious","floor":14},{"not_picked":["Limit Break","Impervious"],"picked":"Feed","floor":16},{"not_picked":["Perfected Strike","Headbutt"],"picked":"Flame Barrier","floor":18},{"not_picked":["Sword Boomerang","Clash","Anger"],"picked":"SKIP","floor":21},{"not_picked":["Reckless Charge","Thunderclap"],"picked":"Dropkick+1","floor":23},{"not_picked":["Anger","Blood for Blood"],"picked":"Armaments","floor":24},{"not_picked":["Warcry","Havoc"],"picked":"True Grit","floor":27},{"not_picked":["Rampage","Cleave"],"picked":"Corruption","floor":29},{"not_picked":["Metamorphosis","Panache"],"picked":"Secret Technique","floor":30},{"not_picked":["Jack Of All Trades","Thinking Ahead"],"picked":"Secret Weapon","floor":30}],"player_experience":1249823,"relics_obtained":[{"floor":3,"key":"Pantograph"},{"floor":7,"key":"WingedGreaves"},{"floor":9,"key":"Eternal Feather"},{"floor":10,"key":"Nunchaku"},{"floor":14,"key":"MawBank"},{"floor":23,"key":"Bird Faced Urn"},{"floor":26,"key":"Lantern"},{"floor":27,"key":"Thread and Needle"},{"floor":27,"key":"Self Forming Clay"},{"floor":29,"key":"Potion Belt"},{"floor":31,"key":"Bag of Preparation"}],"event_choices":[{"damage_healed":73,"gold_gain":0,"player_choice":"Upgrade","damage_taken":23,"max_hp_gain":0,"max_hp_loss":75,"event_name":"betterThird:BetterShining","floor":2,"gold_loss":0,"cards_upgraded":["Strike_R","Defend_R"]},{"damage_healed":0,"gold_gain":150,"player_choice":"AGREE","damage_taken":286,"max_hp_gain":0,"max_hp_loss":0,"event_name":"betterThird:BetterSerpent","floor":11,"gold_loss":0},{"damage_healed":0,"gold_gain":0,"player_choice":"Ignored","damage_taken":0,"max_hp_gain":0,"max_hp_loss":0,"event_name":"Ghosts","floor":19,"gold_loss":0},{"damage_healed":0,"gold_gain":0,"player_choice":"Opened","damage_taken":0,"relics_obtained":["Unceasing Top"],"max_hp_gain":0,"max_hp_loss":0,"event_name":"The Mausoleum","floor":22,"gold_loss":0,"cards_obtained":["Writhe"]},{"damage_healed":0,"gold_gain":0,"player_choice":"Fight","damage_taken":0,"max_hp_gain":0,"max_hp_loss":0,"event_name":"Colosseum","floor":27,"gold_loss":0},{"damage_healed":0,"gold_gain":0,"player_choice":"Fought Nobs","damage_taken":0,"max_hp_gain":0,"max_hp_loss":0,"event_name":"Colosseum","floor":27,"gold_loss":0},{"damage_healed":0,"gold_gain":2,"player_choice":"1","damage_taken":0,"max_hp_gain":0,"max_hp_loss":0,"event_name":"betterStone:BetterStone","floor":30,"gold_loss":0}],"is_beta":false,"boss_relics":[{"not_picked":["Calling Bell","Black Blood"],"picked":"Coffee Dripper"}],"items_purged_floors":[12,28],"is_endless":false,"potions_floor_spawned":[5,7,14,16,24,27,29],"killed_by":"Automaton","ascension_level":15}}