{"host":"sc0o2qwpf9j16a4i","time":1609678047,"event":{"mods":["AchievementEnabler","BaseMod","BetterRewards","Block Reminder","Colored Map","Colored Powertips","Custom Start","Highlight Path","Minty Spire (QoL Compilation)","Relic Stats"],"gold_per_floor":[119,137,148,165,1,1,31,43,69,80,80,80,107,23,23,96,96,110,35,54,54,54,54,54,88,115,147,157,173,173,173,173,250,250,262,262,262,282,292,292,322,322,322],"floor_reached":42,"playtime":1849,"items_purged":["Strike_R"],"score":977,"play_id":"759a5644-8a06-4c3f-9525-7944503476f6","local_time":"20210103144727","is_ascension_mode":true,"campfire_choices":[{"data":"Bash","floor":6.0,"key":"SMITH"},{"floor":12.0,"key":"REST"},{"data":"Disarm","floor":15.0,"key":"SMITH"},{"floor":23.0,"key":"REST"},{"data":"Whirlwind","floor":30.0,"key":"SMITH"},{"data":"Flame Barrier","floor":32.0,"key":"SMITH"},{"floor":40.0,"key":"REST"}],"circlet_count":0,"master_deck":["AscendersBane","Strike_R+1","Strike_R+1","Strike_R+1","Defend_R+1","Defend_R+1","Defend_R+1","Defend_R+1","Bash+1","Metallicize","Disarm+1","Clothesline","Rampage","Shockwave","Burning Pact","Feel No Pain","Flame Barrier+1","Inflame","Offering","Necronomicurse","Inflame","Whirlwind+1","Feed","Shrug It Off","Pommel Strike","Juggernaut","CurseOfTheBell","Shockwave","Pain","Sever Soul","Shrug It Off","Dual Wield"],"relics":["Burning Blood","Dream Catcher","Happy Flower","Art of War","Snecko Eye","Necronomicon","Lantern","Bag of Marbles","Mango","Shuriken","Calling Bell","Anchor","Kunai","Shovel","WarpedTongs","Bronze Scales"],"acts_visited":["Exordium","TheCity","TheBeyond"],"potions_floor_usage":[41],"damage_taken":[{"damage":7.0,"enemies":"Cultist","floor":1.0,"turns":4.0},{"damage":6.0,"enemies":"2 Louse","floor":2.0,"turns":3.0},{"damage":4.0,"enemies":"Small Slimes","floor":3.0,"turns":4.0},{"damage":18.0,"enemies":"3 Louse","floor":4.0,"turns":7.0},{"damage":57.0,"enemies":"3 Sentries","floor":7.0,"turns":12.0},{"damage":9.0,"enemies":"Exordium Wildlife","floor":8.0,"turns":5.0},{"damage":9.0,"enemies":"Large Slime","floor":10.0,"turns":6.0},{"damage":11.0,"enemies":"Lagavulin","floor":13.0,"turns":8.0},{"damage":6.0,"enemies":"Hexaghost","floor":16.0,"turns":11.0},{"damage":19.0,"enemies":"Shell Parasite","floor":18.0,"turns":4.0},{"damage":6.0,"enemies":"3 Byrds","floor":20.0,"turns":5.0},{"damage":19.0,"enemies":"Book of Stabbing","floor":25.0,"turns":6.0},{"damage":15.0,"enemies":"Slavers","floor":27.0,"turns":4.0},{"damage":1.0,"enemies":"3 Cultists","floor":28.0,"turns":3.0},{"damage":6.0,"enemies":"Snake Plant","floor":29.0,"turns":5.0},{"damage":14.0,"enemies":"Automaton","floor":33.0,"turns":10.0},{"damage":12.0,"enemies":"3 Shapes","floor":35.0,"turns":5.0},{"damage":0.0,"enemies":"3 Darklings","floor":38.0,"turns":1.0},{"damage":79.0,"enemies":"Spire Growth","floor":39.0,"turns":6.0},{"damage":39,"enemies":"Reptomancer","floor":41,"turns":6},{"damage":24,"enemies":"Maw","floor":42,"turns":6}],"seed_played":"-8729004320822753402","potions_obtained":[{"floor":3.0,"key":"EssenceOfSteel"},{"floor":8.0,"key":"AttackPotion"},{"floor":10.0,"key":"BloodPotion"},{"floor":11.0,"key":"SteroidPotion"},{"floor":16.0,"key":"DistilledChaos"},{"floor":20.0,"key":"GamblersBrew"},{"floor":28.0,"key":"ElixirPotion"},{"floor":29.0,"key":"Energy Potion"}],"is_trial":false,"path_per_floor":["M","M","M","M","$","R","E","M","T","M","?","R","E","$","R","B",null,"M","?","M","?","?","R","?","E","T","E","M","M","R","T","R","B",null,"M","?","?","M","M","R","E","M"],"character_chosen":"IRONCLAD","items_purchased":["Rampage","Strength Potion","Inflame"],"campfire_rested":3,"item_purchase_floors":[5,5,14],"current_hp_per_floor":[74,74,76,64,64,64,13,10,10,7,23,47,42,42,42,42,72,59,59,59,38,38,62,62,49,49,54,62,65,65,65,65,60,94,91,91,91,97,24,54,21,0,0],"gold":322,"neow_bonus":"TEN_PERCENT_HP_BONUS","is_daily":false,"chose_seed":false,"campfire_upgraded":4,"win_rate":0.0,"timestamp":1609678047,"path_taken":["M","M","M","?","$","R","E","M","T","M","?","R","E","$","R","BOSS","M","?","M","?","?","R","?","E","T","E","M","?","R","?","R","BOSS","M","?","?","?","M","R","E","M"],"items_purchased_type":["Card","Potion","Card"],"build_version":"2020-12-22","purchased_purges":1,"victory":false,"max_hp_per_floor":[82,82,82,82,82,82,82,82,82,82,82,82,82,82,82,82,82,82,82,82,82,82,82,82,82,82,96,99,102,102,102,102,105,105,108,103,103,103,103,103,103,103,103],"relic_stats":{"Happy Flower":[28],"counters":[21,121],"Burning Blood":120,"WarpedTongs":[19],"Dream Catcher":3,"Shovel":0,"Shuriken":[4],"Bronze Scales":[9],"Snecko Eye":[93,99,110,111],"Art of War":[17],"Necronomicon":[16],"Kunai":[2],"obtain_stats":[{"Lantern":25,"Happy Flower":9,"Mango":27,"Burning Blood":0,"WarpedTongs":37,"Calling Bell":34,"Dream Catcher":7,"Anchor":34,"Shovel":34,"Shuriken":31,"Bronze Scales":41,"Snecko Eye":17,"Art of War":13,"Necronomicon":21,"Bag of Marbles":26,"Kunai":34},{"Lantern":12,"Happy Flower":6,"Mango":13,"Burning Blood":0,"WarpedTongs":17,"Calling Bell":16,"Dream Catcher":5,"Anchor":16,"Shovel":16,"Shuriken":15,"Bronze Scales":20,"Snecko Eye":9,"Art of War":8,"Necronomicon":11,"Bag of Marbles":12,"Kunai":16},{"Lantern":75,"Happy Flower":35,"Mango":79,"Burning Blood":0,"WarpedTongs":102,"Calling Bell":97,"Dream Catcher":30,"Anchor":97,"Shovel":97,"Shuriken":87,"Bronze Scales":115,"Snecko Eye":60,"Art of War":49,"Necronomicon":69,"Bag of Marbles":75,"Kunai":97}]},"card_choices":[{"not_picked":["Clash","Body Slam","Bloodletting"],"picked":"SKIP","floor":1.0},{"not_picked":["Evolve","Burning Pact"],"picked":"Metallicize","floor":2.0},{"not_picked":["Iron Wave","Power Through"],"picked":"Disarm","floor":3.0},{"not_picked":["Thunderclap","Pommel Strike"],"picked":"Clothesline","floor":4.0},{"not_picked":["Body Slam","Warcry"],"picked":"Shockwave","floor":7.0},{"not_picked":["True Grit","Perfected Strike"],"picked":"Burning Pact","floor":8.0},{"not_picked":["Anger","Dual Wield"],"picked":"Feel No Pain","floor":10.0},{"not_picked":["Feel No Pain","Pommel Strike"],"picked":"Flame Barrier","floor":13.0},{"not_picked":["Double Tap","Limit Break"],"picked":"Offering","floor":16.0},{"not_picked":["Heavy Blade","Clothesline","Clash"],"picked":"SKIP","floor":18.0},{"not_picked":["Warcry","Pummel","Twin Strike"],"picked":"SKIP","floor":20.0},{"not_picked":["Iron Wave","Headbutt+1"],"picked":"Inflame","floor":23.0},{"not_picked":["Clothesline","Havoc"],"picked":"Whirlwind","floor":25.0},{"not_picked":["Sword Boomerang","True Grit"],"picked":"Feed","floor":27.0},{"not_picked":["Wild Strike+1","Headbutt+1"],"picked":"Shrug It Off","floor":28.0},{"not_picked":["Warcry","Body Slam"],"picked":"Pommel Strike","floor":29.0},{"not_picked":["Offering","Double Tap"],"picked":"Juggernaut","floor":33.0},{"not_picked":["Wild Strike","Uppercut+1"],"picked":"Shockwave","floor":35.0},{"not_picked":["Power Through","Whirlwind"],"picked":"Sever Soul","floor":38.0},{"not_picked":["Seeing Red","Iron Wave+1"],"picked":"Shrug It Off","floor":39.0},{"not_picked":["Blood for Blood","Iron Wave+1"],"picked":"Dual Wield","floor":40.0},{"not_picked":["Anger+1","Perfected Strike","Dropkick"],"picked":"SKIP","floor":41}],"player_experience":529551,"relics_obtained":[{"floor":7.0,"key":"Dream Catcher"},{"floor":9.0,"key":"Happy Flower"},{"floor":13.0,"key":"Art of War"},{"floor":21.0,"key":"Necronomicon"},{"floor":25.0,"key":"Lantern"},{"floor":26.0,"key":"Bag of Marbles"},{"floor":27.0,"key":"Mango"},{"floor":31.0,"key":"Shuriken"},{"floor":34.0,"key":"Anchor"},{"floor":34.0,"key":"Kunai"},{"floor":34.0,"key":"Shovel"},{"floor":41,"key":"Bronze Scales"}],"event_choices":[{"damage_healed":0.0,"max_hp_gain":0.0,"max_hp_loss":0.0,"gold_gain":0.0,"event_name":"Lab","player_choice":"Got Potions","floor":11.0,"gold_loss":0.0,"damage_taken":0.0},{"cards_removed":["Strike_R"],"damage_healed":0.0,"max_hp_gain":0.0,"max_hp_loss":0.0,"gold_gain":0.0,"event_name":"Beggar","player_choice":"Gave Gold","floor":19.0,"gold_loss":75.0,"damage_taken":0.0},{"damage_healed":0.0,"max_hp_gain":0.0,"max_hp_loss":0.0,"gold_gain":0.0,"event_name":"Cursed Tome","player_choice":"Obtained Book","floor":21.0,"gold_loss":0.0,"damage_taken":21.0},{"damage_healed":0.0,"max_hp_gain":0.0,"max_hp_loss":0.0,"gold_gain":0.0,"event_name":"The Mausoleum","player_choice":"Ignored","floor":22.0,"gold_loss":0.0,"damage_taken":0.0},{"damage_healed":0.0,"max_hp_gain":0.0,"max_hp_loss":0.0,"gold_gain":0.0,"event_name":"Back to Basics","player_choice":"Simplicity","floor":24.0,"gold_loss":0.0,"damage_taken":0.0,"cards_upgraded":["Strike_R","Strike_R","Strike_R","Defend_R","Defend_R","Defend_R","Defend_R"]},{"damage_healed":0.0,"max_hp_gain":0.0,"max_hp_loss":5.0,"gold_gain":0.0,"event_name":"Winding Halls","player_choice":"Max HP","floor":36.0,"gold_loss":0.0,"damage_taken":0.0},{"damage_healed":0.0,"max_hp_gain":0.0,"max_hp_loss":0.0,"gold_gain":0.0,"event_name":"Accursed Blacksmith","player_choice":"Rummage","floor":37.0,"gold_loss":0.0,"damage_taken":0.0,"relics_obtained":["WarpedTongs"],"cards_obtained":["Pain"]}],"is_beta":false,"boss_relics":[{"not_picked":["SacredBark","Mark of Pain"],"picked":"Snecko Eye"},{"not_picked":["Runic Pyramid","Velvet Choker"],"picked":"Calling Bell"}],"items_purged_floors":[5],"is_endless":false,"potions_floor_spawned":[3,8,10,16,20,28,29],"killed_by":"Maw","ascension_level":20}}