{"host":"xjyie0ctswsml60g","time":1609717269,"event":{"mods":["AchievementEnabler","BaseMod","Colored Map","Minty Spire (QoL Compilation)","Quick Restart","SuperFastMode"],"gold_per_floor":[119,119,129,141,159,159,189,206,278,291,303,318,318,318,318],"floor_reached":14,"playtime":470,"items_purged":[],"score":96,"play_id":"6d43fb6a-e783-4fa2-9c1f-a52cd28aea48","local_time":"20210104014109","is_ascension_mode":false,"campfire_choices":[{"data":"Entrench","floor":6.0,"key":"SMITH"},{"data":"Armaments","floor":13,"key":"SMITH"}],"circlet_count":0,"master_deck":["Strike_R","Strike_R","Strike_R","Strike_R","Strike_R","Defend_R","Defend_R","Defend_R","Defend_R","Bash","Headbutt","Entrench+1","Entrench","Armaments+1","Shrug It Off","Seeing Red"],"relics":["Burning Blood"],"acts_visited":["Exordium"],"potions_floor_usage":[12,14],"damage_taken":[{"damage":8.0,"enemies":"Small Slimes","floor":1.0,"turns":3.0},{"damage":6.0,"enemies":"Cultist","floor":3.0,"turns":3.0},{"damage":3.0,"enemies":"2 Louse","floor":4.0,"turns":4.0},{"damage":17.0,"enemies":"Gremlin Gang","floor":5.0,"turns":5.0},{"damage":29.0,"enemies":"Gremlin Nob","floor":7.0,"turns":5.0},{"damage":21.0,"enemies":"Lots of Slimes","floor":8.0,"turns":6.0},{"damage":5.0,"enemies":"2 Fungi Beasts","floor":10.0,"turns":5.0},{"damage":19.0,"enemies":"Blue Slaver","floor":11.0,"turns":3.0},{"damage":10,"enemies":"Exordium Thugs","floor":12,"turns":4},{"damage":28,"enemies":"Lagavulin","floor":14,"turns":8}],"seed_played":"-5611839938492035846","potions_obtained":[{"floor":4.0,"key":"Energy Potion"},{"floor":8.0,"key":"PowerPotion"},{"floor":11.0,"key":"GamblersBrew"},{"floor":12,"key":"FearPotion"}],"is_trial":false,"path_per_floor":["M","?","M","M","M","R","E","M","T","M","M","M","R","E"],"character_chosen":"IRONCLAD","items_purchased":[],"campfire_rested":0,"item_purchase_floors":[],"current_hp_per_floor":[86,86,86,88,77,77,54,39,39,40,27,23,23,0,0],"gold":318,"neow_bonus":"TEN_PERCENT_HP_BONUS","is_daily":false,"chose_seed":false,"campfire_upgraded":2,"win_rate":0.0,"timestamp":1609717269,"path_taken":["M","?","M","M","M","R","E","M","T","M","?","M","R","E"],"items_purchased_type":[],"build_version":"2020-12-22","purchased_purges":0,"victory":false,"max_hp_per_floor":[88,88,88,88,88,88,88,88,88,88,88,88,88,88,88],"card_choices":[{"not_picked":["Disarm","Sentinel"],"picked":"Headbutt","floor":1.0},{"not_picked":["Thunderclap","Havoc"],"picked":"Entrench","floor":3.0},{"not_picked":["Pummel","Wild Strike"],"picked":"Entrench","floor":4.0},{"not_picked":["Feel No Pain","Anger","Dropkick"],"picked":"SKIP","floor":5.0},{"not_picked":["Searing Blow","Clothesline"],"picked":"Armaments","floor":7.0},{"not_picked":["Hemokinesis","Second Wind"],"picked":"Shrug It Off","floor":8.0},{"not_picked":["Blood for Blood","Havoc","Intimidate"],"picked":"SKIP","floor":10.0},{"not_picked":["Pommel Strike","Pummel"],"picked":"Seeing Red","floor":11.0},{"not_picked":["Feel No Pain","Fire Breathing","Cleave"],"picked":"SKIP","floor":12}],"player_experience":518527,"relics_obtained":[],"event_choices":[{"damage_healed":0.0,"max_hp_gain":0.0,"max_hp_loss":0.0,"gold_gain":0.0,"event_name":"WeMeetAgain","player_choice":"Ignored","floor":2.0,"gold_loss":0.0,"damage_taken":0.0}],"is_beta":false,"boss_relics":[],"items_purged_floors":[],"is_endless":false,"potions_floor_spawned":[4,8,11,12],"killed_by":"Lagavulin","ascension_level":0}}