{"host":"6bsan6hkua32tfq7","time":1609704598,"event":{"mods":["BaseMod","Better Third Choice","Colored Map","Highlight Path","Minty Spire (QoL Compilation)","StSLib"],"gold_per_floor":[115,134,134,147,72,72,72,72,72,82,82,82,82,98,98,172,172,151,165,176,15,27,27,27,27],"floor_reached":24,"playtime":613,"items_purged":["Strike_G"],"score":376,"play_id":"a56057ea-2433-41a0-8bb5-8cc396fe9fae","local_time":"20210103210958","is_ascension_mode":true,"campfire_choices":[{"floor":6,"key":"REST"},{"data":"Neutralize","floor":8,"key":"SMITH"},{"data":"Deflect","floor":12,"key":"SMITH"},{"data":"Backflip","floor":15,"key":"SMITH"},{"floor":23,"key":"REST"}],"circlet_count":0,"master_deck":["AscendersBane","Strike_G+1","Strike_G","Defend_G","Defend_G","Defend_G+1","Defend_G+1","Defend_G+1","Survivor","Neutralize+1","CurseOfTheBell","Deflect+1","Skewer+1","Backflip+1","Corpse Explosion","Outmaneuver+1","Crippling Poison","Footwork"],"relics":["Calling Bell","Orichalcum","HornCleat","Ice Cream","Pear","War Paint","Velvet Choker"],"acts_visited":["Exordium","TheCity"],"potions_floor_usage":[20],"damage_taken":[{"damage":9,"enemies":"Jaw Worm","floor":1,"turns":5},{"damage":0,"enemies":"2 Louse","floor":2,"turns":3},{"damage":2,"enemies":"Cultist","floor":4,"turns":4},{"damage":0,"enemies":"Large Slime","floor":10,"turns":4},{"damage":0,"enemies":"2 Fungi Beasts","floor":14,"turns":6},{"damage":14,"enemies":"Slime Boss","floor":16,"turns":7},{"damage":6,"enemies":"2 Thieves","floor":18,"turns":5},{"damage":2,"enemies":"Chosen","floor":19,"turns":4},{"damage":15,"enemies":"Sentry and Sphere","floor":20,"turns":6},{"damage":12,"enemies":"Chosen and Byrds","floor":22,"turns":7},{"damage":59,"enemies":"Book of Stabbing","floor":24,"turns":8}],"seed_played":"-8066138828175497262","potions_obtained":[{"floor":14,"key":"Explosive Potion"},{"floor":18,"key":"SkillPotion"}],"is_trial":false,"path_per_floor":["M","M","?","M","?","R","?","R","T","M","?","R","?","M","R","B",null,"M","M","M","$","M","R","E"],"character_chosen":"THE_SILENT","items_purchased":["Footwork"],"campfire_rested":2,"item_purchase_floors":[21],"current_hp_per_floor":[50,50,30,28,28,47,47,47,57,57,57,57,57,57,57,43,68,62,60,45,45,33,55,0,0],"gold":27,"neow_bonus":"BOSS_RELIC","is_daily":false,"chose_seed":false,"campfire_upgraded":3,"win_rate":0.0,"timestamp":1609704598,"path_taken":["M","M","?","M","?","R","?","R","T","?","?","R","?","M","R","BOSS","M","M","M","?","M","R","E"],"items_purchased_type":["Card"],"build_version":"2020-12-22","purchased_purges":1,"victory":false,"max_hp_per_floor":[66,66,66,66,66,66,66,66,76,76,76,76,76,76,76,76,76,76,76,76,76,76,76,76,76],"card_choices":[{"not_picked":["Escape Plan","Masterful Stab"],"picked":"Deadly Poison","floor":1},{"not_picked":["Setup","Blur"],"picked":"Deflect","floor":2},{"not_picked":["Bullet Time","Heel Hook"],"picked":"Skewer","floor":4},{"not_picked":["Quick Slash","Sucker Punch","Dodge and Roll"],"picked":"SKIP","floor":10},{"not_picked":["Acrobatics","Prepared"],"picked":"Backflip","floor":14},{"not_picked":["Die Die Die","Envenom"],"picked":"Corpse Explosion","floor":16},{"not_picked":["Flying Knee","Underhanded Strike"],"picked":"Outmaneuver+1","floor":18},{"not_picked":["All Out Attack","Deadly Poison"],"picked":"Crippling Poison","floor":19},{"not_picked":["Quick Slash","Backflip","Flying Knee"],"picked":"SKIP","floor":20},{"not_picked":["Underhanded Strike","Flechettes+1","Infinite Blades"],"picked":"SKIP","floor":22}],"player_experience":5234363,"relics_obtained":[{"floor":0,"key":"Orichalcum"},{"floor":0,"key":"HornCleat"},{"floor":0,"key":"Ice Cream"},{"floor":9,"key":"Pear"}],"event_choices":[{"damage_healed":50,"gold_gain":0,"player_choice":"Upgrade","damage_taken":20,"max_hp_gain":0,"max_hp_loss":66,"event_name":"betterThird:BetterShining","floor":3,"gold_loss":0,"cards_upgraded":["Strike_G","Defend_G"]},{"cards_removed":["Strike_G"],"damage_healed":0,"gold_gain":0,"player_choice":"Card Removal","damage_taken":0,"max_hp_gain":0,"max_hp_loss":0,"event_name":"The Cleric","floor":5,"gold_loss":75},{"damage_healed":0,"gold_gain":0,"player_choice":"Forge","damage_taken":0,"max_hp_gain":0,"max_hp_loss":0,"event_name":"Accursed Blacksmith","floor":7,"gold_loss":0,"cards_upgraded":["Skewer"]},{"cards_removed":["Strike_G"],"damage_healed":0,"gold_gain":0,"player_choice":"Forget","damage_taken":0,"max_hp_gain":0,"max_hp_loss":0,"event_name":"Living Wall","floor":11,"gold_loss":0},{"cards_removed":["Deadly Poison"],"damage_healed":0,"gold_gain":0,"player_choice":"Gave Card","damage_taken":0,"relics_obtained":["War Paint"],"max_hp_gain":0,"max_hp_loss":0,"event_name":"WeMeetAgain","floor":13,"gold_loss":0}],"is_beta":false,"boss_relics":[{"not_picked":["Philosopher\u0027s Stone","Pandora\u0027s Box"],"picked":"Velvet Choker"}],"items_purged_floors":[21],"is_endless":false,"potions_floor_spawned":[14,18,19],"killed_by":"Book of Stabbing","ascension_level":20}}