{"host":"xu0zbcebhy6w9mdv","time":1609639217,"event":{"mods":["AchievementEnabler","Act Like it!","Aspiration","BaseMod","Better Match","Better Third Choice","BetterRewards","Colored Powertips","Downfall","Duelist Mod","Friendly Minions","Gensokyo","Hallownest","Hubris","Infinite Spire","Marisa????????","Minty Spire (QoL Compilation)","Potionbrewer","Quick Restart","READ ME - Guardian Mod","READ ME - Snecko Mod","Rare Cards Sparkle","Replay The Spire","Shop Mod","StSLib","The Animator","The Blackbeard","The Bug Knight","The Cursed","The Hierophant","The Necromancer","The Runesmith","The Servant 0.9.4"],"gold_per_floor":[142,73,73,86,86,116,116,116,116,126,126,126,126,146,146,217,217,227,247,295,45,58,58,88,88,88,98,114,146,164,164,164,238,238,248,297,297,297],"floor_reached":39,"playtime":3517,"items_purged":["theDuelist:TyrantWing"],"score":1244,"play_id":"5560388c-d075-4c6a-8199-8c7355c1f799","local_time":"20210102210017","is_ascension_mode":true,"campfire_choices":[{"floor":7,"key":"REST"},{"data":"theDuelist:SpiralSpearStrike","floor":7,"key":"SMITH"},{"data":"theDuelist:Illusionist","floor":11,"key":"SMITH"},{"data":"theDuelist:RainbowKuribohBasic","floor":13,"key":"SMITH"},{"data":"theDuelist:RainbowNeos","floor":15,"key":"SMITH"},{"data":"theDuelist:OrbMetronome","floor":23,"key":"SMITH"},{"data":"theDuelist:Polymerization","floor":25,"key":"SMITH"},{"floor":32,"key":"REST"},{"floor":32,"key":"DIG"}],"circlet_count":0,"master_deck":["theDuelist:CatShark","theDuelist:CastleWalls","theDuelist:PotGenerosity","theDuelist:RainbowNeos+1","theDuelist:RainbowFlower","theDuelist:Sparks","theDuelist:OrbMetronome+1","AscendersBane","theDuelist:SpiralSpearStrike+1","theDuelist:RainbowKuribohBasic+1","theDuelist:Illusionist+1","theDuelist:HappyLover","theDuelist:Eva","theDuelist:CastleWalls","theDuelist:Polymerization+1","theDuelist:Hayate","theDuelist:RainbowDragon+1","theDuelist:Sparks","theDuelist:RainbowDragon","theDuelist:TyrantWing+1","theDuelist:DunamesDarkWitch"],"relics":["theDuelist:MillenniumPuzzle","theDuelist:CardPoolRelic","theDuelist:CardPoolBasicRelic","theDuelist:BoosterPackPoolRelic","theDuelist:CardPoolAddRelic","theDuelist:CardPoolMinusRelic","theDuelist:CardPoolSaveRelic","theDuelist:CardPoolOptionsRelic","Runesmith:Nanobots","Calipers","theDuelist:MetronomeRelicB","infinitespire:Magic Flask","Quantum Egg","aspiration:PoetsPen_weak","Boot","infinitespire:CheckeredPen","Strawberry","infinitespire:BottledMercury","Vajra","hubris:Spice","infinitespire:Satchel","Ring of Chaos","Basket Of Snakes"],"acts_visited":["Exordium","TheCity","TheBeyond"],"potions_floor_usage":[22,29,33,33],"damage_taken":[{"damage":0,"enemies":"Cultist","floor":1,"turns":2},{"damage":3,"enemies":"Small Slimes","floor":4,"turns":3},{"damage":0,"enemies":"HollowMod:MossKnight","floor":6,"turns":5},{"damage":0,"enemies":"Jaw Worm","floor":10,"turns":1},{"damage":0,"enemies":"3 Louse","floor":14,"turns":4},{"damage":0,"enemies":"Slime Boss","floor":16,"turns":3},{"damage":0,"enemies":"3 Byrds","floor":18,"turns":6},{"damage":0,"enemies":"Centurion and Healer","floor":19,"turns":3},{"damage":0,"enemies":"Snecko","floor":22,"turns":3},{"damage":10,"enemies":"theDuelist:KaibaA2","floor":24,"turns":5},{"damage":0,"enemies":"3 Cultists","floor":27,"turns":2},{"damage":0,"enemies":"Snake Plant","floor":28,"turns":3},{"damage":0,"enemies":"HollowMod:Nosk","floor":29,"turns":2},{"damage":6,"enemies":"Centurion and Healer","floor":30,"turns":2},{"damage":58,"enemies":"Collector","floor":33,"turns":5},{"damage":5,"enemies":"Orb Walker","floor":35,"turns":2},{"damage":21,"enemies":"2 Orb Walkers","floor":36,"turns":2},{"damage":2,"enemies":"Replay:Hell Engine","floor":38,"turns":5}],"seed_played":"7579462092937440757","potions_obtained":[{"floor":4,"key":"HeartOfIron"},{"floor":18,"key":"LifebloodPotion"},{"floor":28,"key":"potionbrewer:AcidPotion"},{"floor":29,"key":"PowerPotion"},{"floor":30,"key":"theDuelist:SolderPotionB"}],"is_trial":false,"path_per_floor":["M","?","$","M","$","E","R","?","T","M","R","?","R","M","R","B",null,"M","M","T","$","M","R","E","R","T","M","M","E","M","AVR","R","B",null,"M","?","?","B",null],"character_chosen":"THE_DUELIST","items_purchased":["theDuelist:RainbowDragon","theDuelist:PotGenerosity","Runesmith:Nanobots","infinitespire:CheckeredPen"],"campfire_rested":2,"item_purchase_floors":[0,0,0,21],"current_hp_per_floor":[56,56,56,53,53,53,70,70,70,70,70,70,70,70,70,70,70,70,70,70,70,70,70,67,67,67,67,67,67,61,69,85,27,71,66,45,45,43],"gold":297,"neow_bonus":"","is_daily":false,"chose_seed":false,"campfire_upgraded":6,"win_rate":0.0,"timestamp":1609639217,"path_taken":["M","?","?","M","$","E","R","?","T","?","R","?","R","M","R","BOSS","M","M","?","$","?","R","E","R","T","M","M","E","M","AVR","R","BOSS","M","?","?","BOSS"],"items_purchased_type":["Card","Card","Relic","Relic"],"build_version":"2020-12-22","purchased_purges":1,"victory":true,"max_hp_per_floor":[70,70,70,70,70,70,70,70,70,70,70,70,70,70,70,70,70,70,70,70,70,70,70,77,77,77,77,77,77,77,85,85,85,85,85,85,85,85],"card_choices":[{"not_picked":["theDuelist:Biofalcon","theDuelist:SummonedSkull","theDuelist:TwinHeadedFire","theDuelist:CurseDragon"],"picked":"theDuelist:CatShark","floor":1},{"not_picked":["theDuelist:SevenColoredFish","theDuelist:BlizzardThunderbird","theDuelist:GadgetSoldier","theDuelist:FearFromDark","theDuelist:WhiteHornDragon"],"picked":"SKIP","floor":4},{"not_picked":["theDuelist:RedGadget","theDuelist:TributeDoomed","theDuelist:YamataDragon","theDuelist:AncientRules"],"picked":"theDuelist:SpiralSpearStrike","floor":6},{"not_picked":["theDuelist:TwinHeadedFire","theDuelist:WhiteMagicalHat","theDuelist:SuperSolarNutrient","theDuelist:CurseDragon"],"picked":"theDuelist:Illusionist","floor":10},{"not_picked":["theDuelist:SevenColoredFish","theDuelist:DragonPiper","theDuelist:FiendMegacyber","theDuelist:ShallowGrave","theDuelist:Pumpking"],"picked":"SKIP","floor":14},{"not_picked":["theDuelist:Metronome","theDuelist:CallGrave","theDuelist:SangaWater","theDuelist:StardustDragon"],"picked":"theDuelist:OrbMetronome","floor":16},{"not_picked":["theDuelist:BlizzardWarrior","theDuelist:Illusionist","theDuelist:BetaMagnet","theDuelist:Pumpking","theDuelist:TyrantWing+1"],"picked":"SKIP","floor":18},{"not_picked":["theDuelist:SevenColoredFish","theDuelist:FiendMegacyber+1","theDuelist:DunamesDarkWitch","theDuelist:RainbowNeos","theDuelist:Umi"],"picked":"SKIP","floor":19},{"not_picked":["theDuelist:SangaEarth","theDuelist:SpiritHarp","theDuelist:RainbowFlower","theDuelist:RainbowKuriboh"],"picked":"theDuelist:HappyLover","floor":22},{"not_picked":["theDuelist:Hinotama","theDuelist:MagicalStone","theDuelist:WeepingIdol+1","theDuelist:GolemSentry"],"picked":"theDuelist:Polymerization","floor":24},{"not_picked":["theDuelist:GoblinZombie","theDuelist:Illusionist","theDuelist:CurseDragon","theDuelist:SevenColoredFish","theDuelist:IronDraw"],"picked":"SKIP","floor":27},{"not_picked":["theDuelist:MysticalElf","theDuelist:ShadowVampire+1","theDuelist:ShallowGrave","theDuelist:CurseDragon"],"picked":"theDuelist:RainbowDragon","floor":28},{"not_picked":["theDuelist:WhiteHowling","theDuelist:VioletCrystal","theDuelist:Mountain+1","theDuelist:HeartUnderdog"],"picked":"theDuelist:TyrantWing","floor":29},{"not_picked":["theDuelist:CharcoalInpachi","theDuelist:SpiralSpearStrike+1","theDuelist:ClearKuriboh","theDuelist:FuryFire+1"],"picked":"theDuelist:TyrantWing+1","floor":30},{"not_picked":["theDuelist:CharcoalInpachi","theDuelist:SpiralSpearStrike+1","theDuelist:TyrantWing+1","theDuelist:ClearKuriboh","theDuelist:SphereKuriboh"],"picked":"SKIP","floor":35}],"player_experience":521115,"relics_obtained":[{"floor":6,"key":"infinitespire:Magic Flask"},{"floor":9,"key":"Quantum Egg"},{"floor":20,"key":"Boot"},{"floor":24,"key":"Strawberry"},{"floor":26,"key":"infinitespire:BottledMercury"},{"floor":29,"key":"Vajra"},{"floor":32,"key":"infinitespire:Satchel"},{"floor":36,"key":"Basket Of Snakes"}],"event_choices":[{"damage_healed":0,"gold_gain":0,"player_choice":"Paid Gold","damage_taken":0,"relics_obtained":["theDuelist:MetronomeRelicB"],"max_hp_gain":0,"max_hp_loss":0,"event_name":"WeMeetAgain","floor":2,"gold_loss":69},{"damage_healed":0,"gold_gain":0,"player_choice":"Leave","duelist":true,"damage_taken":0,"max_hp_gain":0,"max_hp_loss":0,"event_name":"Card Trader","floor":12,"gold_loss":0},{"damage_healed":0,"gold_gain":0,"player_choice":"Fight","damage_taken":0,"max_hp_gain":0,"max_hp_loss":0,"event_name":"Mysterious Sphere","floor":36,"gold_loss":0},{"damage_healed":0,"gold_gain":0,"player_choice":"Portal","damage_taken":0,"max_hp_gain":0,"max_hp_loss":0,"event_name":"betterThird:BetterPortal","floor":37,"gold_loss":0}],"is_beta":false,"boss_relics":[{"not_picked":["Inserter","Kintsugi"],"picked":"aspiration:PoetsPen_weak"},{"not_picked":["hubris:Spice","hubris:Spice"],"picked":"Ring of Chaos"}],"items_purged_floors":[31],"is_endless":false,"potions_floor_spawned":[4,18,28,29,30],"ascension_level":14}}