{"host":"gsmj583br51y3r1c","time":1609675760,"event":{"mods":["AchievementEnabler","BaseMod","Better Note","Colored Map","Downfall","Hermit","Highlight Path","Hubris","Infinite Spire","Marisa????????","Minty Spire (QoL Compilation)","Quick Restart","StSLib","The Administrix","The Bug Knight","The Cursed","The Disciple","The Hierophant","The Marked","The Necromancer","The Runesmith","The Servant 0.9.4","Unceasing Turn Reminder","everything is the same but u backflip on backflip"],"gold_per_floor":[112,112,112,124,124,150,150,150,150,150,150,150,166,178,178,283,283,283,283],"floor_reached":18,"playtime":1041,"items_purged":[],"score":183,"play_id":"e9615f8d-0cba-4c84-b7b0-be9fcdecbe6e","local_time":"20210103140920","is_ascension_mode":false,"campfire_choices":[{"data":"theMarked:ElementalBlade","floor":7,"key":"SMITH"},{"floor":10,"key":"RECALL"},{"data":"theMarked:SoldierOfQuellstein","floor":15,"key":"SMITH"}],"circlet_count":0,"master_deck":["theMarked:Strike","theMarked:Strike","theMarked:Strike","theMarked:Strike","theMarked:Defend","theMarked:Defend","theMarked:Defend","theMarked:Defend","theMarked:SoldierOfQuellstein+1","theMarked:SwordAndMagic","theMarked:Opportunist","theMarked:ElementalBlade+1","theMarked:RogueSparks","theMarked:EmpowerWeapon","theMarked:EmpowerWeapon","theMarked:Challenge","CurseOfTheBell"],"relics":["theMarked:ArtifactOfAir","NeowsBlessing","Pantograph","theMarked:VonisonLock","hubris:Towel","Pocketwatch","Calling Bell","Smiling Mask","hubris:Potato","infinitespire:Bottled Soul"],"acts_visited":["Exordium","TheCity"],"potions_floor_usage":[6,16],"damage_taken":[{"damage":0,"enemies":"2 Louse","floor":1,"turns":1},{"damage":0,"enemies":"Small Slimes","floor":4,"turns":1},{"damage":0,"enemies":"HollowMod:MossKnight","floor":6,"turns":1},{"damage":6,"enemies":"Jaw Worm","floor":13,"turns":3},{"damage":8,"enemies":"2 Fungi Beasts","floor":14,"turns":4},{"damage":38,"enemies":"Hexaghost","floor":16,"turns":6},{"damage":0,"enemies":"2 Thieves","floor":18,"turns":1}],"seed_played":"-5412757976182308333","potions_obtained":[{"floor":1,"key":"Dexterity Potion"},{"floor":6,"key":"Fruit Juice"},{"floor":13,"key":"DuplicationPotion"},{"floor":16,"key":"SkillPotion"}],"is_trial":false,"path_per_floor":["M","?","?","M","T","E","R","?","T","R","?","?","M","M","R","B",null,"M"],"character_chosen":"THE_DEFAULT","items_purchased":[],"campfire_rested":0,"item_purchase_floors":[],"current_hp_per_floor":[70,70,70,70,70,75,75,68,68,68,68,65,59,51,51,37,75,75,75],"gold":283,"neow_bonus":"THREE_ENEMY_KILL","is_daily":false,"chose_seed":false,"campfire_upgraded":2,"win_rate":0.0,"timestamp":1609675760,"path_taken":["M","?","?","M","?","E","R","?","T","R","?","?","M","?","R","BOSS","M"],"items_purchased_type":[],"build_version":"2020-12-22","purchased_purges":0,"victory":false,"max_hp_per_floor":[70,70,70,70,70,75,75,75,75,75,75,75,75,75,75,75,75,75,75],"card_choices":[{"not_picked":["theMarked:WastefulDefense","theMarked:WastefulAttack"],"picked":"theMarked:SwordAndMagic","floor":1},{"not_picked":["theMarked:Overthink","theMarked:Electrocute"],"picked":"theMarked:ElementalBlade","floor":4},{"not_picked":["theMarked:CreepingChasm","theMarked:ChainLightning"],"picked":"theMarked:RogueSparks","floor":6},{"not_picked":["theMarked:Reabsorb","theMarked:TakeCover"],"picked":"theMarked:EmpowerWeapon","floor":13},{"not_picked":["theMarked:Static","theMarked:Generate"],"picked":"theMarked:EmpowerWeapon","floor":14},{"not_picked":["theMarked:Levitate","theMarked:DispelDoubt"],"picked":"theMarked:Challenge","floor":16}],"player_experience":287983,"relics_obtained":[{"floor":5,"key":"Pantograph"},{"floor":6,"key":"theMarked:VonisonLock"},{"floor":17,"key":"Smiling Mask"},{"floor":17,"key":"hubris:Potato"},{"floor":17,"key":"infinitespire:Bottled Soul"}],"event_choices":[{"cards_removed":["theMarked:Strike"],"damage_healed":0,"gold_gain":0,"player_choice":"Card Removal","damage_taken":7,"max_hp_gain":0,"max_hp_loss":0,"event_name":"Golden Wing","floor":8,"gold_loss":0},{"damage_healed":0,"gold_gain":0,"player_choice":"Success","damage_taken":3,"relics_obtained":["Pocketwatch"],"max_hp_gain":0,"max_hp_loss":0,"event_name":"Scrap Ooze","floor":12,"gold_loss":0}],"is_beta":false,"boss_relics":[{"not_picked":["hubris:ScarierMask","hubris:TerracottaHorce"],"picked":"Calling Bell"}],"items_purged_floors":[],"is_endless":false,"potions_floor_spawned":[1,6,13,16],"killed_by":"2 Thieves","ascension_level":0}}