{"host":"m4gez01cdgxblqzl","time":1609639222,"event":{"mods":["2.2 Compatiblity","AchievementEnabler","Act Like it!","Aspiration","BaseMod","Better Altar","Better Match","Better Note","Better Sensory Stone","Better Skull","Better Third Choice","Better Vampires","BetterRewards","Block Reminder","CCEM","Challenge The Spire","Clawfect","Colored Powertips","Conspire","Curses Come First","Downfall","Energized Spire","Friendly Minions","GifTheSpireLib","Glutton Mod","Halation","Hermit","Hubris","Infinite Spire","Jedi Mod","Marked Mod","Minty Spire (QoL Compilation)","Permanent Neow","Practice Mode","Quick Restart","READ ME - Guardian Mod","Rare Cards Sparkle","RatMod","Relic Sorter","Relic Stats","Replay The Spire","Reworked Bosses","Shade Mod","Shop Mod","Spicy Shops","Spikes Relics","StSLib","Stuff the Spire","SuperFastMode","Synergy Search","The Blue Laboratory","The Construct","The Jungle","The Problem Sleuth","The Runesmith","The Spell Scribe","Thieving Mod","Trackpad","Unceasing Turn Reminder","Unknown Chances","everything is the same but u backflip on backflip","vexMod","??????REMEMod"],"gold_per_floor":[116,116,45,63,74,74,65,65,117,132,88,88,88,103,103,204,204,222,222,222,22,34,64,64,64,64,74,74,85,85,105,105,205,205,221,496,510,510,522,522,550,54,80,80,30,30,330,358,358,358],"floor_reached":51,"playtime":8264,"items_purged":["Regret"],"score":683,"play_id":"c0779650-6215-46c9-8eb6-51323677d8e7","local_time":"20210102200022","is_ascension_mode":false,"campfire_choices":[{"floor":6,"key":"REST"},{"floor":8,"key":"REST"},{"floor":13,"key":"REST"},{"floor":15,"key":"REST"},{"floor":24,"key":"REST"},{"floor":28,"key":"REST"},{"floor":32,"key":"REST"},{"data":"REME_GreenPollution","floor":40,"key":"SMITH"},{"data":"REME_GreenPollution","floor":44,"key":"SMITH"},{"floor":46,"key":"REST"}],"circlet_count":0,"master_deck":["Strike_G","Strike_G","Strike_G","Strike_G","Strike_G","Defend_G","Defend_G","Defend_G","Defend_G","Survivor","Neutralize","CurseOfTheBell","Catalyst","Noxious Fumes","REME_GreenPollution+1","Dagger Throw","Acrobatics","expansioncontent:DarkVoid","Slice","Envenom","jedi:rejectivetoxin","jedi:unstablefumes","Deadly Poison","jedi:collectorvenom","rat:Shadowstep+1","jedi:unstablefumes","Blade Dance+1","REME_ShadowForm","Deflect+1","REME_GreenPollution+1","Deadly Poison","conspire:SpireCoStock"],"relics":["REME_ComplimentaryCards","Calling Bell","RollingBoulder","hubris:TinFlute","BicycleWheel","StuffTheSpire:GrapeVine","trackpad:PetRock","aspiration:HiddenCompartment","infinitespire:Satchel","betterThird:SlimedRelic","trackpad:Compendium","Replay:Cursed D8","Bloody Idol","halation:Pancakes","aspiration:Stabinomicon","halation:EternalFortune","REME_PuzzleBoxRelic","CosmicIsotope","trackpad:SneckoScepter","Lizard Tail","Lantern","Old Coin"],"acts_visited":["Exordium","TheCity","TheBeyond"],"potions_floor_usage":[16,16,31,35,41,50,50],"damage_taken":[{"damage":3,"enemies":"Small Slimes","floor":1,"turns":3},{"damage":9,"enemies":"Cultist","floor":4,"turns":4},{"damage":1,"enemies":"Jaw Worm","floor":5,"turns":4},{"damage":2,"enemies":"Large Slime","floor":10,"turns":5},{"damage":11,"enemies":"Exordium Thugs","floor":14,"turns":4},{"damage":28,"enemies":"Hexaghost","floor":16,"turns":7},{"damage":16,"enemies":"Shell Parasite","floor":18,"turns":5},{"damage":6,"enemies":"Chosen","floor":22,"turns":4},{"damage":27,"enemies":"Book of Stabbing","floor":23,"turns":4},{"damage":15,"enemies":"Snecko","floor":27,"turns":4},{"damage":5,"enemies":"Snake Plant","floor":29,"turns":3},{"damage":16,"enemies":"Shelled Parasite and Fungi","floor":31,"turns":4},{"damage":12,"enemies":"bossMod:newChamp","floor":33,"turns":6},{"damage":21,"enemies":"3 Darklings","floor":35,"turns":4},{"damage":2,"enemies":"3 Shapes","floor":37,"turns":3},{"damage":8,"enemies":"Maw","floor":39,"turns":5},{"damage":19,"enemies":"Reptomancer","floor":41,"turns":4},{"damage":26,"enemies":"Sphere and 2 Shapes","floor":48,"turns":4},{"damage":15,"enemies":"hubris:GrandSnecko","floor":50,"turns":5}],"seed_played":"-7153580889580739448","potions_obtained":[{"floor":1,"key":"EssenceOfSteel"},{"floor":4,"key":"jedi:tentaclejuice"},{"floor":5,"key":"blueLaboratory:CorrosionFlask"},{"floor":22,"key":"Energy Potion"},{"floor":23,"key":"conspire:TimeTravelPotion"},{"floor":29,"key":"Strength Potion"},{"floor":31,"key":"Regen Potion"},{"floor":35,"key":"jedi:wingpotion"},{"floor":39,"key":"Slimebound:ThreeZeroPotion"},{"floor":49,"key":"Elixir"},{"floor":49,"key":"blueLaboratory:FruitPunch"}],"is_trial":false,"path_per_floor":["M","?","$","M","M","R","$","R","T","M","?","?","R","M","R","B",null,"M","?","?","$","M","E","R","?","T","M","R","M","?","M","R","B",null,"M","?","M","?","M","R","E","$","T","R","?","R","AVR","M","R","B",null],"character_chosen":"THE_SILENT","items_purchased":["REME_GreenPollution","expansioncontent:DarkVoid","halation:Pancakes","Deadly Poison","REME_GreenPollution","Deadly Poison","Lizard Tail"],"campfire_rested":8,"item_purchase_floors":[3,7,21,21,42,42,42],"current_hp_per_floor":[67,18,18,9,8,29,29,50,50,48,37,37,58,47,68,40,70,54,54,19,57,56,34,55,58,58,48,69,69,69,58,73,66,73,62,67,70,69,66,66,52,52,57,57,57,69,69,53,53,40],"gold":358,"neow_bonus":"BOSS_RELIC","is_daily":false,"chose_seed":false,"campfire_upgraded":2,"win_rate":0.0,"timestamp":1609639222,"path_taken":["M","?","$","M","?","R","$","R","T","?","?","?","R","M","R","BOSS","M","?","?","$","M","E","R","?","T","?","R","M","?","M","R","BOSS","M","?","?","?","M","R","E","$","T","R","?","R","AVR","M","R","BOSS"],"items_purchased_type":["Card","Card","Relic","Card","Card","Card","Relic"],"build_version":"2020-12-22","purchased_purges":1,"victory":true,"max_hp_per_floor":[70,70,70,70,70,70,70,70,70,70,70,70,70,70,70,70,70,70,70,70,70,70,70,70,73,73,73,73,73,73,73,73,73,73,73,73,73,69,69,69,69,69,69,69,69,69,69,69,69,71],"relic_stats":{"Lizard Tail":0,"counters":[19,80],"Bloody Idol":70,"obtain_stats":[{"Lantern":43,"trackpad:PetRock":2,"StuffTheSpire:GrapeVine":2,"aspiration:Stabinomicon":23,"aspiration:HiddenCompartment":2,"trackpad:SneckoScepter":41,"Old Coin":47,"Calling Bell":0,"halation:Pancakes":21,"Lizard Tail":42,"betterThird:SlimedRelic":11,"Bloody Idol":20,"infinitespire:Satchel":9,"Replay:Cursed D8":17,"halation:EternalFortune":25,"RollingBoulder":0,"trackpad:Compendium":12,"CosmicIsotope":34,"REME_PuzzleBoxRelic":26,"hubris:TinFlute":0,"BicycleWheel":0,"Ring of the Snake":0,"REME_ComplimentaryCards":0},{"Lantern":17,"trackpad:PetRock":1,"StuffTheSpire:GrapeVine":1,"aspiration:Stabinomicon":9,"aspiration:HiddenCompartment":1,"trackpad:SneckoScepter":17,"Old Coin":17,"Calling Bell":0,"halation:Pancakes":7,"Lizard Tail":17,"betterThird:SlimedRelic":4,"Bloody Idol":7,"infinitespire:Satchel":3,"Replay:Cursed D8":6,"halation:EternalFortune":9,"RollingBoulder":0,"trackpad:Compendium":4,"CosmicIsotope":13,"REME_PuzzleBoxRelic":9,"hubris:TinFlute":0,"BicycleWheel":0,"Ring of the Snake":0,"REME_ComplimentaryCards":0},{"Lantern":71,"trackpad:PetRock":3,"StuffTheSpire:GrapeVine":3,"aspiration:Stabinomicon":40,"aspiration:HiddenCompartment":3,"trackpad:SneckoScepter":71,"Old Coin":71,"Calling Bell":0,"halation:Pancakes":32,"Lizard Tail":71,"betterThird:SlimedRelic":16,"Bloody Idol":32,"infinitespire:Satchel":11,"Replay:Cursed D8":27,"halation:EternalFortune":40,"RollingBoulder":0,"trackpad:Compendium":16,"CosmicIsotope":56,"REME_PuzzleBoxRelic":40,"hubris:TinFlute":0,"BicycleWheel":0,"Ring of the Snake":0,"REME_ComplimentaryCards":0}]},"card_choices":[{"not_picked":["rat:SilverDagger","Underhanded Strike"],"picked":"Noxious Fumes","floor":1},{"not_picked":["rat:RuptureArtery","rat:ColdBlood"],"picked":"Dagger Throw","floor":4},{"not_picked":["ReplayTheSpireMod:Tripwire","StuffTheSpire:Sprint"],"picked":"Acrobatics","floor":5},{"not_picked":["Choke","rat:FanOfKnives"],"picked":"Slice","floor":10},{"not_picked":["rat:Shadowstep","Deadly Poison"],"picked":"Envenom","floor":14},{"not_picked":["Doppelganger","jedi:studyshivs"],"picked":"jedi:rejectivetoxin","floor":16},{"not_picked":["StuffTheSpire:BumpUp","Caltrops"],"picked":"jedi:unstablefumes","floor":18},{"not_picked":["rat:FanOfKnives","Backflip"],"picked":"jedi:collectorvenom","floor":22},{"not_picked":["Skewer+1","Dash"],"picked":"jedi:collectorvenom","floor":23},{"not_picked":["PiercingWail","Deadly Poison"],"picked":"jedi:collectorvenom","floor":27},{"not_picked":["All Out Attack","StuffTheSpire:ClusterCrunch"],"picked":"rat:Shadowstep+1","floor":29},{"not_picked":["Skewer+1","rat:ArgentInfusion"],"picked":"Blade Dance+1","floor":31},{"not_picked":["Adrenaline","jedi:collectorvenom"],"picked":"REME_ShadowForm","floor":33},{"not_picked":["conspire:PoisonWeapons","StuffTheSpire:Incursion"],"picked":"jedi:collectorvenom","floor":35},{"not_picked":["PiercingWail+1","Choke"],"picked":"jedi:collectorvenom","floor":37},{"not_picked":["Flechettes","Dagger Throw+1"],"picked":"Deflect+1","floor":39},{"not_picked":["Masterful Stab","rat:SilveredBlade+1"],"picked":"jedi:collectorvenom","floor":41},{"not_picked":["rat:Shadowstep+1","rat:FanOfKnives"],"picked":"jedi:collectorvenom","floor":48}],"player_experience":61775,"relics_obtained":[{"floor":0,"key":"RollingBoulder"},{"floor":0,"key":"hubris:TinFlute"},{"floor":0,"key":"BicycleWheel"},{"floor":9,"key":"infinitespire:Satchel"},{"floor":23,"key":"aspiration:Stabinomicon"},{"floor":26,"key":"REME_PuzzleBoxRelic"},{"floor":41,"key":"trackpad:SneckoScepter"},{"floor":43,"key":"Lantern"}],"event_choices":[{"damage_healed":0,"gold_gain":0,"player_choice":"RE RE RE ","damage_taken":55,"relics_obtained":["StuffTheSpire:GrapeVine","trackpad:PetRock","aspiration:HiddenCompartment"],"max_hp_gain":0,"max_hp_loss":0,"event_name":"betterSkull:BetterSkull","floor":2,"gold_loss":0,"cards_upgraded":[]},{"damage_healed":0,"gold_gain":0,"player_choice":"Slimed","damage_taken":11,"max_hp_gain":0,"max_hp_loss":0,"event_name":"betterThird:BetterGoop","floor":11,"gold_loss":44},{"damage_healed":0,"gold_gain":0,"player_choice":"Searched \u00271\u0027 times","damage_taken":0,"relics_obtained":["trackpad:Compendium"],"max_hp_gain":0,"max_hp_loss":0,"event_name":"Dead Adventurer","floor":12,"gold_loss":0},{"cards_removed":["Strike_G"],"damage_healed":0,"gold_gain":0,"player_choice":"Give","damage_taken":0,"max_hp_gain":0,"max_hp_loss":0,"event_name":"betterNote:BetterNote","floor":19,"gold_loss":0,"cards_obtained":["Regret"]},{"damage_healed":0,"gold_gain":0,"player_choice":" Idol ","damage_taken":35,"relics_obtained":["Bloody Idol"],"max_hp_gain":54,"max_hp_loss":19,"event_name":"betterAltar:BetterAltar","floor":20,"potions_obtained":[],"relics_lost":[],"gold_loss":0},{"damage_healed":0,"gold_gain":275,"player_choice":"Desecrate","damage_taken":0,"max_hp_gain":0,"max_hp_loss":0,"event_name":"Golden Shrine","floor":36,"gold_loss":0,"cards_obtained":["Regret"]},{"damage_healed":0,"gold_gain":0,"player_choice":"Max HP","damage_taken":0,"max_hp_gain":0,"max_hp_loss":4,"event_name":"Winding Halls","floor":38,"gold_loss":0},{"damage_healed":0,"gold_gain":0,"player_choice":"Invest 1","damage_taken":0,"max_hp_gain":0,"max_hp_loss":0,"event_name":"conspire:Investor","floor":45,"gold_loss":0}],"is_beta":false,"boss_relics":[{"not_picked":["vexMod:CursedCompass","infinitespire:Cupcake"],"picked":"Replay:Cursed D8"},{"not_picked":["energizedSpire:DeadBattery","StuffTheSpire:RunicHypercube"],"picked":"CosmicIsotope"}],"items_purged_floors":[42],"is_endless":false,"potions_floor_spawned":[1,4,5,22,23,29,31,35,39],"ascension_level":0}}