{"host":"svwqvw2il1zfkkg0","time":1609690781,"event":{"mods":["AchievementEnabler","BaseMod","BetterRewards","Colored Map","Colored Powertips","Custom Start","Downfall","GifTheSpireLib","Highlight Path","Hubris","Infinite Spire","Minty Spire (QoL Compilation)","Quick Restart","Replay The Spire","Shop Mod","StSLib","SuperFastMode"],"gold_per_floor":[118,180,180,180,195,228,228,246,246,246,259,259,28,39,39,137,137,92,92,92,92,92,92,92,92,92,92,92,92,92,92,92,92,92,92,92,92,92,92,92,92],"floor_reached":40,"playtime":2115,"items_purged":[],"score":585,"play_id":"6499427e-03d2-4b65-ad4d-db5eaf3f9c7c","local_time":"20210103081941","is_ascension_mode":false,"campfire_choices":[{"floor":7,"key":"REST"},{"data":"Corpse Explosion","floor":10,"key":"SMITH"},{"data":"Backstab","floor":12,"key":"SMITH"},{"data":"Bane","floor":15,"key":"SMITH"},{"floor":23,"key":"REST"},{"data":"Bane","floor":25,"key":"SMITH"},{"data":"Bane","floor":28,"key":"SMITH"},{"floor":32,"key":"REST"}],"circlet_count":0,"master_deck":["Strike_G","Strike_G","Strike_G","Strike_G","Strike_G","Defend_G+1","Defend_G","Defend_G","Defend_G","Defend_G","Survivor","Neutralize","Corpse Explosion+1","Backstab+1","ReplayTheSpireMod:Splinters","Choke","Flying Knee","Bane+1","Toxin Wave","Bane+1","Sucker Punch","Bane+1","Deadly Poison","Envenom+1","Burst+1","Catalyst+1","Noxious Fumes+1","Dagger Throw+1","Parasite","Dagger Spray+1","Bane+1","Die Die Die","CommonCold","ReplayTheSpireMod:Doomed","CurseOfTheBell","Crippling Poison","Bane+1"],"relics":["Ring of the Serpent","Frozen Egg 2","hubris:Towel","Anchor","Question Card","Lee\u0027s Waffle","Replay:Grab Bag","Ectoplasm","Cursed Key","War Paint","Byrd Skull","Replay:Ancient Bell","Vajra","Replay:Bottled Flurry","Shovel"],"acts_visited":["Exordium","TheCity","TheBeyond"],"potions_floor_usage":[16,21,33,33,33,40,40],"damage_taken":[{"damage":4,"enemies":"Jaw Worm","floor":1,"turns":6},{"damage":3,"enemies":"Cultist","floor":5,"turns":3},{"damage":22,"enemies":"Replay:BlueRogue","floor":6,"turns":4},{"damage":0,"enemies":"2 Louse","floor":8,"turns":2},{"damage":0,"enemies":"Exordium Thugs","floor":11,"turns":2},{"damage":0,"enemies":"2 Fungi Beasts","floor":14,"turns":2},{"damage":26,"enemies":"Slime Boss","floor":16,"turns":8},{"damage":4,"enemies":"2 Thieves","floor":18,"turns":3},{"damage":0,"enemies":"Chosen","floor":20,"turns":3},{"damage":5,"enemies":"Snecko","floor":21,"turns":4},{"damage":15,"enemies":"Snake Plant","floor":22,"turns":3},{"damage":0,"enemies":"Replay:Snechameleon","floor":27,"turns":4},{"damage":0,"enemies":"Cultist and Chosen","floor":30,"turns":3},{"damage":12,"enemies":"Snecko","floor":31,"turns":4},{"damage":55,"enemies":"Automaton","floor":33,"turns":8},{"damage":10,"enemies":"3 Shapes","floor":35,"turns":2},{"damage":5,"enemies":"3 Darklings","floor":36,"turns":3},{"damage":2,"enemies":"4 Shapes","floor":37,"turns":2},{"damage":30,"enemies":"Transient","floor":39,"turns":5},{"damage":23,"enemies":"Reptomancer","floor":40,"turns":3}],"seed_played":"5383873243568674502","potions_obtained":[{"floor":6,"key":"Ancient Potion"},{"floor":11,"key":"Poison Potion"},{"floor":16,"key":"Block Potion"},{"floor":21,"key":"LiquidBronze"},{"floor":22,"key":"Dexterity Potion"},{"floor":33,"key":"sneckomod:MuddlingPotion"},{"floor":39,"key":"Strength Potion"}],"is_trial":false,"path_per_floor":["M","?","?","$","M","E","R","M","T","R","M","R","$","M","R","B",null,"M","?","M","M","M","R","?","R","T","E","R","?","M","M","R","B",null,"M","M","M","?","M","E"],"character_chosen":"THE_SILENT","items_purchased":["Bane","Deadly Poison","Lee\u0027s Waffle"],"campfire_rested":3,"item_purchase_floors":[13,13,13],"current_hp_per_floor":[59,59,59,59,56,34,52,52,52,52,52,52,70,70,70,44,70,66,59,59,54,39,60,60,60,60,60,60,60,60,48,69,14,70,60,55,53,53,23,0,0],"gold":92,"neow_bonus":"THREE_RARE_CARDS","is_daily":false,"chose_seed":false,"campfire_upgraded":5,"win_rate":0.0,"timestamp":1609690781,"path_taken":["M","?","?","?","M","E","R","M","T","R","M","R","?","?","R","BOSS","M","?","M","M","?","R","?","R","T","E","R","?","?","M","R","BOSS","M","?","M","?","M","E"],"items_purchased_type":["Card","Card","Relic"],"build_version":"2020-12-22","purchased_purges":0,"victory":false,"max_hp_per_floor":[63,63,63,63,63,63,63,63,63,63,63,63,70,70,70,70,70,70,70,70,70,70,70,70,70,70,70,70,70,70,70,70,70,70,70,70,70,70,70,70,70],"card_choices":[{"not_picked":["Replay:Bag of Tricks","Tools of the Trade"],"picked":"Corpse Explosion","floor":0},{"not_picked":["Crippling Poison","Hidden Blade"],"picked":"Backstab","floor":1},{"not_picked":["Sneak Up","Underhanded Strike"],"picked":"Choke","floor":2},{"not_picked":["Blur","Distraction"],"picked":"Flying Knee","floor":2},{"not_picked":["Flying Knee","Cloak And Dagger"],"picked":"Bane","floor":5},{"not_picked":["Slice","Flechettes"],"picked":"Toxin Wave","floor":6},{"not_picked":["Tactician","Draining Mist"],"picked":"Bane","floor":8},{"not_picked":["Cloak And Dagger","Finisher","Hidden Blade"],"picked":"Sucker Punch","floor":11},{"not_picked":["Footwork+1","Flying Knee","Blade Dance"],"picked":"Envenom+1","floor":14},{"not_picked":["Replay:Bag of Tricks","Phantasmal Killer","Bullet Time"],"picked":"Burst","floor":16},{"not_picked":["Hidden Blade","Deadly Poison","Dagger Throw+1"],"picked":"Catalyst+1","floor":18},{"not_picked":["Hidden Blade","Well Laid Plans+1","Dodge and Roll"],"picked":"Noxious Fumes+1","floor":20},{"not_picked":["Flechettes","Escape Plan","Doppelganger"],"picked":"Dagger Throw+1","floor":21},{"not_picked":["Slice","PiercingWail","Tactician","Leg Sweep"],"picked":"SKIP","floor":22},{"not_picked":["Sucker Punch","Flying Knee","hubris:TrickCloak"],"picked":"Dagger Spray+1","floor":27},{"not_picked":["Dodge and Roll","Footwork+1","Deadly Poison","ReplayTheSpireMod:The Works"],"picked":"SKIP","floor":30},{"not_picked":["Blade Dance","hubris:SlightOfHand","Backflip"],"picked":"Bane+1","floor":31},{"not_picked":["Phantasmal Killer","Burst","Poison Darts"],"picked":"Die Die Die","floor":33},{"not_picked":["hexamod:Haunted","Guardian:Aged","Looming Evil"],"picked":"CommonCold","floor":34},{"not_picked":["Regret","Voices","Guardian:Aged"],"picked":"ReplayTheSpireMod:Doomed","floor":34},{"not_picked":["ReplayTheSpireMod:IOU","Slimebound:Icky","hubris:Gluttony"],"picked":"CurseOfTheBell","floor":34},{"not_picked":["Blade Dance+1","Caltrops+1","Underhanded Strike"],"picked":"Crippling Poison","floor":35},{"not_picked":["Blade Dance+1","Noxious Fumes+1","Outmaneuver+1"],"picked":"Bane+1","floor":36},{"not_picked":["Sucker Punch+1","infinitespire:Neurotoxin","Quick Slash+1","Deadly Poison+1"],"picked":"SKIP","floor":37},{"not_picked":["Footwork+1","Deflect+1","Dagger Throw+1","Underhanded Strike"],"picked":"SKIP","floor":39}],"player_experience":446378,"relics_obtained":[{"floor":2,"key":"Frozen Egg 2"},{"floor":6,"key":"Anchor"},{"floor":9,"key":"Question Card"},{"floor":26,"key":"War Paint"},{"floor":27,"key":"Byrd Skull"}],"event_choices":[{"damage_healed":0,"gold_gain":75,"player_choice":"Touch","damage_taken":7,"max_hp_gain":0,"max_hp_loss":0,"event_name":"FaceTrader","floor":19,"gold_loss":0},{"damage_healed":0,"gold_gain":0,"player_choice":"Ignored","damage_taken":0,"max_hp_gain":0,"max_hp_loss":0,"event_name":"Cursed Tome","floor":24,"gold_loss":0},{"damage_healed":0,"gold_gain":0,"player_choice":"Bought 0 Potions","damage_taken":0,"max_hp_gain":0,"max_hp_loss":0,"event_name":"The Woman in Blue","floor":29,"gold_loss":0}],"is_beta":false,"boss_relics":[{"not_picked":["Philosopher\u0027s Stone","Pandora\u0027s Box"],"picked":"Replay:Grab Bag"},{"not_picked":["Replay:Wanted Poster","hubris:RunicObelisk"],"picked":"Ectoplasm"},{"not_picked":["Sozu","Fusion Hammer"],"picked":"Cursed Key"},{"not_picked":["hubris:HollowSoul","WristBlade"],"picked":"Ring of the Serpent"},{"not_picked":["ReplayTheSpireMod:SealedPack","hubris:Stopwatch"],"picked":"Replay:Ancient Bell"},{"not_picked":["Smiling Mask","Blood Vial"],"picked":"Vajra"},{"not_picked":["InkBottle","infinitespire:WardingShard"],"picked":"Replay:Bottled Flurry"},{"not_picked":["hubris:Zylophone","infinitespire:Lychee Nut"],"picked":"Shovel"}],"items_purged_floors":[],"is_endless":false,"potions_floor_spawned":[6,11,16,21,22,31,33,39],"killed_by":"Reptomancer","ascension_level":0}}