{"host":"4sjakdxyb9lejcxv","time":1609648108,"event":{"mods":["BaseMod","Downfall","Minty Spire (QoL Compilation)","StSLib"],"gold_per_floor":[113,127,146,159,179,179,179,18,18,36,36,36,46,46,46,141,141,156,156,166,177,190,206,206,131,147,165,165,4,4,16,16,120,120,139,152,172,10,10,24,51,51,69,20,36,49,67,94,94,94],"floor_reached":51,"playtime":3965,"items_purged":["Regret","Slimebound:Tackle"],"score":681,"play_id":"30878bb1-fa68-4e40-8d4c-142ac44f8e3b","local_time":"20210102232828","is_ascension_mode":false,"campfire_choices":[{"data":"Slimebound:Replication","floor":6.0,"key":"SMITH"},{"data":"Slimebound:CorrosiveSpit","floor":9.0,"key":"SMITH"},{"data":"Slimebound:LeechLife","floor":11.0,"key":"SMITH"},{"data":"Slimebound:LevelUp","floor":15.0,"key":"SMITH"},{"data":"Slimebound:RallyTheTroops","floor":25.0,"key":"SMITH"},{"data":"Slimebound:SplitBruiser","floor":28.0,"key":"SMITH"},{"data":"Slimebound:SamplingLick","floor":32.0,"key":"SMITH"},{"floor":49,"key":"RECALL"}],"circlet_count":0,"master_deck":["Slimebound:Defend_Slimebound","Slimebound:Defend_Slimebound+1","Slimebound:Defend_Slimebound","Slimebound:Defend_Slimebound","Slimebound:Split+1","Slimebound:CorrosiveSpit+1","Slimebound:SamplingLick+1","Slimebound:HauntingLick+1","Slimebound:LevelUp+1","Slimebound:SamplingLick+1","Slimebound:Replication+1","Slimebound:RejuvenatingLick","Slimebound:LeechLife+1","Slimebound:Prepare","Slimebound:MegaLick","Slimebound:RallyTheTroops+1","Slimebound:RainOfGoop+1","Slimebound:Replication+1","Slimebound:SlimeTap+1","Slimebound:SamplingLick+1","Slimebound:SplitMire+1","Slimebound:SplitBruiser+1","Slimebound:Replication+1","Slimebound:ItLooksTasty","Slimebound:RallyTheTroops","Slimebound:Gluttony","Slimebound:Tackle+1","Slimebound:Tackle+1","Slimebound:Tackle+1","Slimebound:Schlurp+1","Slimebound:PrepareCrush","Slimebound:GoopSpray+1","Slimebound:LeechingTouch","Slimebound:FormOfPuddle+1","Slimebound:MegaLick","Slimebound:Repurpose","Slimebound:LeechingTouch","Slimebound:SplitLeeching","Slimebound:SplitLeeching","Slimebound:SplitAcid","Slimebound:SelfFormingGoo","Slimebound:SplitMire+1","Slimebound:SplitAcid+1"],"relics":["Slimebound:AbsorbEndCombatUpgraded","HornCleat","Dead Branch","downfall:HeartBlessingBlue","Philosopher\u0027s Stone","Eternal Feather","Bronze Scales","TungstenRod"],"acts_visited":["Exordium","TheCity","TheBeyond"],"potions_floor_usage":[50,50,50],"damage_taken":[{"damage":11.0,"enemies":"Small Slimes","floor":1.0,"turns":5.0},{"damage":10.0,"enemies":"Jaw Worm","floor":2.0,"turns":3.0},{"damage":17.0,"enemies":"Cultist","floor":3.0,"turns":3.0},{"damage":18.0,"enemies":"Red Slaver","floor":4.0,"turns":4.0},{"damage":8.0,"enemies":"3 Louse","floor":5.0,"turns":4.0},{"damage":10.0,"enemies":"downfall:FleeingMerchant","floor":8.0,"turns":4.0},{"damage":30.0,"enemies":"Lots of Slimes","floor":10.0,"turns":5.0},{"damage":19.0,"enemies":"Gremlin Gang","floor":13.0,"turns":4.0},{"damage":32.0,"enemies":"downfall:Silent","floor":16.0,"turns":10.0},{"damage":10.0,"enemies":"3 Byrds","floor":18.0,"turns":4.0},{"damage":27.0,"enemies":"Shell Parasite","floor":20.0,"turns":4.0},{"damage":33.0,"enemies":"Centurion and Healer","floor":21.0,"turns":5.0},{"damage":43.0,"enemies":"Sentry and Sphere","floor":22.0,"turns":7.0},{"damage":18.0,"enemies":"3 Cultists","floor":23.0,"turns":4.0},{"damage":32.0,"enemies":"Snake Plant","floor":26.0,"turns":3.0},{"damage":16.0,"enemies":"Snecko","floor":27.0,"turns":3.0},{"damage":62.0,"enemies":"downfall:FleeingMerchant","floor":29.0,"turns":4.0},{"damage":4.0,"enemies":"Sentry and Sphere","floor":31.0,"turns":3.0},{"damage":57.0,"enemies":"downfall:Ironclad","floor":33.0,"turns":5.0},{"damage":47.0,"enemies":"3 Darklings","floor":35.0,"turns":4.0},{"damage":23.0,"enemies":"Orb Walker","floor":36.0,"turns":2.0},{"damage":24.0,"enemies":"4 Shapes","floor":37.0,"turns":2.0},{"damage":16.0,"enemies":"downfall:FleeingMerchant","floor":38.0,"turns":3.0},{"damage":74,"enemies":"Writhing Mass","floor":40,"turns":3},{"damage":20,"enemies":"3 Darklings","floor":43,"turns":3},{"damage":41,"enemies":"4 Shapes","floor":45,"turns":3},{"damage":51,"enemies":"Maw","floor":46,"turns":7},{"damage":59,"enemies":"Transient","floor":47,"turns":5},{"damage":55,"enemies":"Giant Head","floor":48,"turns":6},{"damage":52,"enemies":"downfall:Defect","floor":50,"turns":6}],"seed_played":"-5690513151905668753","potions_obtained":[{"floor":1.0,"key":"EssenceOfSteel"},{"floor":3.0,"key":"PowerPotion"},{"floor":10.0,"key":"Explosive Potion"},{"floor":16.0,"key":"AttackPotion"},{"floor":21.0,"key":"EssenceOfSteel"},{"floor":22.0,"key":"Ancient Potion"},{"floor":23.0,"key":"CultistPotion"},{"floor":31.0,"key":"BlessingOfTheForge"},{"floor":43,"key":"Slimebound:SlimyTonguePotion"},{"floor":45,"key":"CultistPotion"},{"floor":46,"key":"Slimebound:SlimedPotion"}],"is_trial":false,"path_per_floor":["M","M","M","M","M","R","T","$","R","M","R","?","M","?","R","B",null,"M","?","M","M","M","M","T","R","M","M","R","$","?","M","R","B",null,"M","M","M","$","?","M","T","?","M","$","M","M","M","E","R","B",null],"character_chosen":"SLIMEBOUND","items_purchased":["Slimebound:LeechLife","Slimebound:Gluttony","Eternal Feather","Slimebound:MegaLick","Slimebound:Repurpose","Slimebound:LeechingTouch","Slimebound:SplitAcid"],"campfire_rested":0,"item_purchase_floors":[8,29,38,38,38,38,44],"current_hp_per_floor":[57,59,52,48,54,54,54,60,60,52,52,34,37,37,37,49,60,60,60,50,51,46,55,55,65,65,70,70,61,61,70,70,41,70,65,70,70,70,70,56,56,56,70,70,70,58,47,57,70,70],"gold":94,"neow_bonus":"UPGRADE_CARD","is_daily":false,"chose_seed":false,"campfire_upgraded":7,"win_rate":0.0,"timestamp":1609648108,"path_taken":["M","M","M","M","M","R","T","$","R","M","R","?","M","?","R","BOSS","M","?","M","M","M","?","T","R","M","M","R","$","?","M","R","BOSS","M","M","M","$","?","?","T","?","?","$","M","M","M","E","R","BOSS"],"items_purchased_type":["Card","Card","Relic","Card","Card","Card","Card"],"build_version":"2020-12-22","purchased_purges":2,"victory":true,"max_hp_per_floor":[60,60,60,60,60,60,60,60,60,60,60,60,60,60,60,60,60,60,60,60,60,60,60,60,70,70,70,70,70,70,70,70,70,70,70,70,70,70,70,70,70,70,70,70,70,70,70,70,70,70],"card_choices":[{"not_picked":["Slimebound:FinishingTackle","Slimebound:LeechingTouch"],"picked":"Slimebound:SamplingLick","floor":1.0},{"not_picked":["Slimebound:Grow","Slimebound:SplitMire"],"picked":"Slimebound:HauntingLick","floor":2.0},{"not_picked":["Slimebound:ProtectTheBoss","Slimebound:Equalize"],"picked":"Slimebound:LevelUp","floor":3.0},{"not_picked":["Slimebound:PressTheAttack","Slimebound:ComboTackle"],"picked":"Slimebound:SamplingLick","floor":4.0},{"not_picked":["Slimebound:ViciousTackle","Slimebound:ProtectTheBoss"],"picked":"Slimebound:Replication","floor":5.0},{"not_picked":["Slimebound:LivingWall","Slimebound:RollThrough"],"picked":"Slimebound:RejuvenatingLick","floor":8.0},{"not_picked":["Slimebound:GoopTackle","Slimebound:PressTheAttack"],"picked":"Slimebound:Prepare","floor":10.0},{"not_picked":["Slimebound:SlimeSpikes","Slimebound:SplitBruiser"],"picked":"Slimebound:MegaLick","floor":13.0},{"not_picked":["Slimebound:MassRepurpose","Slimebound:OneTwoCombo"],"picked":"Slimebound:RallyTheTroops","floor":16.0},{"not_picked":["Slimebound:Gluttony","Slimebound:GoopSpray+1"],"picked":"Slimebound:RainOfGoop+1","floor":18.0},{"not_picked":["Slimebound:PressTheAttack","Slimebound:FlameTackle"],"picked":"Slimebound:SlimeTap+1","floor":20.0},{"not_picked":["Slimebound:DisruptingSlam","Slimebound:SlimeTap"],"picked":"Slimebound:SamplingLick+1","floor":21.0},{"not_picked":["Slimebound:SplitAcid","Slimebound:LeechingTouch"],"picked":"Slimebound:SplitMire+1","floor":22.0},{"not_picked":["Slimebound:Schlurp+1","Slimebound:LeechingTouch+1"],"picked":"Slimebound:SplitBruiser","floor":23.0},{"not_picked":["Slimebound:Equalize","Slimebound:RollThrough"],"picked":"Slimebound:Replication+1","floor":26.0},{"not_picked":["Slimebound:ComboTackle","Slimebound:Dissolve"],"picked":"Slimebound:ItLooksTasty","floor":27.0},{"not_picked":["Slimebound:SplitAcid","Slimebound:AcidTongue"],"picked":"Slimebound:RallyTheTroops","floor":29.0},{"not_picked":["Slimebound:Nibble+1","Slimebound:ViciousTackle"],"picked":"Slimebound:Schlurp+1","floor":31.0},{"not_picked":["Slimebound:MassRepurpose","Slimebound:LeechLife"],"picked":"Slimebound:PrepareCrush","floor":33.0},{"not_picked":["Slimebound:SlimeBarrage","Slimebound:RollThrough"],"picked":"Slimebound:GoopSpray+1","floor":35.0},{"not_picked":["Slimebound:BestDefense+1","Slimebound:GoopSpray"],"picked":"Slimebound:LeechingTouch","floor":36.0},{"not_picked":["Slimebound:Equalize","Slimebound:GoopSpray"],"picked":"Slimebound:FormOfPuddle+1","floor":37.0},{"not_picked":["Slimebound:SamplingLick","Slimebound:ComboTackle"],"picked":"Slimebound:SplitLeeching","floor":40},{"not_picked":["Slimebound:Repurpose","Slimebound:ComboTackle"],"picked":"Slimebound:SplitLeeching","floor":43},{"not_picked":["Slimebound:GrowthPunch","Slimebound:SplitLeeching+1"],"picked":"Slimebound:SelfFormingGoo","floor":45},{"not_picked":["Slimebound:SpikyOuterGoop","Slimebound:GrowthPunch"],"picked":"Slimebound:SplitMire+1","floor":46},{"not_picked":["Slimebound:SamplingLick","Slimebound:FlameTackle+1"],"picked":"Slimebound:SplitAcid+1","floor":47},{"not_picked":["Slimebound:GrowthPunch+1","Slimebound:LivingWall+1","Slimebound:GoopTackle+1"],"picked":"SKIP","floor":48}],"player_experience":191231,"relics_obtained":[{"floor":24.0,"key":"Dead Branch"},{"floor":41,"key":"Bronze Scales"},{"floor":48,"key":"TungstenRod"}],"event_choices":[{"damage_healed":0.0,"max_hp_gain":0.0,"max_hp_loss":0.0,"gold_gain":0.0,"event_name":"Scrap Ooze","player_choice":"Success","floor":12.0,"gold_loss":0.0,"damage_taken":18.0,"relics_obtained":["HornCleat"]},{"damage_healed":0.0,"max_hp_gain":0.0,"max_hp_loss":0.0,"gold_gain":0.0,"event_name":"Duplicator","player_choice":"Copied","floor":19.0,"gold_loss":0.0,"damage_taken":0.0,"cards_obtained":["Slimebound:Replication"]},{"damage_healed":0,"gold_gain":0,"player_choice":"Upgraded","damage_taken":0,"max_hp_gain":0,"max_hp_loss":0,"event_name":"Upgrade Shrine","floor":39,"gold_loss":0,"cards_upgraded":["Slimebound:HauntingLick"]}],"is_beta":false,"boss_relics":[{"not_picked":["SlaversCollar","Fusion Hammer"],"picked":"Slimebound:AbsorbEndCombatUpgraded"},{"not_picked":["Calling Bell","Black Star"],"picked":"Philosopher\u0027s Stone"}],"items_purged_floors":[29,38],"is_endless":false,"potions_floor_spawned":[1,3,10,16,21,22,23,31,43,45,46,47,48],"ascension_level":0}}