{"host":"1eo5f82aifdzd7pr","time":1609703823,"event":{"mods":["AchievementEnabler","BaseMod","Colored Map","Colored Powertips","DeckTracker","Marisa????????","Minty Spire (QoL Compilation)","StSLib","SuperFastMode"],"gold_per_floor":[111,129,143,143,162,191,191,266,266,266,286,305,305,335,335,440,440,456,473,492,512,530,558,590,602,614,626,638,667,679,708,720,732,732],"floor_reached":33,"playtime":1558,"items_purged":[],"score":283,"play_id":"bf2858c4-7ed3-46e3-a7eb-36d9cd1380e8","local_time":"20210103215703","is_ascension_mode":false,"campfire_choices":[{"floor":10.0,"key":"REST"},{"data":"Rampage","floor":13.0,"key":"SMITH"},{"floor":15.0,"key":"REST"},{"floor":28.0,"key":"REST"},{"data":"Pommel Strike","floor":30,"key":"SMITH"},{"floor":32,"key":"REST"}],"circlet_count":0,"master_deck":["Strike_R","Strike_R+1","Strike_R","Strike_R","Strike_R","Defend_R","Defend_R","Defend_R+1","Defend_R","Bash","Battle Trance","Rampage+1","Shrug It Off","Pommel Strike+1","Shrug It Off","Flame Barrier+1","Headbutt+1","Feed"],"relics":["Burning Blood","Lizard Tail","Turnip","StoneCalendar","Black Star","MawBank","Ancient Tea Set","Bird Faced Urn"],"acts_visited":["Exordium","TheCity"],"potions_floor_usage":[33,33],"damage_taken":[{"damage":2.0,"enemies":"Small Slimes","floor":1.0,"turns":3.0},{"damage":1.0,"enemies":"Jaw Worm","floor":2.0,"turns":5.0},{"damage":7.0,"enemies":"2 Louse","floor":3.0,"turns":4.0},{"damage":4.0,"enemies":"Blue Slaver","floor":5.0,"turns":5.0},{"damage":46.0,"enemies":"Lagavulin","floor":6.0,"turns":6.0},{"damage":19.0,"enemies":"Exordium Thugs","floor":11.0,"turns":5.0},{"damage":1.0,"enemies":"3 Louse","floor":12.0,"turns":4.0},{"damage":17.0,"enemies":"3 Sentries","floor":14.0,"turns":9.0},{"damage":11.0,"enemies":"Hexaghost","floor":16.0,"turns":9.0},{"damage":19.0,"enemies":"Shell Parasite","floor":18.0,"turns":8.0},{"damage":5.0,"enemies":"Chosen","floor":19.0,"turns":6.0},{"damage":15.0,"enemies":"Centurion and Healer","floor":20.0,"turns":7.0},{"damage":39.0,"enemies":"Snecko","floor":21.0,"turns":7.0},{"damage":16.0,"enemies":"Snake Plant","floor":22.0,"turns":6.0},{"damage":64.0,"enemies":"Gremlin Leader","floor":23.0,"turns":9.0},{"damage":15.0,"enemies":"Cultist and Chosen","floor":24.0,"turns":7.0},{"damage":7,"enemies":"Snecko","floor":29,"turns":7},{"damage":7,"enemies":"Centurion and Healer","floor":31,"turns":7},{"damage":78,"enemies":"Collector","floor":33,"turns":7}],"seed_played":"-5813611903017184490","potions_obtained":[{"floor":6.0,"key":"CultistPotion"},{"floor":12.0,"key":"SpeedPotion"},{"floor":14.0,"key":"LiquidBronze"},{"floor":18.0,"key":"GamblersBrew"},{"floor":19.0,"key":"GamblersBrew"},{"floor":23.0,"key":"Explosive Potion"},{"floor":24.0,"key":"DuplicationPotion"},{"floor":29,"key":"BloodPotion"}],"is_trial":false,"path_per_floor":["M","M","M","?","M","E","?","?","T","R","M","M","R","E","R","B",null,"M","M","M","M","M","E","M","?","T","?","R","M","R","M","R","B"],"character_chosen":"IRONCLAD","items_purchased":[],"campfire_rested":4,"item_purchase_floors":[],"current_hp_per_floor":[88,88,87,69,71,31,19,8,8,34,21,26,26,15,41,36,88,75,76,67,34,24,18,9,9,9,9,35,34,34,33,59,0,0],"gold":732,"neow_bonus":"TEN_PERCENT_HP_BONUS","is_daily":false,"chose_seed":false,"campfire_upgraded":2,"win_rate":0.0,"timestamp":1609703823,"path_taken":["M","M","M","?","M","E","?","?","T","R","M","M","R","E","R","BOSS","M","M","M","M","M","E","M","?","T","?","R","M","R","M","R","BOSS"],"items_purchased_type":[],"build_version":"2020-12-22","purchased_purges":0,"victory":false,"max_hp_per_floor":[88,88,88,88,88,88,88,88,88,88,88,88,88,88,88,88,88,88,88,88,88,88,88,88,88,88,88,88,88,88,88,88,88,88],"card_choices":[{"not_picked":["Body Slam","Heavy Blade","Sword Boomerang"],"picked":"SKIP","floor":1.0},{"not_picked":["Sever Soul","Berserk"],"picked":"Battle Trance","floor":2.0},{"not_picked":["Armaments","Carnage","Body Slam"],"picked":"SKIP","floor":3.0},{"not_picked":["Blood for Blood","Sever Soul","Whirlwind"],"picked":"SKIP","floor":5.0},{"not_picked":["Iron Wave","Fiend Fire"],"picked":"Rampage","floor":6.0},{"not_picked":["Flex","Body Slam"],"picked":"Shrug It Off","floor":11.0},{"not_picked":["Disarm","Sword Boomerang"],"picked":"Pommel Strike","floor":12.0},{"not_picked":["Fire Breathing","Double Tap","Twin Strike"],"picked":"SKIP","floor":14.0},{"not_picked":["Wild Strike+1","Flex","Clothesline"],"picked":"SKIP","floor":18.0},{"not_picked":["Clothesline","Heavy Blade","Fire Breathing"],"picked":"SKIP","floor":19.0},{"not_picked":["Body Slam","Havoc"],"picked":"Shrug It Off","floor":20.0},{"not_picked":["Anger","Armaments","Rupture"],"picked":"SKIP","floor":21.0},{"not_picked":["Blood for Blood+1","Iron Wave"],"picked":"Flame Barrier","floor":22.0},{"not_picked":["Havoc+1","Combust"],"picked":"Headbutt+1","floor":23.0},{"not_picked":["Thunderclap","Reckless Charge","Disarm"],"picked":"SKIP","floor":24.0},{"not_picked":["Iron Wave","Sword Boomerang+1","Havoc"],"picked":"SKIP","floor":29},{"not_picked":["Power Through","Anger"],"picked":"Feed","floor":31}],"player_experience":769591,"relics_obtained":[{"floor":6.0,"key":"Lizard Tail"},{"floor":14.0,"key":"StoneCalendar"},{"floor":23.0,"key":"MawBank"},{"floor":23.0,"key":"Ancient Tea Set"},{"floor":26.0,"key":"Bird Faced Urn"}],"event_choices":[{"damage_healed":0.0,"max_hp_gain":0.0,"max_hp_loss":0.0,"gold_gain":0.0,"event_name":"Shining Light","player_choice":"Entered Light","floor":4.0,"gold_loss":0.0,"damage_taken":18.0,"cards_upgraded":["Defend_R","Strike_R"]},{"damage_healed":0.0,"max_hp_gain":0.0,"max_hp_loss":0.0,"gold_gain":0.0,"event_name":"Scrap Ooze","player_choice":"Success","floor":7.0,"gold_loss":0.0,"damage_taken":12.0,"relics_obtained":["Turnip"]},{"damage_healed":0.0,"max_hp_gain":0.0,"max_hp_loss":0.0,"gold_gain":75.0,"event_name":"World of Goop","player_choice":"Gather Gold","floor":8.0,"gold_loss":0.0,"damage_taken":11.0},{"damage_healed":0.0,"max_hp_gain":0.0,"max_hp_loss":0.0,"gold_gain":0.0,"event_name":"Vampires","player_choice":"Ignored","floor":25.0,"gold_loss":0.0,"damage_taken":0.0},{"damage_healed":0.0,"max_hp_gain":0.0,"max_hp_loss":0.0,"gold_gain":0.0,"event_name":"Upgrade Shrine","player_choice":"Upgraded","floor":27.0,"gold_loss":0.0,"damage_taken":0.0,"cards_upgraded":["Flame Barrier"]}],"is_beta":false,"boss_relics":[{"not_picked":["Snecko Eye","Empty Cage"],"picked":"Black Star"}],"items_purged_floors":[],"is_endless":false,"potions_floor_spawned":[6,12,14,18,19,23,24,29],"killed_by":"Collector","ascension_level":0}}