{"host":"uonldg9uriwfhjjx","time":1609639341,"event":{"mods":["AchievementEnabler","BaseMod","Minty Spire (QoL Compilation)","Relic Stats"],"gold_per_floor":[114,114,124,138,158,158,188,204,204,10,10,10,54,54,54,54,54],"floor_reached":16,"playtime":447,"items_purged":[],"score":193,"play_id":"11e8ef92-593d-4247-a53d-487789251851","local_time":"20210102210221","is_ascension_mode":true,"campfire_choices":[{"data":"Sucker Punch","floor":6,"key":"SMITH"},{"floor":15,"key":"REST"}],"circlet_count":0,"master_deck":["AscendersBane","Strike_G","Strike_G","Strike_G","Strike_G","Strike_G","Defend_G","Defend_G","Defend_G","Defend_G","Defend_G","Survivor","Neutralize+1","Heel Hook","Flying Knee","Sucker Punch+1","Blade Dance"],"relics":["Ring of the Snake","NeowsBlessing","Thread and Needle","The Courier","Pear","Golden Idol","Meat on the Bone","Art of War"],"acts_visited":["Exordium"],"potions_floor_usage":[7,16,16],"damage_taken":[{"damage":0,"enemies":"2 Louse","floor":1,"turns":1},{"damage":0,"enemies":"Cultist","floor":3,"turns":1},{"damage":0,"enemies":"Jaw Worm","floor":4,"turns":1},{"damage":5,"enemies":"Exordium Wildlife","floor":5,"turns":8},{"damage":25,"enemies":"Lagavulin","floor":7,"turns":7},{"damage":0,"enemies":"Large Slime","floor":8,"turns":7},{"damage":6,"enemies":"3 Sentries","floor":13,"turns":11},{"damage":41,"enemies":"Slime Boss","floor":16,"turns":9}],"seed_played":"-7103017628113764762","potions_obtained":[{"floor":4,"key":"SteroidPotion"},{"floor":8,"key":"GamblersBrew"},{"floor":13,"key":"GamblersBrew"}],"is_trial":false,"path_per_floor":["M","?","M","M","M","R","E","M","T","$","?","$","E","?","R","B"],"character_chosen":"THE_SILENT","items_purchased":["Pear"],"campfire_rested":1,"item_purchase_floors":[10],"current_hp_per_floor":[59,59,59,59,54,54,29,29,29,39,39,39,33,15,35,0,0],"gold":54,"neow_bonus":"THREE_ENEMY_KILL","is_daily":false,"chose_seed":false,"campfire_upgraded":1,"win_rate":0.0,"timestamp":1609639341,"path_taken":["M","?","?","M","M","R","E","M","T","$","?","$","E","?","R","BOSS"],"items_purchased_type":["Relic"],"build_version":"2020-12-22","purchased_purges":0,"victory":false,"max_hp_per_floor":[66,66,66,66,66,66,66,66,66,76,69,69,69,69,69,69,69],"relic_stats":{"counters":[8,45],"Golden Idol":9,"Art of War":[1],"obtain_stats":[{"Pear":10,"NeowsBlessing":0,"Golden Idol":11,"Thread and Needle":7,"The Courier":9,"Art of War":14,"Ring of the Snake":0,"Meat on the Bone":13},{"Pear":6,"NeowsBlessing":0,"Golden Idol":6,"Thread and Needle":5,"The Courier":6,"Art of War":7,"Ring of the Snake":0,"Meat on the Bone":7},{"Pear":25,"NeowsBlessing":0,"Golden Idol":25,"Thread and Needle":18,"The Courier":25,"Art of War":36,"Ring of the Snake":0,"Meat on the Bone":36}],"Ring of the Snake":[16],"Meat on the Bone":0},"card_choices":[{"not_picked":["Underhanded Strike","Eviscerate"],"picked":"Heel Hook","floor":1},{"not_picked":["Acrobatics","Outmaneuver","Masterful Stab"],"picked":"SKIP","floor":3},{"not_picked":["Deflect","Prepared"],"picked":"Flying Knee","floor":4},{"not_picked":["Dagger Throw","Backstab"],"picked":"Sucker Punch","floor":5},{"not_picked":["Dagger Spray","Deflect"],"picked":"Blade Dance","floor":7},{"not_picked":["Finisher","Flying Knee","Prepared"],"picked":"SKIP","floor":8},{"not_picked":["All Out Attack","Distraction","Catalyst"],"picked":"SKIP","floor":13}],"player_experience":707206,"relics_obtained":[{"floor":7,"key":"Thread and Needle"},{"floor":9,"key":"The Courier"},{"floor":13,"key":"Meat on the Bone"}],"event_choices":[{"damage_healed":0,"gold_gain":0,"player_choice":"Upgraded","damage_taken":0,"max_hp_gain":0,"max_hp_loss":0,"event_name":"Upgrade Shrine","floor":2,"gold_loss":0,"cards_upgraded":["Neutralize"]},{"damage_healed":0,"gold_gain":0,"player_choice":"Lose Max HP","damage_taken":0,"relics_obtained":["Golden Idol"],"max_hp_gain":0,"max_hp_loss":7,"event_name":"Golden Idol","floor":11,"gold_loss":0},{"damage_healed":0,"gold_gain":0,"player_choice":"Success","damage_taken":18,"relics_obtained":["Art of War"],"max_hp_gain":0,"max_hp_loss":0,"event_name":"Scrap Ooze","floor":14,"gold_loss":0}],"is_beta":false,"boss_relics":[],"items_purged_floors":[],"is_endless":false,"potions_floor_spawned":[4,8,13],"killed_by":"Slime Boss","ascension_level":15}}