{"host":"sav7uxregyirlf69","time":1609641549,"event":{"mods":["AchievementEnabler","BaseMod","Colored Map","DeckTracker","Keyboard Shortcuts","Minty Spire (QoL Compilation)","READ ME - Guardian Mod","StSLib","SuperFastMode"],"gold_per_floor":[113,124,137,137,149,149,162,87,114,130,164,178,78,91,91,91,91],"floor_reached":16,"playtime":307,"items_purged":["Strike_G","Strike_G"],"score":212,"play_id":"7d2e13fe-f7e6-45d9-a09f-99f54969e0ed","local_time":"20210103113909","is_ascension_mode":true,"campfire_choices":[{"data":"Crippling Poison","floor":6,"key":"SMITH"},{"data":"Reflex","floor":15,"key":"SMITH"}],"circlet_count":0,"master_deck":["AscendersBane","Strike_G+1","Strike_G+1","Strike_G","Defend_G","Defend_G","Defend_G","Defend_G","Defend_G","Survivor","Neutralize","Dagger Throw","Cloak And Dagger","Deadly Poison","Crippling Poison+1","Calculated Gamble","Escape Plan","Reflex+1"],"relics":["Ring of the Snake","FaceOfCleric","Whetstone","Toy Ornithopter"],"acts_visited":["Exordium"],"potions_floor_usage":[5,11,12,16],"damage_taken":[{"damage":6,"enemies":"Cultist","floor":1,"turns":4},{"damage":4,"enemies":"Small Slimes","floor":2,"turns":5},{"damage":3,"enemies":"2 Louse","floor":3,"turns":4},{"damage":0,"enemies":"Lots of Slimes","floor":5,"turns":2},{"damage":8,"enemies":"2 Fungi Beasts","floor":7,"turns":4},{"damage":4,"enemies":"Exordium Wildlife","floor":10,"turns":4},{"damage":9,"enemies":"Lagavulin","floor":11,"turns":6},{"damage":13,"enemies":"Gremlin Gang","floor":12,"turns":4},{"damage":5,"enemies":"Blue Slaver","floor":14,"turns":3},{"damage":30,"enemies":"Slime Boss","floor":16,"turns":5}],"seed_played":"-333568389581557962","potions_obtained":[{"floor":1,"key":"PowerPotion"},{"floor":3,"key":"Explosive Potion"},{"floor":7,"key":"PowerPotion"},{"floor":12,"key":"LiquidBronze"},{"floor":14,"key":"GamblersBrew"}],"is_trial":false,"path_per_floor":["M","M","M","?","M","R","M","$","T","M","E","M","$","M","R","B"],"character_chosen":"THE_SILENT","items_purchased":[],"campfire_rested":0,"item_purchase_floors":[],"current_hp_per_floor":[59,55,52,52,53,53,46,46,46,43,35,28,28,24,24,0,0],"gold":91,"neow_bonus":"TEN_PERCENT_HP_BONUS","is_daily":false,"chose_seed":false,"campfire_upgraded":2,"win_rate":0.0,"timestamp":1609641549,"path_taken":["M","M","M","?","M","R","?","?","T","M","E","?","$","M","R","BOSS"],"items_purchased_type":[],"build_version":"2020-12-22","purchased_purges":2,"victory":false,"max_hp_per_floor":[72,72,72,72,73,73,74,74,74,75,76,77,77,78,78,78,78],"card_choices":[{"not_picked":["Cloak And Dagger","Riddle With Holes"],"picked":"Dagger Throw","floor":1},{"not_picked":["Acrobatics","Bane"],"picked":"Cloak And Dagger","floor":2},{"not_picked":["Dagger Throw","Prepared"],"picked":"Deadly Poison","floor":3},{"not_picked":["Sucker Punch","Well Laid Plans"],"picked":"Crippling Poison","floor":5},{"not_picked":["Envenom","Deflect"],"picked":"Calculated Gamble","floor":7},{"not_picked":["Crippling Poison","Outmaneuver","Dodge and Roll"],"picked":"SKIP","floor":10},{"not_picked":["Poisoned Stab","Flechettes","Envenom"],"picked":"SKIP","floor":11},{"not_picked":["Blade Dance","Dagger Spray"],"picked":"Escape Plan","floor":12},{"not_picked":["Blade Dance","Well Laid Plans"],"picked":"Reflex","floor":14}],"player_experience":1115454,"relics_obtained":[{"floor":9,"key":"Whetstone"},{"floor":11,"key":"Toy Ornithopter"}],"event_choices":[{"damage_healed":0,"gold_gain":0,"player_choice":"Trade","damage_taken":0,"relics_obtained":["FaceOfCleric"],"max_hp_gain":0,"max_hp_loss":0,"event_name":"FaceTrader","floor":4,"gold_loss":0}],"is_beta":false,"boss_relics":[],"items_purged_floors":[8,13],"is_endless":false,"potions_floor_spawned":[1,3,7,12,14],"killed_by":"Slime Boss","ascension_level":20}}