{"host":"yvb207ks1sg3cxef","time":1609664259,"event":{"mods":["2.2 Compatiblity","BaseMod","Bestiary","Colored Powertips","Minty Spire (QoL Compilation)","Permanent Neow","Quick Restart","Relic Stats","StSLib"],"gold_per_floor":[115,115,129,145,27,27,37,66,66,76,90,90,101,101,101],"floor_reached":14,"playtime":529,"items_purged":[],"score":188,"play_id":"67d8a6c9-bb42-4151-abac-107ce1df47cf","local_time":"20210103142739","is_ascension_mode":true,"campfire_choices":[{"floor":6.0,"key":"REST"},{"data":"Calculated Gamble","floor":12.0,"key":"SMITH"}],"circlet_count":0,"master_deck":["AscendersBane","Strike_G","Strike_G","Strike_G","Strike_G","Strike_G+1","Defend_G","Defend_G","Defend_G","Defend_G","Defend_G","Survivor","Neutralize","Dash+1","Poisoned Stab","Footwork","Calculated Gamble+1","Tactician","Reflex","Slice","Calculated Gamble"],"relics":["Ring of the Snake","Torii","Dream Catcher","Pear"],"acts_visited":["Exordium"],"potions_floor_usage":[],"damage_taken":[{"damage":8.0,"enemies":"Jaw Worm","floor":1.0,"turns":5.0},{"damage":0.0,"enemies":"2 Louse","floor":3.0,"turns":3.0},{"damage":0.0,"enemies":"Cultist","floor":4.0,"turns":4.0},{"damage":6.0,"enemies":"Looter","floor":7.0,"turns":3.0},{"damage":26.0,"enemies":"Lagavulin","floor":8.0,"turns":10.0},{"damage":0.0,"enemies":"2 Fungi Beasts","floor":10.0,"turns":5.0},{"damage":3.0,"enemies":"Large Slime","floor":11.0,"turns":8.0},{"damage":0.0,"enemies":"Red Slaver","floor":13.0,"turns":4.0},{"damage":48,"enemies":"Gremlin Nob","floor":14,"turns":4}],"seed_played":"7780690322529456591","potions_obtained":[{"floor":3.0,"key":"GamblersBrew"},{"floor":4.0,"key":"FearPotion"},{"floor":7.0,"key":"Regen Potion"}],"is_trial":false,"path_per_floor":["M","?","M","M","$","R","M","E","T","M","M","R","M","E"],"character_chosen":"THE_SILENT","items_purchased":["Footwork","Calculated Gamble"],"campfire_rested":1,"item_purchase_floors":[5,5],"current_hp_per_floor":[36,16,16,16,16,35,29,18,28,28,25,25,25,0,0],"gold":101,"neow_bonus":"ONE_RARE_RELIC","is_daily":false,"chose_seed":false,"campfire_upgraded":1,"win_rate":0.0,"timestamp":1609664259,"path_taken":["M","?","M","M","$","R","M","E","T","M","M","R","M","E"],"items_purchased_type":["Card","Card"],"build_version":"2020-12-22","purchased_purges":0,"victory":false,"max_hp_per_floor":[66,66,66,66,66,66,66,66,76,76,76,76,76,76,76],"relic_stats":{"Dream Catcher":0,"Torii":13,"counters":[9,46],"obtain_stats":[{"Dream Catcher":8,"Pear":9,"Torii":0,"Ring of the Snake":0},{"Dream Catcher":5,"Pear":5,"Torii":0,"Ring of the Snake":0},{"Dream Catcher":25,"Pear":25,"Torii":0,"Ring of the Snake":0}],"Ring of the Snake":[18]},"card_choices":[{"not_picked":["Underhanded Strike","Slice"],"picked":"Dash","floor":1.0},{"not_picked":["Accuracy","Dodge and Roll","Setup"],"picked":"SKIP","floor":3.0},{"not_picked":["Deflect","Slice"],"picked":"Poisoned Stab","floor":4.0},{"not_picked":["Prepared","A Thousand Cuts"],"picked":"Tactician","floor":7.0},{"not_picked":["Deflect","Heel Hook"],"picked":"Reflex","floor":8.0},{"not_picked":["Outmaneuver","PiercingWail","Flying Knee"],"picked":"SKIP","floor":10.0},{"not_picked":["Expertise","Skewer"],"picked":"Slice","floor":11.0},{"not_picked":["Blade Dance","Concentrate"],"picked":"Calculated Gamble","floor":13.0}],"player_experience":290233,"relics_obtained":[{"floor":8.0,"key":"Dream Catcher"},{"floor":9.0,"key":"Pear"}],"event_choices":[{"damage_healed":0.0,"max_hp_gain":0.0,"max_hp_loss":0.0,"gold_gain":0.0,"event_name":"Shining Light","player_choice":"Entered Light","floor":2.0,"gold_loss":0.0,"damage_taken":20.0,"cards_upgraded":["Strike_G","Dash"]}],"is_beta":false,"boss_relics":[],"items_purged_floors":[],"is_endless":false,"potions_floor_spawned":[3,4,7],"killed_by":"Gremlin Nob","ascension_level":20}}