{"host":"93n4kdg5le7r8dks","time":1609633118,"event":{"mods":["AlwaysNeverKeys","BaseMod","Better Note","Better Sensory Stone","Better Skull","Better Third Choice","Block Reminder","Colored Map","Colored Powertips","DeckTracker","Downfall","Infinite Spire","Minty Spire (QoL Compilation)","Quick Restart","StSLib"],"gold_per_floor":[24,24,24,48,48,48,48,80,255,273,291,50,63,63,74,176,176,101,120,134,134,148,160,185,197,497,512,437,470,480,512,526,630,630,630,297,346,346,366,384,384,401,501,531,46,65,65,99,109,205,205,205,222,222,222,232,245,324,355,355,355,355,374,374,433,453,550,550,550,561,581,581,581,598,633,650,650,750,750,750,766,782,792,895,895,895,915,935,709,728,370,397,410,429,429,280,280,298,298,310,412,412,412,412],"floor_reached":102,"playtime":5110,"items_purged":["Doubt","champ:Execute","champ:Circumvent","champ:Defend","champ:Defend","champ:Defend+1","champ:Defend"],"score":2177,"play_id":"c22f0e06-ff60-4b4a-b0cc-ed3d1a3ec362","local_time":"20210102181838","is_ascension_mode":false,"campfire_choices":[{"data":"champ:Taunt","floor":1.0,"key":"SMITH"},{"data":"champ:Improvising","floor":18.0,"key":"SMITH"},{"data":"champ:DefensiveStyle","floor":28.0,"key":"SMITH"},{"data":"champ:StanceDance","floor":35.0,"key":"SMITH"},{"data":"Apotheosis","floor":47.0,"key":"SMITH"},{"data":"1","floor":52,"key":"LIFT"},{"data":"2","floor":61,"key":"LIFT"},{"data":"3","floor":64,"key":"LIFT"},{"data":"champ:HoldFirm","floor":69,"key":"SMITH"},{"data":"infinitespire:FutureSight","floor":77,"key":"SMITH"},{"data":"expansioncontent:DecasProtection","floor":80,"key":"SMITH"},{"data":"champ:HoldFirm","floor":86,"key":"SMITH"}],"circlet_count":0,"master_deck":["champ:Taunt+1","infinitespire:Starlight","champ:TornadoPunch","champ:Circumvent+1","champ:DefensiveStyle+1","champ:ShieldSlam+1","champ:DefensiveShout","champ:FocusedDefense","champ:Lariat+1","champ:Improvising+1","champ:ArenaPreparation+1","champ:StanceDance+1","champ:TornadoPunch+1","champ:RapidStrikes+1","champ:Lariat+1","champ:ShieldThrow+1","expansioncontent:DecasProtection+1","champ:Circumvent+1","infinitespire:Fortify+1","champ:ShieldThrow+1","champ:ViciousMockery+1","Apotheosis+1","champ:FalseCounter","champ:HoldFirm+1","infinitespire:FutureSight+1","champ:Lariat+1","champ:HoldFirm+1","Panache","After Image"],"relics":["Burning Blood","downfall:HeartsMalice","downfall:HeartBlessingRed","Orichalcum","Question Card","Pen Nib","Oddly Smooth Stone","infinitespire:Cubic Diamond","Philosopher\u0027s Stone","downfall:HeartBlessingGreen","champ:FightingForDummies","Runic Pyramid","Old Coin","downfall:HeartBlessingBlue","Art of War","Strawberry","infinitespire:Cupcake","War Paint","Pantograph","Girya","Bag of Marbles","Membership Card","infinitespire:Lucky Rock","Omamori","Juzu Bracelet","Empty Cage","Whetstone","Runic Dome","infinitespire:BottledMercury","champ:LiftRelic","champ:DefensiveTrainingManual","infinitespire:CheckeredPen","Coffee Dripper","Thread and Needle","infinitespire:CursedDice","HornCleat","SlaversCollar","Boot","PreservedInsect","Matryoshka","Bag of Preparation","PrismaticShard","infinitespire:PuzzleCube","MealTicket","Bronze Scales","infinitespire:Beetle Shell"],"acts_visited":["Exordium","TheCity","TheBeyond","TheCity","TheBeyond","Exordium"],"potions_floor_usage":[59,59,59,67,76,101,101,101],"damage_taken":[{"damage":0.0,"enemies":"Small Slimes","floor":5.0,"turns":1.0},{"damage":0.0,"enemies":"Jaw Worm","floor":6.0,"turns":1.0},{"damage":0.0,"enemies":"Lagavulin","floor":8.0,"turns":1.0},{"damage":0.0,"enemies":"2 Louse","floor":10.0,"turns":1.0},{"damage":1.0,"enemies":"2 Fungi Beasts","floor":11.0,"turns":4.0},{"damage":0.0,"enemies":"downfall:FleeingMerchant","floor":12.0,"turns":4.0},{"damage":4.0,"enemies":"Blue Slaver","floor":13.0,"turns":4.0},{"damage":0.0,"enemies":"Lots of Slimes","floor":15.0,"turns":2.0},{"damage":26.0,"enemies":"downfall:Silent","floor":16.0,"turns":12.0},{"damage":15.0,"enemies":"Chosen","floor":19.0,"turns":8.0},{"damage":35.0,"enemies":"Snake Plant","floor":20.0,"turns":4.0},{"damage":7.0,"enemies":"Shelled Parasite and Fungi","floor":22.0,"turns":4.0},{"damage":24.0,"enemies":"Centurion and Healer","floor":23.0,"turns":4.0},{"damage":32.0,"enemies":"Cultist and Chosen","floor":25.0,"turns":6.0},{"damage":19.0,"enemies":"Snecko","floor":27.0,"turns":8.0},{"damage":6.0,"enemies":"Book of Stabbing","floor":29.0,"turns":5.0},{"damage":22.0,"enemies":"Centurion and Healer","floor":30.0,"turns":4.0},{"damage":14.0,"enemies":"Nightmare","floor":31.0,"turns":7.0},{"damage":5.0,"enemies":"3 Cultists","floor":32.0,"turns":4.0},{"damage":49.0,"enemies":"downfall:Watcher","floor":33.0,"turns":8.0},{"damage":0.0,"enemies":"3 Shapes","floor":39.0,"turns":5.0},{"damage":16.0,"enemies":"Orb Walker","floor":40.0,"turns":2.0},{"damage":0.0,"enemies":"Jaw Worm Horde","floor":42.0,"turns":4.0},{"damage":7.0,"enemies":"infinitespire:Three Voidlings","floor":43.0,"turns":4.0},{"damage":15.0,"enemies":"Nightmare_Alpha","floor":43.0,"turns":11.0},{"damage":34.0,"enemies":"Nemesis","floor":44.0,"turns":9.0},{"damage":22.0,"enemies":"downfall:FleeingMerchant","floor":45.0,"turns":4.0},{"damage":2.0,"enemies":"Writhing Mass","floor":46.0,"turns":3.0},{"damage":0.0,"enemies":"Giant Head","floor":48.0,"turns":7.0},{"damage":0.0,"enemies":"3 Darklings","floor":49.0,"turns":2.0},{"damage":32.0,"enemies":"downfall:Ironclad","floor":50.0,"turns":11.0},{"damage":0,"enemies":"2 Louse","floor":53,"turns":3},{"damage":5,"enemies":"Small Slimes","floor":56,"turns":2},{"damage":0,"enemies":"Jaw Worm","floor":57,"turns":1},{"damage":111,"enemies":"Nightmare","floor":59,"turns":7},{"damage":0,"enemies":"2 Fungi Beasts","floor":63,"turns":2},{"damage":10,"enemies":"downfall:FleeingMerchant","floor":65,"turns":2},{"damage":0,"enemies":"Blue Slaver","floor":66,"turns":1},{"damage":62,"enemies":"Hexaghost","floor":67,"turns":4},{"damage":15,"enemies":"3 Byrds","floor":70,"turns":3},{"damage":15,"enemies":"Centurion and Healer","floor":71,"turns":3},{"damage":15,"enemies":"Chosen and Byrds","floor":74,"turns":3},{"damage":5,"enemies":"Gremlin Leader","floor":75,"turns":5},{"damage":5,"enemies":"Snecko","floor":76,"turns":2},{"damage":5,"enemies":"downfall:CharBossIronclad","floor":78,"turns":3},{"damage":0,"enemies":"Sentry and Sphere","floor":81,"turns":2},{"damage":0,"enemies":"Snake Plant","floor":82,"turns":2},{"damage":0,"enemies":"Chosen and Byrds","floor":83,"turns":3},{"damage":8,"enemies":"Automaton","floor":84,"turns":6},{"damage":5,"enemies":"3 Darklings","floor":87,"turns":5},{"damage":5,"enemies":"Orb Walker","floor":88,"turns":2},{"damage":5,"enemies":"Sphere and 2 Shapes","floor":90,"turns":4},{"damage":37,"enemies":"Nightmare_Alpha","floor":92,"turns":4},{"damage":3,"enemies":"Jaw Worm Horde","floor":93,"turns":3},{"damage":5,"enemies":"Spire Growth","floor":94,"turns":3},{"damage":5,"enemies":"Maw","floor":98,"turns":3},{"damage":20,"enemies":"Transient","floor":100,"turns":5},{"damage":20,"enemies":"Awakened One","floor":101,"turns":5}],"seed_played":"3704645563334250617","potions_obtained":[{"floor":8.0,"key":"Regen Potion"},{"floor":10.0,"key":"sneckomod:MuddlingPotion"},{"floor":11.0,"key":"Fire Potion"},{"floor":22.0,"key":"Block Potion"},{"floor":33.0,"key":"champ:OpenerPotion"},{"floor":43.0,"key":"AttackPotion"},{"floor":46.0,"key":"FearPotion"},{"floor":49.0,"key":"Block Potion"},{"floor":57,"key":"Dexterity Potion"},{"floor":67,"key":"Fruit Juice"},{"floor":70,"key":"CultistPotion"},{"floor":74,"key":"Explosive Potion"},{"floor":76,"key":"Fruit Juice"},{"floor":79,"key":"CultistPotion"},{"floor":100,"key":"champ:CounterPotion"}],"is_trial":false,"path_per_floor":["R","?","?","T","M","M","T","E","?","M","M","$","M","?","M","B",null,"R","M","M","?","M","M","T","M","AVR","M","R","E","M","NM","M","B",null,"R","?","?","?","M","M","T","M","?","E","$","M","R","E","M","B",null,"R","M","?","AVR","M","M","T","NM","?","R","?","M","R","$","M","B",null,"R","M","M","?","AVR","M","E","M","R","?","?","R","M","M","M","B",null,"R","M","M","$","M","$","NM","M","M","?","$","?","M","?","M","B",null],"character_chosen":"THE_CHAMP","items_purchased":["Oddly Smooth Stone","Membership Card","infinitespire:Lucky Rock","Omamori","Apotheosis","champ:DefensiveTrainingManual","infinitespire:CheckeredPen","Boot","PreservedInsect","Matryoshka","Bag of Preparation","PrismaticShard","infinitespire:PuzzleCube","MealTicket"],"campfire_rested":0,"item_purchase_floors":[12,45,45,45,45,65,65,89,89,91,91,91,96,96],"current_hp_per_floor":[90,68,68,68,68,68,68,68,68,68,77,87,86,86,90,70,90,90,90,83,83,90,90,90,84,84,82,92,100,98,107,107,89,107,107,120,120,120,120,115,115,120,120,120,120,120,120,120,120,120,120,120,120,120,120,120,120,120,50,50,50,50,56,56,62,68,57,125,125,121,125,125,125,125,125,130,130,130,130,130,130,130,130,130,130,130,130,130,130,130,130,99,102,118,125,125,125,130,130,130,130,130,130,130],"gold":412,"neow_bonus":"THREE_ENEMY_KILL","is_daily":false,"chose_seed":false,"campfire_upgraded":9,"win_rate":0.0,"timestamp":1609633118,"path_taken":["R","?","?","?","M","M","T","E","?","M","M","$","M","?","M","BOSS","R","M","M","?","?","M","T","M","AVR","M","R","E","M","NM","M","BOSS","R","?","?","?","?","M","T","M","?","E","$","M","R","E","M","BOSS","R","M","?","AVR","M","M","T","NM","?","R","?","M","R","$","M","BOSS","R","M","M","?","AVR","M","E","M","R","?","?","R","M","M","M","BOSS","R","M","M","$","M","$","NM","M","M","?","?","?","M","?","M","BOSS"],"items_purchased_type":["Relic","Relic","Relic","Relic","Card","Relic","Relic","Relic","Relic","Relic","Relic","Relic","Relic","Relic"],"build_version":"2020-12-13","purchased_purges":7,"victory":false,"max_hp_per_floor":[90,90,90,90,90,90,90,90,90,90,90,90,90,90,90,90,90,90,90,90,90,90,90,90,90,90,90,100,100,100,107,107,107,107,107,120,120,120,120,120,120,120,120,120,120,120,120,120,120,120,120,120,120,120,120,120,120,120,120,120,120,120,120,120,120,120,125,125,125,125,125,125,125,125,125,130,130,130,130,130,130,130,130,130,130,130,130,130,130,130,130,130,130,130,130,130,130,130,130,130,130,130,130,130],"card_choices":[{"not_picked":["infinitespire:DeathsTouch","infinitespire:FinalStrike"],"picked":"infinitespire:Starlight","floor":2.0},{"not_picked":["champ:DefensiveShout","champ:AdrenalArmor"],"picked":"champ:TornadoPunch","floor":5.0},{"not_picked":["champ:PerfectedStrike","champ:ViciousMockery"],"picked":"champ:Circumvent","floor":6.0},{"not_picked":["champ:FaceSlap","champ:HeavySlash","champ:GutPunch"],"picked":"champ:Circumvent","floor":8.0},{"not_picked":["champ:GutPunch","champ:GladiatorStyle","champ:ShieldWall"],"picked":"champ:DefensiveStyle","floor":10.0},{"not_picked":["champ:BladeFlurry","champ:TornadoPunch","champ:StanceDance"],"picked":"champ:ShieldSlam","floor":11.0},{"not_picked":["champ:BringItOn","champ:TornadoPunch","champ:PreciseThrust"],"picked":"champ:DefensiveShout","floor":12.0},{"not_picked":["champ:Lariat","champ:FlashCut","champ:ArenaPreparation"],"picked":"champ:FocusedDefense","floor":13.0},{"not_picked":["champ:AdrenalArmor","champ:RapidStrikes","champ:BerserkersShout"],"picked":"champ:Lariat","floor":15.0},{"not_picked":["champ:ShieldThrow","champ:HoldFirm","champ:VampiricStrike"],"picked":"champ:Improvising","floor":16.0},{"not_picked":["champ:BerserkersShout+1","champ:Riposte+1","champ:CrookedStrike"],"picked":"champ:ArenaPreparation+1","floor":19.0},{"not_picked":["champ:FanOfKnives","champ:Haymaker+1","champ:CalledShot"],"picked":"champ:StanceDance","floor":20.0},{"not_picked":["champ:GutPunch","champ:FanOfKnives","champ:Backstep","champ:FlashCut"],"picked":"SKIP","floor":22.0},{"not_picked":["champ:CrookedStrike+1","champ:MurderStrike","champ:Circumvent"],"picked":"champ:TornadoPunch+1","floor":23.0},{"not_picked":["champ:Duel+1","champ:TornadoPunch","champ:IronFortress"],"picked":"champ:RapidStrikes+1","floor":25.0},{"not_picked":["champ:Circumvent","champ:Backstep+1","champ:FlashCut","champ:IgnorePain"],"picked":"SKIP","floor":27.0},{"not_picked":["champ:BerserkersShout","champ:PerfectedStrike","champ:CalledShot","champ:StanceDance"],"picked":"SKIP","floor":29.0},{"not_picked":["champ:FocusedBerserking+1","champ:Duel","champ:GladiatorStyle+1","champ:StanceDance"],"picked":"SKIP","floor":30.0},{"not_picked":["champ:FaceSlap","champ:BerserkersShout","champ:DefensiveStyle"],"picked":"champ:Lariat+1","floor":31.0},{"not_picked":["champ:Encircle","champ:Haymaker","champ:GladiatorsShout","champ:DefensiveStyle"],"picked":"SKIP","floor":32.0},{"not_picked":["champ:Encircle","champ:Haymaker","champ:GladiatorsShout","champ:DefensiveStyle"],"picked":"SKIP","floor":32.0},{"not_picked":["champ:IgnorePain","champ:HoldFirm","champ:PerfectForm"],"picked":"champ:ShieldThrow","floor":33.0},{"not_picked":["expansioncontent:TimeRipple","expansioncontent:Flail","expansioncontent:Chronoboost"],"picked":"expansioncontent:DecasProtection","floor":38.0},{"not_picked":["champ:BringItOn+1","champ:TornadoPunch","champ:GutPunch","champ:BerserkersShout+1"],"picked":"SKIP","floor":39.0},{"not_picked":["champ:BladeFlurry+1","champ:ArenaPreparation","champ:AdrenalArmor"],"picked":"champ:Circumvent+1","floor":40.0},{"not_picked":["champ:Haymaker+1","champ:FanOfKnives+1","champ:BladeFlurry+1","champ:BringItOn+1"],"picked":"SKIP","floor":42.0},{"not_picked":["infinitespire:Punishment","infinitespire:Execution"],"picked":"infinitespire:Fortify","floor":43.0},{"not_picked":["champ:FaceSlap","champ:CrookedStrike+1","champ:HoldFirm"],"picked":"champ:ShieldThrow","floor":44.0},{"not_picked":["champ:BringItOn+1","champ:Circumvent","champ:DefensiveShout"],"picked":"champ:ViciousMockery+1","floor":45.0},{"not_picked":["champ:FlashCut","champ:TornadoPunch+1","champ:ArenaPreparation","champ:ShieldWall"],"picked":"SKIP","floor":46.0},{"not_picked":["champ:Lariat","champ:BringItOn+1","champ:ArenaPreparation+1"],"picked":"champ:FalseCounter","floor":48.0},{"not_picked":["champ:GladiatorsShout+1","champ:CrookedStrike","champ:Circumvent+1","champ:StanceDance"],"picked":"SKIP","floor":49.0},{"not_picked":["champ:Circumvent","champ:Lariat","champ:AdrenalArmor","champ:BladeFlurry"],"picked":"SKIP","floor":53},{"not_picked":["champ:BerserkerStyle","champ:TornadoPunch","champ:SkillfulDodge","champ:DefensiveShout"],"picked":"SKIP","floor":56},{"not_picked":["champ:DefensiveShout","champ:GladiatorsShout","champ:Circumvent","champ:BerserkerStyle"],"picked":"SKIP","floor":57},{"not_picked":["champ:HeartStrike","champ:IronFortress","champ:TornadoPunch","champ:GladiatorsShout"],"picked":"SKIP","floor":59},{"not_picked":["champ:EnGarde","champ:TornadoPunch","champ:Lariat","champ:FanOfKnives"],"picked":"SKIP","floor":63},{"not_picked":["champ:BringItOn","champ:SkillfulDodge","champ:AdrenalArmor","champ:Circumvent"],"picked":"SKIP","floor":65},{"not_picked":["champ:Backstep","champ:Circumvent","champ:Shatter","champ:BladeFlurry"],"picked":"SKIP","floor":66},{"not_picked":["champ:ShieldSlam","champ:IgnorePain","champ:HeavySlash"],"picked":"champ:HoldFirm","floor":67},{"not_picked":["infinitespire:Fortify","infinitespire:DeathsTouch"],"picked":"infinitespire:FutureSight","floor":68},{"not_picked":["champ:CalledShot+1","champ:FightOn","champ:EnragedBash+1","champ:RecklessLeap"],"picked":"SKIP","floor":70},{"not_picked":["champ:BringItOn+1","champ:BladeFlurry+1","champ:IronFortress","champ:TornadoPunch+1"],"picked":"SKIP","floor":71},{"not_picked":["champ:TornadoPunch","champ:FaceSlap","champ:GladiatorsShout","champ:BladeFlurry+1"],"picked":"SKIP","floor":74},{"not_picked":["champ:EnragedBash","champ:BladeFlurry","champ:HeartStrike","champ:IgnorePain"],"picked":"SKIP","floor":75},{"not_picked":["champ:DefensiveStyle","champ:DefensiveShout","champ:BerserkersShout","champ:RisingSlash+1"],"picked":"SKIP","floor":76},{"not_picked":["champ:FlashCut","champ:SteelEdge","champ:GladiatorsShout","champ:FocusedBerserking"],"picked":"SKIP","floor":81},{"not_picked":["champ:Riposte+1","champ:FightOn","champ:FlashCut"],"picked":"champ:Lariat+1","floor":82},{"not_picked":["champ:RecklessLeap+1","champ:BringItOn","champ:DeathBlow+1","champ:RisingSlash"],"picked":"SKIP","floor":83},{"not_picked":["champ:HeavySlash","champ:ShieldSlam","champ:CheapShot"],"picked":"champ:HoldFirm","floor":84},{"not_picked":["champ:FocusedBerserking+1","champ:BringItOn+1","champ:BladeFlurry+1","champ:GutPunch+1"],"picked":"SKIP","floor":87},{"not_picked":["champ:StanceDance+1","champ:EnragedBash+1","champ:CrookedStrike+1","champ:AdrenalArmor"],"picked":"SKIP","floor":88},{"not_picked":["champ:FanOfKnives","champ:Haymaker","champ:GladiatorsShout","champ:TornadoPunch+1"],"picked":"SKIP","floor":90},{"not_picked":["sneckomod:SoulRoll","SashWhip+1","sneckomod:UnknownBlock","Perseverance"],"picked":"SKIP","floor":92},{"not_picked":["Dual Wield","Pummel","EmptyFist+1","Defragment"],"picked":"SKIP","floor":93},{"not_picked":["champ:StanceDance","Forethought","Outmaneuver","Slimebound:RejuvenatingLick+1"],"picked":"SKIP","floor":94},{"not_picked":["Slimebound:LeechEnergy+1","Deflect+1","Pommel Strike+1","Steam Power"],"picked":"SKIP","floor":98},{"not_picked":["PanicButton","Secret Technique","expansioncontent:DonusPower"],"picked":"Panache","floor":99},{"not_picked":["Ball Lightning","Conserve Battery","expansioncontent:Flail","Mind Blast+1"],"picked":"SKIP","floor":100},{"not_picked":["Thinking Ahead","ConjureBlade","Hyperbeam"],"picked":"After Image","floor":101}],"player_experience":93866,"relics_obtained":[{"floor":4.0,"key":"Orichalcum"},{"floor":7.0,"key":"Question Card"},{"floor":8.0,"key":"Pen Nib"},{"floor":24.0,"key":"champ:FightingForDummies"},{"floor":29.0,"key":"Art of War"},{"floor":31.0,"key":"Strawberry"},{"floor":37.0,"key":"War Paint"},{"floor":41.0,"key":"Pantograph"},{"floor":43.0,"key":"Girya"},{"floor":44.0,"key":"Bag of Marbles"},{"floor":48.0,"key":"Juzu Bracelet"},{"floor":58,"key":"infinitespire:BottledMercury"},{"floor":78,"key":"infinitespire:CursedDice"},{"floor":78,"key":"HornCleat"},{"floor":97,"key":"Bronze Scales"},{"floor":97,"key":"infinitespire:Beetle Shell"}],"event_choices":[{"cards_removed":["champ:Execute"],"damage_healed":0.0,"max_hp_gain":0.0,"max_hp_loss":0.0,"gold_gain":0.0,"event_name":"betterNote:BetterNote","player_choice":"Give","floor":21.0,"gold_loss":0.0,"damage_taken":0.0,"cards_obtained":["Guardian:Strike_Guardian"]},{"cards_removed":["champ:Strike"],"damage_healed":0,"gold_gain":0,"player_choice":"Card Removal","damage_taken":0,"max_hp_gain":0,"max_hp_loss":0,"event_name":"The Cleric","floor":60,"gold_loss":0},{"damage_healed":7,"gold_gain":0,"player_choice":"LEAVE ","damage_taken":0,"relics_obtained":[],"max_hp_gain":0,"max_hp_loss":0,"event_name":"betterSkull:BetterSkull","floor":95,"gold_loss":0,"cards_upgraded":[]},{"damage_healed":0,"gold_gain":6,"player_choice":"1","damage_taken":0,"max_hp_gain":0,"max_hp_loss":0,"event_name":"betterStone:BetterStone","floor":99,"gold_loss":0}],"is_beta":false,"boss_relics":[{"not_picked":["Cursed Key","Snecko Eye"],"picked":"Philosopher\u0027s Stone"},{"not_picked":["Busted Crown","Fusion Hammer"],"picked":"infinitespire:Cupcake"},{"not_picked":["Tiny House","SacredBark"],"picked":"Empty Cage"},{"not_picked":["Fusion Hammer","Cursed Key"],"picked":"Coffee Dripper"},{"not_picked":["Snecko Eye","SacredBark"],"picked":"SlaversCollar"},{"not_picked":["Calling Bell","Velvet Choker","Astrolabe"]}],"items_purged_floors":[12,26,45,65,73,89,91],"is_endless":true,"potions_floor_spawned":[8,10,11,15,16,22,23,30,33,39,43,46,49,50,56,57,67,70,74,76,81,83,88,90,98,100],"ascension_level":0}}