{"host":"j25kpsdysct9h495","time":1609717982,"event":{"mods":["BaseMod","Bestiary","Minty Spire (QoL Compilation)"],"gold_per_floor":[118,118,25,40,59,59,111,135,147,194,206,235,283,295,307,423,435,482,494,431,27,27,27,43,43,88,101,101,120,137,137,137],"floor_reached":31,"playtime":1695,"items_purged":["Strike_B"],"score":237,"play_id":"d11330cf-aea8-4100-a2e6-3aa389415e8c","local_time":"20210103215302","is_ascension_mode":false,"campfire_choices":[{"data":"Jack Of All Trades","floor":6,"key":"SMITH"},{"floor":11,"key":"REST"},{"floor":15,"key":"REST"},{"floor":23,"key":"REST"},{"floor":28,"key":"REST"}],"circlet_count":0,"master_deck":["Defend_B","Defend_B","Defend_B","Zap","Dualcast","Ball Lightning","Jack Of All Trades+1","All For One","Glacier","Capacitor","Rip and Tear","Seek","Force Field+1","Violence","Fission","Reprogram","Barrage","BootSequence"],"relics":["Cracked Core","NeowsBlessing","MawBank","Gremlin Horn","Kunai","Velvet Choker","Lantern","Enchiridion","MealTicket"],"acts_visited":["Exordium","TheCity"],"potions_floor_usage":[10,10,13],"damage_taken":[{"damage":0,"enemies":"Small Slimes","floor":1,"turns":1},{"damage":0,"enemies":"Jaw Worm","floor":4,"turns":1},{"damage":0,"enemies":"2 Louse","floor":5,"turns":2},{"damage":13,"enemies":"2 Fungi Beasts","floor":8,"turns":4},{"damage":17,"enemies":"Gremlin Nob","floor":10,"turns":4},{"damage":14,"enemies":"Large Slime","floor":12,"turns":5},{"damage":4,"enemies":"Exordium Wildlife","floor":13,"turns":3},{"damage":10,"enemies":"The Guardian","floor":16,"turns":11},{"damage":9,"enemies":"Chosen","floor":18,"turns":5},{"damage":40,"enemies":"3 Byrds","floor":24,"turns":7},{"damage":4,"enemies":"Snake Plant","floor":27,"turns":5},{"damage":12,"enemies":"Shelled Parasite and Fungi","floor":29,"turns":12},{"damage":28,"enemies":"Cultist and Chosen","floor":30,"turns":7},{"damage":10,"enemies":"Snecko","floor":31,"turns":5}],"seed_played":"9908068640385581","potions_obtained":[{"floor":5,"key":"Weak Potion"},{"floor":8,"key":"Strength Potion"},{"floor":12,"key":"Fire Potion"},{"floor":24,"key":"DuplicationPotion"},{"floor":29,"key":"Energy Potion"}],"is_trial":false,"path_per_floor":["M","?","$","M","M","R","T","M","T","E","R","M","M","?","R","B",null,"M","$","?","$","?","R","M","?","T","M","R","M","M","M"],"character_chosen":"DEFECT","items_purchased":["Jack Of All Trades","Lantern","Violence"],"campfire_rested":4,"item_purchase_floors":[3,21,21],"current_hp_per_floor":[75,75,75,75,75,75,75,62,62,45,67,53,49,49,71,61,75,66,66,66,66,50,72,32,32,32,28,50,38,10,0,0],"gold":137,"neow_bonus":"THREE_ENEMY_KILL","is_daily":false,"chose_seed":false,"campfire_upgraded":1,"win_rate":0.0,"timestamp":1609717982,"path_taken":["M","?","$","M","M","R","?","M","T","E","R","M","M","?","R","BOSS","M","$","?","$","?","R","M","?","T","M","R","M","?","?"],"items_purchased_type":["Card","Relic","Card"],"build_version":"2020-12-22","purchased_purges":1,"victory":false,"max_hp_per_floor":[75,75,75,75,75,75,75,75,75,75,75,75,75,75,75,75,75,75,75,75,75,75,75,75,75,75,75,75,75,75,75,75],"card_choices":[{"not_picked":["Coolheaded","Doom and Gloom"],"picked":"Ball Lightning","floor":1},{"not_picked":["Leap","White Noise","Beam Cell"],"picked":"SKIP","floor":4},{"not_picked":["Steam","Coolheaded","Aggregate"],"picked":"SKIP","floor":5},{"not_picked":["Beam Cell","Static Discharge"],"picked":"All For One","floor":8},{"not_picked":["Aggregate","Doom and Gloom"],"picked":"Glacier","floor":10},{"not_picked":["Sweeping Beam","Tempest","Leap"],"picked":"SKIP","floor":12},{"not_picked":["Redo","Leap"],"picked":"Capacitor","floor":13},{"not_picked":["Amplify","Rainbow"],"picked":"Seek","floor":16},{"not_picked":["Beam Cell","Fusion+1"],"picked":"Force Field+1","floor":18},{"not_picked":["Sweeping Beam","Gash","Ball Lightning"],"picked":"SKIP","floor":24},{"not_picked":["Doom and Gloom","Compile Driver"],"picked":"Barrage","floor":27},{"not_picked":["Blizzard","Stack","Reprogram"],"picked":"SKIP","floor":29},{"not_picked":["Defragment","Steam Power+1"],"picked":"BootSequence","floor":30}],"player_experience":723,"relics_obtained":[{"floor":7,"key":"MawBank"},{"floor":9,"key":"Gremlin Horn"},{"floor":10,"key":"Kunai"},{"floor":22,"key":"Enchiridion"},{"floor":26,"key":"MealTicket"}],"event_choices":[{"damage_healed":0,"gold_gain":0,"player_choice":"Leave","damage_taken":0,"max_hp_gain":0,"max_hp_loss":0,"event_name":"The Cleric","floor":2,"gold_loss":0},{"damage_healed":0,"gold_gain":0,"cards_transformed":["Strike_B"],"player_choice":"Change","damage_taken":0,"max_hp_gain":0,"max_hp_loss":0,"event_name":"Living Wall","floor":14,"gold_loss":0,"cards_obtained":["Rip and Tear"]},{"cards_removed":["Defend_B"],"damage_healed":0,"gold_gain":0,"player_choice":"Gave Gold","damage_taken":0,"max_hp_gain":0,"max_hp_loss":0,"event_name":"Beggar","floor":20,"gold_loss":75},{"damage_healed":0,"gold_gain":0,"player_choice":"Obtained Book","damage_taken":16,"max_hp_gain":0,"max_hp_loss":0,"event_name":"Cursed Tome","floor":22,"gold_loss":0},{"damage_healed":0,"gold_gain":0,"cards_transformed":["Strike_B","Strike_B"],"player_choice":"Became Test Subject","damage_taken":0,"max_hp_gain":0,"max_hp_loss":0,"event_name":"Drug Dealer","floor":25,"gold_loss":0,"cards_obtained":["Fission","Reprogram"]}],"is_beta":false,"boss_relics":[{"not_picked":["Busted Crown","Ectoplasm"],"picked":"Velvet Choker"}],"items_purged_floors":[21],"is_endless":false,"potions_floor_spawned":[5,8,12,24,29],"killed_by":"Snecko","ascension_level":0}}