{"host":"ff0k6g9g9j8o52vm","time":1609713903,"event":{"mods":["2.2 Compatiblity","Aspiration","Astrologer","BaseMod","Beaked The Cultist","Better Altar","Better Note","Better Sensory Stone","Better Skull","Better Third Choice","Colored Map","Colored Powertips","Conspire","Curses Come First","Downfall","Energized Spire","Friendly Minions","GifTheSpireLib","Gremlin Mod","Halation","Hermit","Highlight Path","Hubris","Infinite Spire","Jedi Mod","Jorbs\u0027s Wanderer Trilogy","Koishi","Mad Scientist","Marisa????????","Minty Spire (QoL Compilation)","Potionbrewer","Quick Restart","Random Character Button","Replay The Spire","Robot Space Explorer","Shade Mod","Slumbering Mod","Somnambulant","Spicy Shops","StSLib","Stuff the Spire","The Blackbeard","The Blue Laboratory","The Bug Knight","The Clintock","The Construct","The Cursed","The Disciple","The Dragon Tamer","The Druid","The Factory","The Forsaken","The Gatherer","The Hayseed","The Hierophant","The Jungle","The Marked","The Mystic","The Necromancer","The Poker Player","The Problem Sleuth","The Runesmith","The Sage","The Saiyan","The Senshi","The Servant 0.9.4","The Showman","The Spell Scribe","The Trickster","The Valiant","The Wild Card","TheArtist","TheBandit","TheFirefly","Trackpad","Wandering Minibosses","Yuri Mod","thorton","vexMod"],"gold_per_floor":[110,110,122,142,142,142,142,142],"floor_reached":7,"playtime":509,"items_purged":[],"score":41,"play_id":"08f48f2c-1bf6-40f1-bbd8-002af0895487","local_time":"20210103144503","is_ascension_mode":false,"campfire_choices":[{"data":"theSlumbering:StumblingBlow","floor":6,"key":"SMITH"}],"circlet_count":0,"master_deck":["theSlumbering:BasicAttack","theSlumbering:BasicAttack","theSlumbering:Strike_Slumbering","theSlumbering:Strike_Slumbering","theSlumbering:BasicDefend","theSlumbering:BasicDefend","theSlumbering:Defend_Slumbering","theSlumbering:Defend_Slumbering","theSlumbering:Invigorate+1","theSlumbering:DreamEater","theSlumbering:CurlUp","theSlumbering:StumblingBlow+1","theSlumbering:Jab","Injury"],"relics":["theSlumbering:SlumberingRelic","theSlumbering:HeartCollector","theSlumbering:EnergyDrink","Frozen Egg 2"],"acts_visited":["Exordium"],"potions_floor_usage":[7],"damage_taken":[{"damage":1,"enemies":"Cultist","floor":1,"turns":6},{"damage":0,"enemies":"2 Louse","floor":3,"turns":2},{"damage":0,"enemies":"theSlumbering:NewCultist","floor":4,"turns":3},{"damage":1,"enemies":"theSlumbering:Adrasteia","floor":7,"turns":3}],"seed_played":"-2110297033583777061","potions_obtained":[{"floor":3,"key":"blueLaboratory:HummingbirdPotion"}],"is_trial":false,"path_per_floor":["M","?","M","M","?","R","E"],"character_chosen":"THE_SLUMBERING","items_purchased":[],"campfire_rested":0,"item_purchase_floors":[],"current_hp_per_floor":[1,1,1,1,1,1,0,0],"gold":142,"neow_bonus":"START_SLUMBER","is_daily":false,"chose_seed":false,"campfire_upgraded":1,"win_rate":0.0,"timestamp":1609713903,"path_taken":["M","?","M","M","?","R","E"],"items_purchased_type":[],"build_version":"2020-12-22","purchased_purges":0,"victory":false,"max_hp_per_floor":[1,1,1,1,1,1,1,1],"card_choices":[{"not_picked":["theSlumbering:Stretch","theSlumbering:ForcedThought"],"picked":"theSlumbering:CurlUp","floor":1},{"not_picked":["theSlumbering:ImagineSkill","theSlumbering:Hallucinations"],"picked":"theSlumbering:StumblingBlow","floor":3},{"not_picked":["theSlumbering:FullGuard","theSlumbering:InescapableThoughts"],"picked":"theSlumbering:Jab","floor":4}],"player_experience":978838,"relics_obtained":[],"event_choices":[],"is_beta":false,"boss_relics":[],"items_purged_floors":[],"is_endless":false,"potions_floor_spawned":[3],"killed_by":"theSlumbering:Adrasteia","ascension_level":0}}