{"host":"bux1pdxjwq4dkad9","time":1609644448,"event":{"mods":["Arknights The Spire","BaseMod","Colored Map","Minty Spire (QoL Compilation)","Quick Restart","Spicy Shops","StSLib","SuperFastMode","°æ“≈ŒÔMod°øºÚµ•”Œœ∑"],"gold_per_floor":[110,123,11,186,186,218,218,245,245,245,264,289,239,239,239,359,359,384,15,15,15,114,152,152,186,267,290,140,174,174,214,214,337,337,357,357,372,385,103,139,163,196,223,267,267,310,350,365,365,365,365,365,69,107,107],"floor_reached":56,"playtime":1539,"items_purged":["ats:Strike G","ats:Strike V","ats:Strike C","Writhe","ats:Defend","ats:Defend"],"score":2601,"play_id":"8d714ef7-53f0-4691-b829-3bc25e941ac7","local_time":"20210103112728","is_ascension_mode":true,"campfire_choices":[{"data":"ats:Emotion Absorption","floor":7,"key":"SMITH"},{"data":"1","floor":10,"key":"LIFT"},{"data":"2","floor":15,"key":"LIFT"},{"data":"3","floor":24,"key":"LIFT"},{"data":"Shame","floor":30,"key":"PURGE"},{"data":"ats:Mental Burst","floor":32,"key":"SMITH"},{"floor":49,"key":"RECALL"},{"data":"ats:Burning Ground","floor":52,"key":"SMITH"}],"circlet_count":0,"master_deck":["ats:Armor Crushing Shot+1","ats:Defend","ats:Defend","ats:Emotion Absorption+1","ats:LN2 Cannon","ats:Assault Order","ats:Mental Burst+1","ats:Burning Ground+1","ats:Wolf Pack+1","ats:Flexible Camouflage+1","ats:Echo Reverb"],"relics":["ats:Sanity","ImprovedEquipment","ats:Originium","WingedGreaves","Toy Ornithopter","Girya","ats:Hidden Killer","Golden Idol","Sozu","ClockworkSouvenir","Molten Egg 2","Nunchaku","Ice Cream","Peace Pipe","Smiling Mask","Gremlin Horn","Philosopher\u0027s Stone","Membership Card","Omamori","Potion Belt","PreservedInsect","Whetstone","Bottled Lightning","Du-Vu Doll","Ancient Tea Set","TheAbacus","Mummified Hand","Bronze Scales","Strawberry"],"acts_visited":["Exordium","TheCity","TheBeyond","TheEnding"],"potions_floor_usage":[55,55,55],"damage_taken":[{"damage":0,"enemies":"Jaw Worm","floor":1,"turns":2},{"damage":0,"enemies":"2 Louse","floor":2,"turns":1},{"damage":0,"enemies":"3 Sentries","floor":6,"turns":3},{"damage":0,"enemies":"Gremlin Nob","floor":8,"turns":2},{"damage":0,"enemies":"Small Slimes","floor":11,"turns":2},{"damage":0,"enemies":"Lagavulin","floor":12,"turns":3},{"damage":0,"enemies":"Slime Boss","floor":16,"turns":3},{"damage":0,"enemies":"Spheric Guardian","floor":18,"turns":1},{"damage":0,"enemies":"Gremlin Leader","floor":23,"turns":2},{"damage":0,"enemies":"Book of Stabbing","floor":25,"turns":2},{"damage":0,"enemies":"2 Thieves","floor":27,"turns":2},{"damage":0,"enemies":"Gremlin Leader","floor":29,"turns":3},{"damage":0,"enemies":"Slavers","floor":31,"turns":1},{"damage":0,"enemies":"Collector","floor":33,"turns":2},{"damage":0,"enemies":"Orb Walker","floor":35,"turns":1},{"damage":0,"enemies":"3 Darklings","floor":37,"turns":1},{"damage":0,"enemies":"Writhing Mass","floor":38,"turns":2},{"damage":0,"enemies":"Reptomancer","floor":40,"turns":1},{"damage":0,"enemies":"Sphere and 2 Shapes","floor":41,"turns":1},{"damage":0,"enemies":"Giant Head","floor":42,"turns":2},{"damage":0,"enemies":"Nemesis","floor":44,"turns":1},{"damage":0,"enemies":"Reptomancer","floor":46,"turns":1},{"damage":0,"enemies":"Giant Head","floor":47,"turns":2},{"damage":0,"enemies":"Spire Growth","floor":48,"turns":1},{"damage":0,"enemies":"Donu and Deca","floor":50,"turns":1},{"damage":0,"enemies":"Shield and Spear","floor":54,"turns":1},{"damage":0,"enemies":"The Heart","floor":55,"turns":1}],"seed_played":"3893053974774577954","potions_obtained":[{"floor":1,"key":"Weak Potion"},{"floor":6,"key":"Fire Potion"},{"floor":11,"key":"AttackPotion"}],"is_trial":false,"path_per_floor":["M","M","$","?","?","E","R","E","T","R","M","E","?","?","R","B",null,"M","$","?","?","?","E","R","E","T","M","$","E","R","E","R","B",null,"M","?","M","M","$","E","M","E","T","E","?","E","E","M","R","B",null,"R","$","E","B",null],"character_chosen":"DOCTOR_CLASS","items_purchased":["ats:Mental Burst","ClockworkSouvenir","Membership Card","Omamori","TheAbacus","Mummified Hand","Bronze Scales"],"campfire_rested":0,"item_purchase_floors":[3,19,39,39,53,53,53],"current_hp_per_floor":[72,72,72,72,65,65,65,65,65,65,65,65,65,46,46,46,71,71,71,71,71,71,71,71,71,71,71,71,71,71,71,71,71,77,77,77,77,77,77,77,77,77,77,77,75,75,75,75,75,75,75,75,75,82,82],"gold":107,"neow_bonus":"TEN_PERCENT_HP_BONUS","is_daily":false,"chose_seed":false,"campfire_upgraded":3,"win_rate":0.0,"timestamp":1609644448,"path_taken":["M","M","$","?","?","E","R","E","T","R","M","E","?","?","R","BOSS","M","$","?","?","?","E","R","E","T","M","$","E","R","E","R","BOSS","M","?","M","M","?","E","M","E","T","E","?","E","E","?","R","BOSS","R","$","E","BOSS"],"items_purchased_type":["Card","Relic","Relic","Relic","Relic","Relic","Relic"],"build_version":"2020-12-22","purchased_purges":6,"victory":true,"max_hp_per_floor":[79,79,79,79,79,79,79,79,79,79,79,79,79,79,79,79,79,79,79,79,79,79,79,79,79,79,79,79,79,79,79,79,79,79,79,79,79,79,79,79,79,79,79,79,75,75,75,75,75,75,75,75,75,82,82],"card_choices":[{"not_picked":["ats:Shell Defense","ats:Ignite"],"picked":"ats:LN2 Cannon","floor":1},{"not_picked":["ats:Spore Proliferation","ats:Cat Scratch"],"picked":"ats:Assault Order","floor":2},{"not_picked":["ats:Explosion Area Strengthen","ats:Ignite"],"picked":"ats:Burning Ground","floor":6},{"not_picked":["ats:Leaping Hammer","ats:Shell Defense","ats:Shadow Raid"],"picked":"SKIP","floor":8},{"not_picked":["ats:True Silver Slash","ats:Childhood Dance","ats:Revitalization"],"picked":"SKIP","floor":11},{"not_picked":["ats:Apocalypse","ats:Powerful Strike","ats:Childhood Dance"],"picked":"SKIP","floor":12},{"not_picked":["ats:Durian","ats:Calcification"],"picked":"ats:Wolf Pack","floor":16},{"not_picked":["ats:Revitalization","ats:Apocalypse+1","ats:Childhood Dance"],"picked":"SKIP","floor":18},{"not_picked":["ats:Encircling Forest+1","ats:Explosion Area Strengthen+1","ats:Apocalypse"],"picked":"SKIP","floor":23},{"not_picked":["ats:Assault Order","ats:Rat Pack","ats:Powerful Strike+1"],"picked":"SKIP","floor":25},{"not_picked":["ats:Cat Scratch+1","ats:Curse Doll"],"picked":"ats:Flexible Camouflage","floor":27},{"not_picked":["ats:Apocalypse","ats:Cat Scratch+1","ats:Consecutive Shot Auto+1"],"picked":"SKIP","floor":29},{"not_picked":["ats:Explosion Area Strengthen+1","ats:Assault Order","ats:Shell Defense+1"],"picked":"SKIP","floor":31},{"not_picked":["ats:Nebulous Foxfire","ats:Calcification"],"picked":"ats:Echo Reverb","floor":33},{"not_picked":["ats:Healing Drone+1","ats:Shell Defense+1","ats:Cat Scratch+1"],"picked":"SKIP","floor":35},{"not_picked":["ats:Revitalization+1","ats:Automatic Cover+1","ats:Steam Pump"],"picked":"SKIP","floor":37},{"not_picked":["ats:Apocalypse","ats:Hammer On+1","ats:Consecutive Shot Auto+1"],"picked":"SKIP","floor":38},{"not_picked":["ats:Curse Doll+1","ats:Powerful Strike+1","ats:Part Time Job+1"],"picked":"SKIP","floor":40},{"not_picked":["ats:Rat Pack","ats:Collapsing Strike+1","ats:Leaping Hammer+1"],"picked":"SKIP","floor":41},{"not_picked":["ats:Magnetic Hammer+1","ats:Shell Defense+1","ats:Hammer On+1"],"picked":"SKIP","floor":42},{"not_picked":["ats:Durian","ats:Assault Order+1","ats:Shell Defense"],"picked":"SKIP","floor":44},{"not_picked":["ats:Powerful Strike+1","ats:Revitalization","ats:Consecutive Shot Auto+1"],"picked":"SKIP","floor":46},{"not_picked":["ats:Mental Burst+1","ats:Sword Rain+1","ats:Explosion Area Strengthen+1"],"picked":"SKIP","floor":47},{"not_picked":["ats:Part Time Job+1","ats:Poison Spread+1","ats:Closed Bolt Burst Fire+1"],"picked":"SKIP","floor":48},{"not_picked":["ats:Flexible Camouflage","ats:Ignite+1","ats:Revitalization"],"picked":"SKIP","floor":54}],"player_experience":2344242,"relics_obtained":[{"floor":6,"key":"ats:Originium"},{"floor":6,"key":"WingedGreaves"},{"floor":8,"key":"ats:Originium"},{"floor":8,"key":"Toy Ornithopter"},{"floor":9,"key":"Girya"},{"floor":12,"key":"ats:Originium"},{"floor":12,"key":"ats:Hidden Killer"},{"floor":23,"key":"Ice Cream"},{"floor":25,"key":"Peace Pipe"},{"floor":29,"key":"Smiling Mask"},{"floor":31,"key":"Gremlin Horn"},{"floor":40,"key":"Potion Belt"},{"floor":42,"key":"PreservedInsect"},{"floor":43,"key":"Whetstone"},{"floor":44,"key":"Bottled Lightning"},{"floor":46,"key":"Du-Vu Doll"},{"floor":47,"key":"Ancient Tea Set"},{"floor":54,"key":"Strawberry"}],"event_choices":[{"damage_healed":0,"gold_gain":175,"player_choice":"AGREE","damage_taken":0,"max_hp_gain":0,"max_hp_loss":0,"event_name":"Liars Game","floor":4,"gold_loss":0,"cards_obtained":["Doubt"]},{"cards_removed":["ats:Strike S"],"damage_healed":0,"gold_gain":0,"player_choice":"Card Removal","damage_taken":7,"max_hp_gain":0,"max_hp_loss":0,"event_name":"Golden Wing","floor":5,"gold_loss":0},{"cards_removed":["Doubt"],"damage_healed":0,"gold_gain":0,"player_choice":"Card Removal","damage_taken":0,"max_hp_gain":0,"max_hp_loss":0,"event_name":"The Cleric","floor":13,"gold_loss":50},{"damage_healed":0,"gold_gain":0,"player_choice":"Take Damage","damage_taken":19,"relics_obtained":["Golden Idol"],"max_hp_gain":0,"max_hp_loss":0,"event_name":"Golden Idol","floor":14,"gold_loss":0},{"damage_healed":0,"gold_gain":0,"player_choice":"Opened","damage_taken":0,"relics_obtained":["Molten Egg 2"],"max_hp_gain":0,"max_hp_loss":0,"event_name":"The Mausoleum","floor":20,"gold_loss":0,"cards_obtained":["Writhe"]},{"damage_healed":0,"gold_gain":0,"player_choice":"Stole Relic","damage_taken":0,"relics_obtained":["Nunchaku"],"max_hp_gain":0,"max_hp_loss":0,"event_name":"Addict","floor":21,"gold_loss":0,"cards_obtained":["Shame"]},{"damage_healed":0,"gold_gain":99,"player_choice":"Stole From Cult","damage_taken":0,"max_hp_gain":0,"max_hp_loss":0,"event_name":"Nest","floor":22,"gold_loss":0},{"damage_healed":0,"gold_gain":0,"player_choice":"Upgraded","damage_taken":0,"max_hp_gain":0,"max_hp_loss":0,"event_name":"Upgrade Shrine","floor":36,"gold_loss":0,"cards_upgraded":["ats:Flexible Camouflage"]},{"damage_healed":0,"gold_gain":0,"player_choice":"Max HP","damage_taken":0,"max_hp_gain":0,"max_hp_loss":4,"event_name":"Winding Halls","floor":45,"gold_loss":0}],"is_beta":false,"boss_relics":[{"not_picked":["Tiny House","Snecko Eye"],"picked":"Sozu"},{"not_picked":["ats:Tactical Delivery","Velvet Choker"],"picked":"Philosopher\u0027s Stone"}],"items_purged_floors":[3,19,19,28,39,53],"is_endless":false,"potions_floor_spawned":[1,6,11,16,25,31,37,38,41,42,44],"ascension_level":6}}