{"host":"mfnyjbfkyfsz33u9","time":1609665697,"event":{"mods":["2.2 Compatiblity","BaseMod","Colored Powertips","Downfall","Marisa£¨Ùöéë¡¡Øª×âÞÞ£©","Minty Spire (QoL Compilation)","Rare Cards Sparkle","Replay The Spire","StSLib","SuperFastMode","The Cursed"],"gold_per_floor":[99,113,113,213,227,239,239,264,281,281,281,300,333,391,403,499,549,474,486,497,497,497],"floor_reached":20,"playtime":832,"items_purged":[],"score":195,"play_id":"c5dc74f9-b4bd-49f3-a7ce-bf242a34b2fd","local_time":"20210103182137","is_ascension_mode":true,"campfire_choices":[{"data":"Slimebound:CorrosiveSpit","floor":1,"key":"SMITH"},{"floor":10,"key":"RECALL"},{"data":"Slimebound:SplitSpecialist","floor":18,"key":"SMITH"}],"circlet_count":0,"master_deck":["Slimebound:Strike_Slimebound","Slimebound:Strike_Slimebound","Slimebound:Tackle","Slimebound:Defend_Slimebound","Slimebound:Defend_Slimebound","Slimebound:Defend_Slimebound","Slimebound:Split","Slimebound:CorrosiveSpit+1","Slimebound:SplitSpecialist+1","Slimebound:DivideAndConquer","Slimebound:LeadByExample","Slimebound:HauntingLick","Slimebound:Prepare","Slimebound:RainOfGoop","Slimebound:SlimeBrawl+1","Slimebound:SplitLeeching","Slimebound:OneTwoCombo","Slimebound:LeechEnergy","Slimebound:Grow"],"relics":["Slimebound:AbsorbEndCombat","StoneCalendar","Replay:Bottled Steam","ReplayFunnel","Quantum Egg","Pen Nib","Tiny House","downfall:HeartBlessingRed"],"acts_visited":["Exordium","TheCity"],"potions_floor_usage":[8,14,16,16],"damage_taken":[{"damage":9,"enemies":"Small Slimes","floor":2,"turns":4},{"damage":11,"enemies":"Cultist","floor":5,"turns":4},{"damage":8,"enemies":"2 Louse","floor":6,"turns":2},{"damage":35,"enemies":"Gremlin Nob","floor":8,"turns":4},{"damage":11,"enemies":"Large Slime","floor":9,"turns":4},{"damage":15,"enemies":"Exordium Wildlife","floor":12,"turns":3},{"damage":22,"enemies":"Lagavulin","floor":13,"turns":7},{"damage":18,"enemies":"Gremlin Nob","floor":14,"turns":3},{"damage":11,"enemies":"Red Slaver","floor":15,"turns":4},{"damage":19,"enemies":"downfall:Silent","floor":16,"turns":7},{"damage":27,"enemies":"3 Byrds","floor":19,"turns":4},{"damage":45,"enemies":"3 Cultists","floor":20,"turns":5}],"seed_played":"-2766358327191536770","potions_obtained":[{"floor":6,"key":"DuplicationPotion"},{"floor":8,"key":"DuplicationPotion"},{"floor":12,"key":"FearPotion"},{"floor":13,"key":"Weak Potion"},{"floor":14,"key":"DistilledChaos"},{"floor":17,"key":"Milkshake"},{"floor":20,"key":"Swift Potion"}],"is_trial":false,"path_per_floor":["R","M","?","?","M","M","T","E","M","R","?","M","E","?","M","B",null,"R","M","M"],"character_chosen":"SLIMEBOUND","items_purchased":[],"campfire_rested":0,"item_purchase_floors":[],"current_hp_per_floor":[54,54,54,54,54,54,54,35,44,44,44,45,47,45,46,54,59,59,56,42,42,42],"gold":497,"neow_bonus":"ONE_RARE_RELIC","is_daily":false,"chose_seed":false,"campfire_upgraded":2,"win_rate":0.0,"timestamp":1609665697,"path_taken":["R","M","?","?","?","M","T","E","M","R","?","M","E","?","M","BOSS","R","M","M"],"items_purchased_type":[],"build_version":"2020-12-22","purchased_purges":0,"victory":false,"max_hp_per_floor":[54,54,54,54,54,54,54,54,54,54,54,54,54,54,54,54,59,59,59,59,59,59],"card_choices":[{"not_picked":["Slimebound:PressTheAttack","Slimebound:Schlurp"],"picked":"Slimebound:SplitSpecialist","floor":2},{"not_picked":["Slimebound:Chomp","Slimebound:RollThrough"],"picked":"Slimebound:DivideAndConquer","floor":5},{"not_picked":["Slimebound:SplitMire","Slimebound:BestDefense"],"picked":"Slimebound:LeadByExample","floor":6},{"not_picked":["Slimebound:GoopSpray","Slimebound:OozeBath"],"picked":"Slimebound:HauntingLick","floor":8},{"not_picked":["Slimebound:RollThrough","Slimebound:GoopSpray","Slimebound:SpikyOuterGoop"],"picked":"SKIP","floor":9},{"not_picked":["Slimebound:SlimeBarrage","Slimebound:SlimeSpikes"],"picked":"Slimebound:Prepare","floor":12},{"not_picked":["Slimebound:SamplingLick","Slimebound:LeechingTouch"],"picked":"Slimebound:RainOfGoop","floor":13},{"not_picked":["Slimebound:ForwardTackle","Slimebound:SamplingLick"],"picked":"Slimebound:SlimeBrawl","floor":14},{"not_picked":["Slimebound:Prepare","Slimebound:FlameTackle"],"picked":"Slimebound:SplitLeeching","floor":15},{"not_picked":["Slimebound:Darklings","Slimebound:LeechLife"],"picked":"Slimebound:OneTwoCombo","floor":16},{"not_picked":["Slimebound:RejuvenatingLick","Slimebound:Chomp"],"picked":"Slimebound:LeechEnergy","floor":17},{"not_picked":["Slimebound:LeechEnergy+1","Slimebound:SplitLeeching"],"picked":"Slimebound:Grow","floor":19}],"player_experience":5147,"relics_obtained":[{"floor":7,"key":"Replay:Bottled Steam"},{"floor":8,"key":"ReplayFunnel"},{"floor":13,"key":"Quantum Egg"}],"event_choices":[{"cards_removed":["Slimebound:Defend_Slimebound"],"damage_healed":0,"gold_gain":0,"player_choice":"Card Removal","damage_taken":0,"max_hp_gain":0,"max_hp_loss":0,"event_name":"The Cleric","floor":11,"gold_loss":0}],"is_beta":false,"boss_relics":[{"not_picked":["Painkiller Herb","Snecko Eye"],"picked":"Tiny House"}],"items_purged_floors":[],"is_endless":false,"potions_floor_spawned":[6,8,12,13,14,20],"killed_by":"3 Cultists","ascension_level":1}}