{"host":"cr892wvdvh6p7gzy","time":1609632120,"event":{"mods":["A Magickal Journey","BaseMod","Dio Mod","GifTheSpireLib","Minty Spire (QoL Compilation)","READ ME - Guardian Mod","SOS???????","StSLib","The Bug Knight","The Necromancer","The Servant 0.9.4","???Mod??????Boss"],"gold_per_floor":[112,112,124,179,179,179,208,208,208,208,230,165,182,209,209,306,306,323,323,349,286,286,286],"floor_reached":22,"playtime":1167,"items_purged":[],"score":209,"play_id":"17ec3240-7922-4488-a799-14a86b063430","local_time":"20210103010200","is_ascension_mode":true,"campfire_choices":[{"data":"Noxious Fumes","floor":6,"key":"SMITH"},{"floor":8,"key":"REST"},{"data":"Survivor","floor":10,"key":"SMITH"},{"data":"Leg Sweep","floor":15,"key":"SMITH"}],"circlet_count":0,"master_deck":["Strike_G","Strike_G","Strike_G","Strike_G","Strike_G","Defend_G","Defend_G","Defend_G","Defend_G","Defend_G","Survivor+1","Neutralize","Noxious Fumes+1","Poisoned Stab","Leg Sweep+1","Deadly Poison","Noxious Fumes"],"relics":["Ring of the Snake","CeramicFish","Regal Pillow","HornCleat","Red Mask"],"acts_visited":["Exordium","TheCity"],"potions_floor_usage":[18,20,20],"damage_taken":[{"damage":3,"enemies":"2 Louse","floor":1,"turns":5},{"damage":0,"enemies":"Jaw Worm","floor":3,"turns":4},{"damage":27,"enemies":"Lagavulin","floor":7,"turns":9},{"damage":1,"enemies":"Small Slimes","floor":11,"turns":4},{"damage":0,"enemies":"Blue Slaver","floor":13,"turns":4},{"damage":0,"enemies":"Looter","floor":14,"turns":4},{"damage":38,"enemies":"Hexaghost","floor":16,"turns":10},{"damage":0,"enemies":"Shell Parasite","floor":18,"turns":6},{"damage":48,"enemies":"Masked Bandits","floor":20,"turns":7},{"damage":0,"enemies":"2 Thieves","floor":22,"turns":1}],"seed_played":"1102064649403752726","potions_obtained":[{"floor":7,"key":"PowerPotion"},{"floor":14,"key":"SpeedPotion"},{"floor":16,"key":"GamblersBrew"}],"is_trial":false,"path_per_floor":["M","?","M","T","?","R","E","R","T","R","M","$","M","M","R","B",null,"M","?","?","$","M"],"character_chosen":"THE_SILENT","items_purchased":["Leg Sweep","Noxious Fumes"],"campfire_rested":1,"item_purchase_floors":[12,21],"current_hp_per_floor":[74,74,74,74,74,74,47,77,77,77,76,76,76,76,76,38,77,77,77,29,29,29,29],"gold":286,"neow_bonus":"TEN_PERCENT_HP_BONUS","is_daily":false,"chose_seed":false,"campfire_upgraded":3,"win_rate":0.0,"timestamp":1609632120,"path_taken":["M","?","M","?","?","R","E","R","T","R","M","?","M","M","R","BOSS","M","?","?","$","M"],"items_purchased_type":["Card","Card"],"build_version":"2020-12-22","purchased_purges":0,"victory":false,"max_hp_per_floor":[77,77,77,77,77,77,77,77,77,77,77,77,77,77,77,77,77,77,77,77,77,77,77],"card_choices":[{"not_picked":["Outmaneuver","Bane","Caltrops"],"picked":"SKIP","floor":1},{"not_picked":["Poisoned Stab","Caltrops"],"picked":"Noxious Fumes","floor":3},{"not_picked":["Sucker Punch","Infinite Blades","Footwork"],"picked":"SKIP","floor":7},{"not_picked":["Flying Knee","Skewer"],"picked":"Poisoned Stab","floor":11},{"not_picked":["Sucker Punch","Acrobatics","Distraction"],"picked":"SKIP","floor":13},{"not_picked":["Bane","Burst"],"picked":"Deadly Poison","floor":14},{"not_picked":["Blur","Quick Slash","Backstab+1"],"picked":"SKIP","floor":18}],"player_experience":434745,"relics_obtained":[{"floor":4,"key":"CeramicFish"},{"floor":7,"key":"Regal Pillow"},{"floor":9,"key":"HornCleat"},{"floor":20,"key":"Red Mask"}],"event_choices":[{"damage_healed":0,"gold_gain":0,"player_choice":"Leave","damage_taken":0,"max_hp_gain":0,"max_hp_loss":0,"event_name":"The Cleric","floor":2,"gold_loss":0},{"damage_healed":0,"gold_gain":0,"player_choice":"Ignored","damage_taken":0,"max_hp_gain":0,"max_hp_loss":0,"event_name":"Golden Wing","floor":5,"gold_loss":0},{"damage_healed":0,"gold_gain":0,"player_choice":"Ignored","damage_taken":0,"max_hp_gain":0,"max_hp_loss":0,"event_name":"Beggar","floor":19,"gold_loss":0},{"damage_healed":0,"gold_gain":0,"player_choice":"Fought Bandits","damage_taken":0,"max_hp_gain":0,"max_hp_loss":0,"event_name":"Masked Bandits","floor":20,"gold_loss":0}],"is_beta":false,"boss_relics":[{"not_picked":["Sozu","Runic Pyramid","Ectoplasm"]}],"items_purged_floors":[],"is_endless":false,"potions_floor_spawned":[7,14,16],"killed_by":"2 Thieves","ascension_level":3}}