{"host":"50per11302020","time":1609635847,"event":{"mods":["AchievementEnabler","BaseMod","Colored Map","Minty Spire (QoL Compilation)","Relic Stats","StSLib"],"gold_per_floor":[113,125,75,87,101,101,28,46,46,76,76,94,94,109,109,238,238,257,278,278,278,299,340,340,375,375,375,290,326,326,340,340,460,460,476,12,12,12,33,73,73,93,120,120,120,120],"floor_reached":45,"playtime":3847,"items_purged":["Strike_G"],"score":663,"play_id":"d0c8d837-139b-4f03-a0c1-bfc41a6b6956","local_time":"20210102170407","is_ascension_mode":true,"campfire_choices":[{"data":"Dagger Spray","floor":6.0,"key":"SMITH"},{"data":"Envenom","floor":13.0,"key":"SMITH"},{"floor":15.0,"key":"REST"},{"floor":24.0,"key":"REST"},{"data":"Blade Dance","floor":27.0,"key":"SMITH"},{"floor":32.0,"key":"REST"},{"floor":41.0,"key":"REST"},{"floor":44.0,"key":"REST"}],"circlet_count":0,"master_deck":["Strike_G","Strike_G","Strike_G","Defend_G+1","Defend_G","Defend_G+1","Defend_G","Defend_G","Survivor","Neutralize","Dagger Spray+1","Skewer","Poisoned Stab","Dodge and Roll","Envenom+1","Backstab","Die Die Die","Blade Dance+1","Doppelganger","Dash+1","Riddle With Holes","Deadly Poison+1","Die Die Die","Accuracy","All Out Attack+1","Corpse Explosion","Noxious Fumes","Reflex","Envenom+1","Bane+1","Burst","Outmaneuver+1"],"relics":["Ring of the Snake","Potion Belt","Kunai","Art of War","Golden Idol","WristBlade","Nilry\u0027s Codex","Torii","Ancient Tea Set","Molten Egg 2","Pantograph","Tingsha","War Paint","Velvet Choker","Strawberry","Cauldron","Shovel","Bag of Marbles"],"acts_visited":["TheCity","TheBeyond"],"potions_floor_usage":[45,45],"damage_taken":[{"damage":0.0,"enemies":"Jaw Worm","floor":1.0,"turns":8.0},{"damage":0.0,"enemies":"2 Louse","floor":2.0,"turns":2.0},{"damage":0.0,"enemies":"Small Slimes","floor":4.0,"turns":2.0},{"damage":0.0,"enemies":"Exordium Wildlife","floor":5.0,"turns":3.0},{"damage":4.0,"enemies":"Blue Slaver","floor":8.0,"turns":4.0},{"damage":8.0,"enemies":"Lagavulin","floor":10.0,"turns":8.0},{"damage":14.0,"enemies":"Exordium Thugs","floor":12.0,"turns":5.0},{"damage":0.0,"enemies":"Exordium Wildlife","floor":14.0,"turns":1.0},{"damage":30.0,"enemies":"Slime Boss","floor":16.0,"turns":11.0},{"damage":6.0,"enemies":"Chosen","floor":18.0,"turns":3.0},{"damage":0.0,"enemies":"Shell Parasite","floor":19.0,"turns":3.0},{"damage":0.0,"enemies":"Sentry and Sphere","floor":20.0,"turns":3.0},{"damage":0.0,"enemies":"Centurion and Healer","floor":22.0,"turns":4.0},{"damage":7.0,"enemies":"Slavers","floor":23.0,"turns":4.0},{"damage":0.0,"enemies":"Gremlin Leader","floor":25.0,"turns":6.0},{"damage":21.0,"enemies":"Slavers","floor":29.0,"turns":4.0},{"damage":15.0,"enemies":"Snake Plant","floor":31.0,"turns":3.0},{"damage":50.0,"enemies":"Collector","floor":33.0,"turns":8.0},{"damage":16.0,"enemies":"3 Shapes","floor":35.0,"turns":2.0},{"damage":1.0,"enemies":"Orb Walker","floor":39.0,"turns":3.0},{"damage":33.0,"enemies":"Nemesis","floor":40.0,"turns":7.0},{"damage":1.0,"enemies":"3 Darklings","floor":42.0,"turns":2.0},{"damage":63,"enemies":"Giant Head","floor":45,"turns":8}],"seed_played":"2531432766193814084","potions_obtained":[{"floor":12.0,"key":"PowerPotion"},{"floor":14.0,"key":"GamblersBrew"},{"floor":16.0,"key":"Block Potion"},{"floor":19.0,"key":"SmokeBomb"},{"floor":23.0,"key":"Weak Potion"},{"floor":31.0,"key":"Block Potion"},{"floor":36.0,"key":"Ancient Potion"},{"floor":36.0,"key":"DistilledChaos"},{"floor":36.0,"key":"GamblersBrew"},{"floor":36.0,"key":"SpeedPotion"},{"floor":36.0,"key":"Weak Potion"},{"floor":40.0,"key":"Swift Potion"},{"floor":42.0,"key":"DuplicationPotion"}],"is_trial":false,"path_per_floor":["M","M","?","M","M","R","$","M","T","E","?","M","R","M","R","B",null,"M","M","M","?","M","E","R","E","T","R","?","E","T","M","R","B",null,"M","$","?","$","M","E","R","M","T","R","E"],"character_chosen":"THE_SILENT","items_purchased":["Envenom","Strawberry","Cauldron","Reflex"],"campfire_rested":5,"item_purchase_floors":[7,36,36,36],"current_hp_per_floor":[70,70,70,70,70,70,70,66,66,58,41,27,27,27,48,18,57,51,51,51,35,35,28,49,49,49,49,49,28,28,13,34,9,55,39,46,46,46,45,12,35,34,34,57,0,0],"gold":120,"neow_bonus":"RANDOM_COMMON_RELIC","is_daily":false,"chose_seed":false,"campfire_upgraded":3,"win_rate":0.0,"timestamp":1609635847,"path_taken":["M","M","?","M","M","R","$","M","T","E","?","M","R","M","R","BOSS","M","M","M","?","M","E","R","E","T","R","?","E","?","M","R","BOSS","M","$","?","?","M","E","R","M","T","R","E"],"items_purchased_type":["Card","Relic","Relic","Card"],"build_version":"2020-12-18","purchased_purges":1,"victory":false,"max_hp_per_floor":[70,70,70,70,70,70,70,70,70,70,70,70,70,70,70,70,70,70,70,70,70,70,70,70,70,70,70,70,70,70,70,70,70,70,70,77,77,77,77,77,77,77,77,77,77,77],"relic_stats":{"Shovel":0,"Torii":13,"counters":[23,104],"Golden Idol":117,"Pantograph":25,"Tingsha":[39],"Art of War":[10],"Kunai":[49],"War Paint":["Defend_G","Defend_G"],"obtain_stats":[{"Potion Belt":0,"Torii":23,"Golden Idol":11,"Nilry\u0027s Codex":21,"Velvet Choker":34,"Tingsha":29,"War Paint":30,"Ancient Tea Set":25,"Cauldron":36,"Shovel":40,"WristBlade":17,"Pantograph":28,"Strawberry":36,"Molten Egg 2":26,"Art of War":10,"Bag of Marbles":43,"Kunai":9,"Ring of the Snake":0},{"Potion Belt":0,"Torii":14,"Golden Idol":6,"Nilry\u0027s Codex":12,"Velvet Choker":18,"Tingsha":16,"War Paint":16,"Ancient Tea Set":15,"Cauldron":19,"Shovel":21,"WristBlade":9,"Pantograph":15,"Strawberry":19,"Molten Egg 2":15,"Art of War":6,"Bag of Marbles":22,"Kunai":5,"Ring of the Snake":0},{"Potion Belt":0,"Torii":61,"Golden Idol":27,"Nilry\u0027s Codex":53,"Velvet Choker":82,"Tingsha":71,"War Paint":71,"Ancient Tea Set":67,"Cauldron":84,"Shovel":94,"WristBlade":44,"Pantograph":67,"Strawberry":84,"Molten Egg 2":67,"Art of War":27,"Bag of Marbles":96,"Kunai":19,"Ring of the Snake":0}],"Ring of the Snake":[46]},"card_choices":[{"not_picked":["Deadly Poison","Endless Agony"],"picked":"Dagger Spray","floor":1.0},{"not_picked":["Flying Knee","Poisoned Stab"],"picked":"Skewer","floor":2.0},{"not_picked":["Predator","Deflect"],"picked":"Poisoned Stab","floor":4.0},{"not_picked":["Reflex","Prepared"],"picked":"Dodge and Roll","floor":5.0},{"not_picked":["Flying Knee","Caltrops"],"picked":"Backstab","floor":8.0},{"not_picked":["Sucker Punch","Dagger Throw","Accuracy"],"picked":"SKIP","floor":10.0},{"not_picked":["Slice","Endless Agony"],"picked":"Die Die Die","floor":12.0},{"not_picked":["PiercingWail","Acrobatics"],"picked":"Blade Dance","floor":14.0},{"not_picked":["Phantasmal Killer","Glass Knife"],"picked":"Doppelganger","floor":16.0},{"not_picked":["Deadly Poison+1","Sucker Punch"],"picked":"Dash+1","floor":18.0},{"not_picked":["Poisoned Stab+1","Prepared"],"picked":"Riddle With Holes","floor":19.0},{"not_picked":["Prepared","Underhanded Strike+1"],"picked":"Deadly Poison+1","floor":22.0},{"not_picked":["Quick Slash","Flying Knee","Flechettes"],"picked":"SKIP","floor":23.0},{"not_picked":["Skewer","Deflect"],"picked":"Die Die Die","floor":25.0},{"not_picked":["Distraction","Riddle With Holes+1"],"picked":"Accuracy","floor":29.0},{"not_picked":["Dash+1","Flying Knee+1"],"picked":"All Out Attack+1","floor":31.0},{"not_picked":["Wraith Form v2","Burst"],"picked":"Corpse Explosion","floor":33.0},{"not_picked":["Backflip+1","Dagger Spray+1"],"picked":"Noxious Fumes","floor":35.0},{"not_picked":["Poisoned Stab+1","Deflect+1"],"picked":"Bane+1","floor":39.0},{"not_picked":["Dagger Spray+1","Acrobatics"],"picked":"Burst","floor":40.0},{"not_picked":["Riddle With Holes+1","Bane+1"],"picked":"Outmaneuver+1","floor":42.0}],"player_experience":52988,"relics_obtained":[{"floor":9.0,"key":"Kunai"},{"floor":10.0,"key":"Art of War"},{"floor":21.0,"key":"Nilry\u0027s Codex"},{"floor":23.0,"key":"Torii"},{"floor":25.0,"key":"Ancient Tea Set"},{"floor":26.0,"key":"Molten Egg 2"},{"floor":29.0,"key":"Tingsha"},{"floor":30.0,"key":"War Paint"},{"floor":40.0,"key":"Shovel"},{"floor":43.0,"key":"Bag of Marbles"}],"event_choices":[{"cards_removed":["Strike_G"],"damage_healed":0.0,"max_hp_gain":0.0,"max_hp_loss":0.0,"gold_gain":0.0,"event_name":"The Cleric","player_choice":"Card Removal","floor":3.0,"gold_loss":50.0,"damage_taken":0.0},{"damage_healed":0.0,"max_hp_gain":0.0,"max_hp_loss":0.0,"gold_gain":0.0,"event_name":"Golden Idol","player_choice":"Take Damage","floor":11.0,"gold_loss":0.0,"damage_taken":17.0,"relics_obtained":["Golden Idol"]},{"damage_healed":0.0,"max_hp_gain":0.0,"max_hp_loss":0.0,"gold_gain":0.0,"event_name":"Cursed Tome","player_choice":"Obtained Book","floor":21.0,"gold_loss":0.0,"damage_taken":16.0},{"damage_healed":0.0,"max_hp_gain":0.0,"max_hp_loss":0.0,"gold_gain":0.0,"event_name":"Addict","player_choice":"Obtained Relic","floor":28.0,"gold_loss":85.0,"damage_taken":0.0,"relics_obtained":["Pantograph"]},{"damage_healed":0.0,"max_hp_gain":0.0,"max_hp_loss":0.0,"gold_gain":0.0,"event_name":"Duplicator","player_choice":"Copied","floor":37.0,"gold_loss":0.0,"damage_taken":0.0,"cards_obtained":["Envenom"]}],"is_beta":true,"boss_relics":[{"not_picked":["Busted Crown","Coffee Dripper"],"picked":"WristBlade"},{"not_picked":["Runic Pyramid","Empty Cage"],"picked":"Velvet Choker"}],"items_purged_floors":[36],"is_endless":false,"potions_floor_spawned":[12,14,16,19,20,23,31,40,42],"killed_by":"Giant Head","ascension_level":5}}