{"host":"wd61oal3roi78fzc","time":1609674130,"event":{"mods":["Act Like it!","BaseMod","KinomotoSakuraMod(木之本樱)","Minty Spire (QoL Compilation)","Replay The Spire","StSLib","WarShipGirlsR/战舰少女R mod"],"gold_per_floor":[112,112,187,202,202,235,277,277,302,302,302,326,215,236,236,254,254],"floor_reached":16,"playtime":467,"items_purged":["Regret"],"score":123,"play_id":"e8cd154e-d4d8-44d0-9918-aa69cd7fba61","local_time":"20210103194210","is_ascension_mode":false,"campfire_choices":[{"data":"Offering","floor":8,"key":"SMITH"},{"data":"Massacre","floor":11,"key":"SMITH"}],"circlet_count":0,"master_deck":["Strike_R","Strike_R","Strike_R+1","Strike_R","Strike_R","Defend_R","Defend_R+1","Defend_R","Defend_R","Thunderclap+1","Massacre+1","Offering+1","Cleave+1"],"relics":["Burning Blood","NeowsBlessing","Vajra","Replay:Bandana","Odd Mushroom","ReplayTheSpireMod:TigerMarble"],"acts_visited":["Exordium"],"potions_floor_usage":[16,16],"damage_taken":[{"damage":0,"enemies":"Small Slimes","floor":1,"turns":1},{"damage":0,"enemies":"Jaw Worm","floor":4,"turns":1},{"damage":0,"enemies":"Gremlin Nob","floor":6,"turns":1},{"damage":24,"enemies":"The Mushroom Lair","floor":7,"turns":4},{"damage":0,"enemies":"2 Louse","floor":12,"turns":1},{"damage":10,"enemies":"Looter","floor":14,"turns":2},{"damage":68,"enemies":"The Guardian","floor":16,"turns":10}],"seed_played":"1190076158650923856","potions_obtained":[{"floor":6,"key":"Swift Potion"},{"floor":7,"key":"Swift Potion"}],"is_trial":false,"path_per_floor":["M","?","?","M","?","E","?","R","T","?","R","M","$","M","R","B"],"character_chosen":"IRONCLAD","items_purchased":["Cleave+1"],"campfire_rested":0,"item_purchase_floors":[13],"current_hp_per_floor":[80,80,69,75,75,80,62,62,62,46,46,52,52,55,79,11,11],"gold":254,"neow_bonus":"THREE_ENEMY_KILL","is_daily":false,"chose_seed":false,"campfire_upgraded":2,"win_rate":0.0,"timestamp":1609674130,"path_taken":["M","?","?","M","?","E","?","R","T","?","R","?","$","M","R","BOSS"],"items_purchased_type":["Card"],"build_version":"2020-12-22","purchased_purges":1,"victory":false,"max_hp_per_floor":[80,80,80,80,80,80,80,80,80,80,80,80,80,80,80,80,80],"card_choices":[{"not_picked":["Feel No Pain","Carnage"],"picked":"Thunderclap","floor":1},{"not_picked":["True Grit","Second Wind","Clash"],"picked":"SKIP","floor":4},{"not_picked":["Carnage","Rampage"],"picked":"Massacre","floor":6},{"not_picked":["Anger","Body Slam"],"picked":"Offering","floor":7},{"not_picked":["Reckless Charge","Massacre","Headbutt"],"picked":"SKIP","floor":12},{"not_picked":["Uppercut","Shrug It Off","Clothesline"],"picked":"SKIP","floor":14}],"player_experience":228732,"relics_obtained":[{"floor":6,"key":"Replay:Bandana"},{"floor":7,"key":"Odd Mushroom"},{"floor":9,"key":"ReplayTheSpireMod:TigerMarble"}],"event_choices":[{"cards_removed":["Bash"],"damage_healed":0,"gold_gain":0,"player_choice":"Forget","damage_taken":0,"max_hp_gain":0,"max_hp_loss":0,"event_name":"Living Wall","floor":2,"gold_loss":0},{"damage_healed":0,"gold_gain":75,"player_choice":"Gather Gold","damage_taken":11,"max_hp_gain":0,"max_hp_loss":0,"event_name":"World of Goop","floor":3,"gold_loss":0},{"damage_healed":0,"gold_gain":0,"player_choice":"Box","damage_taken":0,"relics_obtained":["Vajra"],"max_hp_gain":0,"max_hp_loss":0,"event_name":"Big Fish","floor":5,"gold_loss":0,"cards_obtained":["Regret"]},{"damage_healed":0,"gold_gain":0,"player_choice":"Fought Mushrooms","damage_taken":0,"max_hp_gain":0,"max_hp_loss":0,"event_name":"Mushrooms","floor":7,"gold_loss":0},{"damage_healed":0,"gold_gain":0,"player_choice":"Entered Light","damage_taken":16,"max_hp_gain":0,"max_hp_loss":0,"event_name":"Shining Light","floor":10,"gold_loss":0,"cards_upgraded":["Defend_R","Strike_R"]}],"is_beta":false,"boss_relics":[],"items_purged_floors":[13],"is_endless":false,"potions_floor_spawned":[6,7],"killed_by":"The Guardian","ascension_level":0}}