{"host":"w3q5ijqu8eoknil3","time":1609706714,"event":{"mods":["AchievementEnabler","BaseMod","Block Reminder","Colored Powertips","Minty Spire (QoL Compilation)","Quick Restart","Relic Stats","ojb\u0027s Better Paths Mod","ojb\u0027s Info Mod","slay the spire mod where everything is the same but ironclad has a cowboy hat"],"gold_per_floor":[119,5,5,24,40,75,132,132,132,165,179,179,253,267,267,341,341,354,29,32,50,50,50,50,50],"floor_reached":24,"playtime":848,"items_purged":["Strike_G","Strike_G"],"score":361,"play_id":"1ea41c9c-c362-48dc-b780-cf7e0770547c","local_time":"20210103204514","is_ascension_mode":true,"campfire_choices":[{"floor":8,"key":"REST"},{"data":"Catalyst","floor":15,"key":"SMITH"},{"data":"Noxious Fumes","floor":23,"key":"SMITH"}],"circlet_count":0,"master_deck":["AscendersBane","Strike_G","Strike_G","Strike_G","Defend_G","Defend_G","Defend_G","Defend_G","Defend_G","Survivor","Neutralize","Riddle With Holes","Leg Sweep","Dash","Catalyst+1","Poisoned Stab","Skewer","Acrobatics","Dagger Spray","Venomology","PiercingWail","Noxious Fumes+1","Noxious Fumes"],"relics":["Velvet Choker","Ornamental Fan","StrikeDummy","Matryoshka","Strawberry","Letter Opener","Runic Pyramid","ClockworkSouvenir"],"acts_visited":["Exordium","TheCity"],"potions_floor_usage":[10,14,16,16,21,24,24],"damage_taken":[{"damage":5,"enemies":"Cultist","floor":1,"turns":5},{"damage":0,"enemies":"Small Slimes","floor":4,"turns":4},{"damage":0,"enemies":"Jaw Worm","floor":5,"turns":3},{"damage":29,"enemies":"3 Sentries","floor":6,"turns":16},{"damage":15,"enemies":"Lagavulin Event","floor":7,"turns":8},{"damage":16,"enemies":"Lagavulin","floor":10,"turns":5},{"damage":0,"enemies":"Looter","floor":11,"turns":4},{"damage":0,"enemies":"Exordium Thugs","floor":14,"turns":6},{"damage":13,"enemies":"The Guardian","floor":16,"turns":11},{"damage":6,"enemies":"3 Byrds","floor":18,"turns":6},{"damage":6,"enemies":"2 Thieves","floor":20,"turns":4},{"damage":11,"enemies":"Cultist and Chosen","floor":21,"turns":7},{"damage":20,"enemies":"Gremlin Leader","floor":24,"turns":2}],"seed_played":"1396997172754994901","potions_obtained":[{"floor":1,"key":"Explosive Potion"},{"floor":7,"key":"FearPotion"},{"floor":10,"key":"Strength Potion"},{"floor":11,"key":"Dexterity Potion"},{"floor":14,"key":"Regen Potion"},{"floor":21,"key":"PowerPotion"}],"is_trial":false,"path_per_floor":["M","$","?","M","M","E","?","R","T","E","M","?","?","M","R","B",null,"M","$","M","M","?","R","E"],"character_chosen":"THE_SILENT","items_purchased":["Leg Sweep","ClockworkSouvenir","Noxious Fumes"],"campfire_rested":1,"item_purchase_floors":[2,19,19],"current_hp_per_floor":[54,54,54,54,54,25,10,29,36,20,20,20,20,20,20,22,60,54,54,48,37,16,16,0,0],"gold":50,"neow_bonus":"BOSS_RELIC","is_daily":false,"chose_seed":false,"campfire_upgraded":2,"win_rate":0.0,"timestamp":1609706714,"path_taken":["M","?","?","?","M","E","?","R","T","E","M","?","?","M","R","BOSS","M","$","M","M","?","R","E"],"items_purchased_type":["Card","Relic","Card"],"build_version":"2020-12-22","purchased_purges":2,"victory":false,"max_hp_per_floor":[66,66,66,66,66,66,66,66,73,73,73,73,73,73,73,73,73,73,73,73,73,78,78,78,78],"relic_stats":{"counters":[13,81],"Ornamental Fan":[56],"Letter Opener":[25],"obtain_stats":[{"Matryoshka":7,"Ornamental Fan":3,"Strawberry":9,"Velvet Choker":0,"Letter Opener":10,"StrikeDummy":6,"Ring of the Snake":0,"Runic Pyramid":17,"ClockworkSouvenir":19},{"Matryoshka":5,"Ornamental Fan":1,"Strawberry":5,"Velvet Choker":0,"Letter Opener":6,"StrikeDummy":4,"Ring of the Snake":0,"Runic Pyramid":9,"ClockworkSouvenir":10},{"Matryoshka":36,"Ornamental Fan":5,"Strawberry":36,"Velvet Choker":0,"Letter Opener":41,"StrikeDummy":28,"Ring of the Snake":0,"Runic Pyramid":62,"ClockworkSouvenir":68}]},"card_choices":[{"not_picked":["Endless Agony","Escape Plan"],"picked":"Riddle With Holes","floor":1},{"not_picked":["Bane","Infinite Blades"],"picked":"Dash","floor":4},{"not_picked":["Deadly Poison","Riddle With Holes"],"picked":"Catalyst","floor":5},{"not_picked":["Quick Slash","Dash"],"picked":"Poisoned Stab","floor":6},{"not_picked":["Grand Finale","Blade Dance"],"picked":"Skewer","floor":10},{"not_picked":["PiercingWail","Blade Dance"],"picked":"Acrobatics","floor":11},{"not_picked":["Escape Plan","Leg Sweep"],"picked":"Dagger Spray","floor":14},{"not_picked":["Bullet Time","Tools of the Trade"],"picked":"Venomology","floor":16},{"not_picked":["Dagger Throw","Poisoned Stab"],"picked":"PiercingWail","floor":18},{"not_picked":["Prepared","Venomology"],"picked":"Noxious Fumes","floor":20},{"not_picked":["Expertise","Dagger Spray","Accuracy"],"picked":"SKIP","floor":21}],"player_experience":981109,"relics_obtained":[{"floor":6,"key":"StrikeDummy"},{"floor":7,"key":"Matryoshka"},{"floor":9,"key":"Strawberry"},{"floor":10,"key":"Letter Opener"}],"event_choices":[{"damage_healed":0,"gold_gain":0,"player_choice":"Gave Potion","damage_taken":0,"relics_obtained":["Ornamental Fan"],"max_hp_gain":0,"max_hp_loss":0,"event_name":"WeMeetAgain","floor":3,"gold_loss":0},{"damage_healed":0,"gold_gain":0,"player_choice":"Searched \u00271\u0027 times","damage_taken":0,"max_hp_gain":0,"max_hp_loss":0,"event_name":"Dead Adventurer","floor":7,"gold_loss":0},{"damage_healed":0,"gold_gain":0,"player_choice":"Ignored","damage_taken":0,"max_hp_gain":0,"max_hp_loss":0,"event_name":"Shining Light","floor":12,"gold_loss":0},{"damage_healed":0,"gold_gain":74,"player_choice":"Gained Gold","damage_taken":0,"max_hp_gain":0,"max_hp_loss":0,"event_name":"Golden Wing","floor":13,"gold_loss":0},{"damage_healed":0,"gold_gain":0,"player_choice":"Shed Blood","damage_taken":26,"max_hp_gain":5,"max_hp_loss":0,"event_name":"Forgotten Altar","floor":22,"gold_loss":0}],"is_beta":false,"boss_relics":[{"not_picked":["HoveringKite","Sozu"],"picked":"Runic Pyramid"}],"items_purged_floors":[2,19],"is_endless":false,"potions_floor_spawned":[1,7,10,11,14,21],"killed_by":"Gremlin Leader","ascension_level":15}}