{"host":"y7sd46uq4xlni546","time":1609697597,"event":{"mods":["AchievementEnabler","BaseMod","Colored Map","Colored Powertips","Curses Come First","Filter the Spire","Minty Spire (QoL Compilation)","Quick Restart","Random Character Button","Rare Cards Sparkle","StSLib"],"gold_per_floor":[113,128,128,128,155,184,195,195,218,252,105,280,307,322,322,426,426,438,212,192,140,239,269,278,294,294,320,320,337,200,218,218,332,332,345,345,362,375,375,384,416,427,452,475,553,586,28,52,61,61],"floor_reached":51,"playtime":1731,"items_purged":["Strike_R","Defend_R"],"score":886,"play_id":"10cb552d-6b23-4dbd-9c06-c7c0376c2210","local_time":"20210103191317","is_ascension_mode":false,"campfire_choices":[{"floor":8.0,"key":"REST"},{"floor":15.0,"key":"REST"},{"floor":24.0,"key":"REST"},{"floor":28.0,"key":"REST"},{"floor":32.0,"key":"REST"},{"floor":40.0,"key":"REST"},{"floor":49,"key":"REST"}],"circlet_count":0,"master_deck":["Strike_R+1","Strike_R","Defend_R","Defend_R","Defend_R","Bash","Fire Breathing","Rupture+1","Combust","Cleave+1","Limit Break","Body Slam","Immolate+1","Shrug It Off","Body Slam","Shrug It Off","Limit Break","Body Slam","Apotheosis+1","Body Slam","Clash+1"],"relics":["Black Star","Boot","Ornamental Fan","CaptainsWheel","Pen Nib","Orichalcum","Red Skull","Dream Catcher","Mummified Hand","Mark of Pain","Nunchaku","CeramicFish","Tiny Chest","Anchor","Meat on the Bone","Self Forming Clay","Empty Cage","Whetstone","MealTicket","Regal Pillow","Art of War","Bottled Lightning","Toxic Egg 2","Sundial","HornCleat","Bag of Preparation"],"acts_visited":["Exordium","TheCity","TheBeyond"],"potions_floor_usage":[46,50],"damage_taken":[{"damage":8.0,"enemies":"Jaw Worm","floor":1.0,"turns":4.0},{"damage":0.0,"enemies":"2 Louse","floor":2.0,"turns":3.0},{"damage":16.0,"enemies":"3 Sentries","floor":6.0,"turns":5.0},{"damage":3.0,"enemies":"Small Slimes","floor":7.0,"turns":3.0},{"damage":37.0,"enemies":"Lagavulin","floor":10.0,"turns":7.0},{"damage":8.0,"enemies":"Gremlin Nob","floor":13.0,"turns":3.0},{"damage":5.0,"enemies":"Looter","floor":14.0,"turns":3.0},{"damage":6.0,"enemies":"Slime Boss","floor":16.0,"turns":5.0},{"damage":6.0,"enemies":"Spheric Guardian","floor":18.0,"turns":4.0},{"damage":34.0,"enemies":"Book of Stabbing","floor":23.0,"turns":6.0},{"damage":12.0,"enemies":"2 Thieves","floor":25.0,"turns":2.0},{"damage":51.0,"enemies":"Gremlin Leader","floor":27.0,"turns":5.0},{"damage":16.0,"enemies":"Centurion and Healer","floor":29.0,"turns":5.0},{"damage":0.0,"enemies":"Sentry and Sphere","floor":31.0,"turns":4.0},{"damage":33.0,"enemies":"Champ","floor":33.0,"turns":9.0},{"damage":18.0,"enemies":"3 Darklings","floor":35.0,"turns":3.0},{"damage":0.0,"enemies":"3 Shapes","floor":37.0,"turns":2.0},{"damage":2.0,"enemies":"Sphere and 2 Shapes","floor":38.0,"turns":4.0},{"damage":43.0,"enemies":"Giant Head","floor":41.0,"turns":7.0},{"damage":4.0,"enemies":"Spire Growth","floor":42.0,"turns":4.0},{"damage":18,"enemies":"Reptomancer","floor":46,"turns":4},{"damage":0,"enemies":"4 Shapes","floor":48,"turns":4},{"damage":48,"enemies":"Donu and Deca","floor":50,"turns":8}],"seed_played":"-1566904906002328901","potions_obtained":[{"floor":1.0,"key":"LiquidMemories"},{"floor":7.0,"key":"SteroidPotion"},{"floor":13.0,"key":"SpeedPotion"},{"floor":14.0,"key":"Fire Potion"},{"floor":16.0,"key":"Dexterity Potion"},{"floor":20.0,"key":"SmokeBomb"},{"floor":23.0,"key":"LiquidMemories"},{"floor":29.0,"key":"LiquidMemories"},{"floor":31.0,"key":"DistilledChaos"},{"floor":33.0,"key":"Explosive Potion"},{"floor":35.0,"key":"EntropicBrew"},{"floor":38.0,"key":"BlessingOfTheForge"},{"floor":42.0,"key":"SmokeBomb"},{"floor":48,"key":"SkillPotion"}],"is_trial":false,"path_per_floor":["M","M","?","?","T","E","M","R","T","E","$","?","E","M","R","B",null,"M","$","?","$","?","E","R","M","T","E","R","M","$","M","R","B",null,"M","?","M","M","?","R","E","M","T","T","T","E","$","M","R","B",null],"character_chosen":"IRONCLAD","items_purchased":["Limit Break","Nunchaku","Shrug It Off","Shrug It Off","Apotheosis+1","HornCleat","Bag of Preparation"],"campfire_rested":7,"item_purchase_floors":[11,19,21,30,47,47,47],"current_hp_per_floor":[72,72,56,56,56,40,37,61,61,24,24,24,16,11,35,29,80,74,74,74,74,74,40,64,52,52,1,25,21,21,33,57,36,80,62,62,62,60,60,80,49,45,45,45,45,39,54,54,80,44],"gold":61,"neow_bonus":"BOSS_RELIC","is_daily":false,"chose_seed":false,"campfire_upgraded":0,"win_rate":0.0,"timestamp":1609697597,"path_taken":["M","M","?","?","?","E","?","R","T","E","$","?","E","M","R","BOSS","M","$","?","?","?","E","R","M","T","E","R","M","$","M","R","BOSS","M","?","M","?","?","R","E","M","T","?","?","E","$","M","R","BOSS"],"items_purchased_type":["Card","Relic","Card","Card","Card","Relic","Relic"],"build_version":"2020-12-22","purchased_purges":2,"victory":true,"max_hp_per_floor":[80,80,80,80,80,80,80,80,80,80,80,80,80,80,80,80,80,80,80,80,80,80,80,80,80,80,80,80,80,80,80,80,80,80,80,80,80,80,80,80,80,80,80,80,80,80,80,80,80,80],"card_choices":[{"not_picked":["Disarm","Warcry"],"picked":"Fire Breathing","floor":1.0},{"not_picked":["Combust","Perfected Strike"],"picked":"Rupture","floor":2.0},{"not_picked":["Warcry","Clothesline","Fire Breathing"],"picked":"SKIP","floor":6.0},{"not_picked":["Carnage","Sword Boomerang"],"picked":"Combust","floor":7.0},{"not_picked":["Battle Trance","Heavy Blade"],"picked":"Cleave","floor":10.0},{"not_picked":["Wild Strike","Warcry","Iron Wave"],"picked":"SKIP","floor":13.0},{"not_picked":["Armaments","Immolate"],"picked":"Body Slam","floor":14.0},{"not_picked":["Berserk","Fiend Fire"],"picked":"Immolate","floor":16.0},{"not_picked":["Shockwave","Thunderclap","Havoc"],"picked":"SKIP","floor":18.0},{"not_picked":["Cleave","Perfected Strike","Corruption"],"picked":"SKIP","floor":23.0},{"not_picked":["Sword Boomerang","Heavy Blade"],"picked":"Body Slam","floor":24.0},{"not_picked":["Headbutt","Pommel Strike","Sever Soul"],"picked":"SKIP","floor":25.0},{"not_picked":["Pommel Strike+1","Entrench+1","Clothesline+1"],"picked":"SKIP","floor":27.0},{"not_picked":["Combust+1","Sentinel+1","True Grit"],"picked":"SKIP","floor":29.0},{"not_picked":["Shockwave","Warcry","Evolve+1"],"picked":"SKIP","floor":31.0},{"not_picked":["Feed","Exhume"],"picked":"Limit Break","floor":33.0},{"not_picked":["Twin Strike+1","Heavy Blade","Pummel"],"picked":"SKIP","floor":35.0},{"not_picked":["Anger+1","Perfected Strike","Headbutt+1"],"picked":"SKIP","floor":37.0},{"not_picked":["Combust","Blood for Blood","Inflame+1"],"picked":"SKIP","floor":38.0},{"not_picked":["Anger+1","Disarm+1"],"picked":"Body Slam","floor":40.0},{"not_picked":["Pummel","Thunderclap+1","Disarm"],"picked":"SKIP","floor":41.0},{"not_picked":["Anger+1","Thunderclap","Sentinel+1"],"picked":"SKIP","floor":42.0},{"not_picked":["True Grit+1","Dark Embrace+1","Whirlwind+1"],"picked":"SKIP","floor":46},{"not_picked":["Infernal Blade+1","Reaper"],"picked":"Body Slam","floor":48},{"not_picked":["Intimidate+1","Body Slam"],"picked":"Clash+1","floor":49}],"player_experience":589611,"relics_obtained":[{"floor":5.0,"key":"Boot"},{"floor":6.0,"key":"Ornamental Fan"},{"floor":6.0,"key":"CaptainsWheel"},{"floor":9.0,"key":"Pen Nib"},{"floor":10.0,"key":"Orichalcum"},{"floor":10.0,"key":"Red Skull"},{"floor":13.0,"key":"Dream Catcher"},{"floor":13.0,"key":"Mummified Hand"},{"floor":23.0,"key":"CeramicFish"},{"floor":23.0,"key":"Tiny Chest"},{"floor":26.0,"key":"Anchor"},{"floor":27.0,"key":"Meat on the Bone"},{"floor":27.0,"key":"Self Forming Clay"},{"floor":41.0,"key":"Whetstone"},{"floor":41.0,"key":"MealTicket"},{"floor":43.0,"key":"Regal Pillow"},{"floor":44.0,"key":"Art of War"},{"floor":45.0,"key":"Bottled Lightning"},{"floor":46,"key":"Toxic Egg 2"},{"floor":46,"key":"Sundial"}],"event_choices":[{"damage_healed":0.0,"max_hp_gain":0.0,"max_hp_loss":0.0,"gold_gain":0.0,"event_name":"Shining Light","player_choice":"Entered Light","floor":3.0,"gold_loss":0.0,"damage_taken":16.0,"cards_upgraded":["Rupture","Strike_R"]},{"cards_removed":["Strike_R"],"damage_healed":0.0,"max_hp_gain":0.0,"max_hp_loss":0.0,"gold_gain":0.0,"event_name":"Living Wall","player_choice":"Forget","floor":4.0,"gold_loss":0.0,"damage_taken":0.0},{"damage_healed":0.0,"max_hp_gain":0.0,"max_hp_loss":0.0,"gold_gain":175.0,"event_name":"Liars Game","player_choice":"AGREE","floor":12.0,"gold_loss":0.0,"damage_taken":0.0,"cards_obtained":["Doubt"]},{"damage_healed":0.0,"max_hp_gain":0.0,"max_hp_loss":0.0,"gold_gain":0.0,"event_name":"The Woman in Blue","player_choice":"Bought 1 Potion","floor":20.0,"gold_loss":0.0,"damage_taken":0.0},{"damage_healed":0.0,"max_hp_gain":0.0,"max_hp_loss":0.0,"gold_gain":99.0,"event_name":"Nest","player_choice":"Stole From Cult","floor":22.0,"gold_loss":0.0,"damage_taken":0.0},{"damage_healed":0.0,"max_hp_gain":0.0,"max_hp_loss":0.0,"gold_gain":0.0,"event_name":"NoteForYourself","player_choice":"Ignored","floor":36.0,"gold_loss":0.0,"damage_taken":0.0},{"damage_healed":0.0,"max_hp_gain":0.0,"max_hp_loss":0.0,"gold_gain":0.0,"event_name":"Tomb of Lord Red Mask","player_choice":"Ignored","floor":39.0,"gold_loss":0.0,"damage_taken":0.0}],"is_beta":false,"boss_relics":[{"not_picked":["Velvet Choker","Cursed Key"],"picked":"Mark of Pain"},{"not_picked":["Runic Cube","Philosopher\u0027s Stone"],"picked":"Empty Cage"}],"items_purged_floors":[19,30],"is_endless":false,"potions_floor_spawned":[1,7,13,14,16,23,29,31,33,35,38,42,48],"ascension_level":0}}