{"host":"w9yruvs4bqht6bhw","time":1609632458,"event":{"mods":["BaseMod","Colored Powertips","Minty Spire (QoL Compilation)"],"gold_per_floor":[112,129,149,161,177,177,209,221,221,221,221,0,10,27,27,127,127,140,140,153,8,8,8],"floor_reached":22,"playtime":852,"items_purged":["Bash"],"score":257,"play_id":"b5b499e8-d3d0-4965-9469-259dafaf51d1","local_time":"20210102190738","is_ascension_mode":true,"campfire_choices":[{"data":"Armaments","floor":6,"key":"SMITH"},{"data":"Clash","floor":11,"key":"SMITH"},{"data":"Uppercut","floor":15,"key":"SMITH"}],"circlet_count":0,"master_deck":["Strike_R","Strike_R","Strike_R","Strike_R","Defend_R","Defend_R","Defend_R","Defend_R","Clash+1","Uppercut+1","Armaments+1","Headbutt","Exhume","Rage","Clash","Shrug It Off","Clash+1"],"relics":["Burning Blood","NeowsBlessing","Orichalcum","Art of War","NlothsMask","Strange Spoon","Sozu","DollysMirror"],"acts_visited":["Exordium","TheCity"],"potions_floor_usage":[8,13,14,16,16],"damage_taken":[{"damage":0,"enemies":"Cultist","floor":1,"turns":1},{"damage":0,"enemies":"2 Louse","floor":2,"turns":1},{"damage":0,"enemies":"Jaw Worm","floor":3,"turns":1},{"damage":6,"enemies":"2 Fungi Beasts","floor":4,"turns":3},{"damage":5,"enemies":"3 Louse","floor":5,"turns":3},{"damage":10,"enemies":"Lagavulin","floor":7,"turns":5},{"damage":21,"enemies":"Exordium Thugs","floor":8,"turns":5},{"damage":4,"enemies":"Large Slime","floor":13,"turns":9},{"damage":4,"enemies":"Exordium Wildlife","floor":14,"turns":3},{"damage":52,"enemies":"Slime Boss","floor":16,"turns":13},{"damage":24,"enemies":"3 Byrds","floor":18,"turns":7},{"damage":27,"enemies":"2 Thieves","floor":20,"turns":4},{"damage":22,"enemies":"Cultist and Chosen","floor":22,"turns":8}],"seed_played":"7814921488928624118","potions_obtained":[{"floor":4,"key":"GamblersBrew"},{"floor":5,"key":"HeartOfIron"},{"floor":7,"key":"Weak Potion"},{"floor":13,"key":"Strength Potion"},{"floor":14,"key":"ColorlessPotion"}],"is_trial":false,"path_per_floor":["M","M","M","M","M","R","E","M","T","?","R","$","M","M","R","B",null,"M","?","M","$","M"],"character_chosen":"IRONCLAD","items_purchased":["Strange Spoon","DollysMirror"],"campfire_rested":0,"item_purchase_floors":[12,21],"current_hp_per_floor":[78,80,80,80,80,80,76,61,61,61,61,61,63,65,65,19,65,47,47,26,26,4,4],"gold":8,"neow_bonus":"THREE_ENEMY_KILL","is_daily":false,"chose_seed":false,"campfire_upgraded":3,"win_rate":0.0,"timestamp":1609632458,"path_taken":["M","M","M","?","M","R","E","M","T","?","R","$","M","M","R","BOSS","M","?","M","$","?"],"items_purchased_type":["Relic","Relic"],"build_version":"2020-12-22","purchased_purges":1,"victory":false,"max_hp_per_floor":[80,80,80,80,80,80,80,80,80,80,80,80,80,80,80,80,80,80,80,80,80,80,80],"card_choices":[{"not_picked":["Anger","Heavy Blade"],"picked":"Clash","floor":1},{"not_picked":["Wild Strike","Havoc"],"picked":"Uppercut","floor":2},{"not_picked":["Sword Boomerang","Battle Trance"],"picked":"Armaments","floor":3},{"not_picked":["Infernal Blade","Clothesline","Twin Strike"],"picked":"SKIP","floor":4},{"not_picked":["Sword Boomerang","True Grit"],"picked":"Headbutt","floor":5},{"not_picked":["Clothesline","Feel No Pain","Sever Soul"],"picked":"SKIP","floor":7},{"not_picked":["Perfected Strike","Havoc"],"picked":"Exhume","floor":8},{"not_picked":["Headbutt","Anger"],"picked":"Rage","floor":13},{"not_picked":["Armaments","Pummel","Disarm"],"picked":"SKIP","floor":14},{"not_picked":["True Grit","Twin Strike"],"picked":"Clash","floor":18},{"not_picked":["Cleave+1","True Grit"],"picked":"Shrug It Off","floor":20}],"player_experience":277449,"relics_obtained":[{"floor":7,"key":"Orichalcum"},{"floor":9,"key":"Art of War"}],"event_choices":[{"damage_healed":0,"gold_gain":0,"player_choice":"Trade","damage_taken":0,"relics_obtained":["NlothsMask"],"max_hp_gain":0,"max_hp_loss":0,"event_name":"FaceTrader","floor":10,"gold_loss":0},{"cards_removed":["Strike_R"],"damage_healed":0,"gold_gain":0,"player_choice":"Purged","damage_taken":0,"max_hp_gain":0,"max_hp_loss":0,"event_name":"Purifier","floor":19,"gold_loss":0}],"is_beta":false,"boss_relics":[{"not_picked":["Ectoplasm","SlaversCollar"],"picked":"Sozu"}],"items_purged_floors":[12],"is_endless":false,"potions_floor_spawned":[4,5,7,13,14,18],"killed_by":"Cultist and Chosen","ascension_level":7}}