{"host":"r65a7hy0otg6m46m","time":1609659390,"event":{"mods":["Aspiration","BaseMod","Beaked The Cultist","Bestiary","BetterRewards","Colored Map","Downfall","Fiend Mod","Friendly Minions","Glutton Mod","Hermit","Hubris","Hunter ??","Infinite Spire","Minty Spire (QoL Compilation)","Replay The Spire","Shop Mod","StSLib","The Bladedancer","The Bug Knight","The Clintock","The Cursed","The Death Knight","The Forsaken","The Hayseed","The IronCluck","The Necromancer","The Saiyan","The Servant 0.9.4","[IsaacMod]????","??????REMEMod"],"gold_per_floor":[99,99,159,169,220,44,44,55,71,71,86,105,105,205,224,329,329,329,349,361,361,45,76,123,123,223,223,223],"floor_reached":27,"playtime":1676,"items_purged":[],"score":230,"play_id":"b7abdc2c-87ce-4d33-9644-8d1ef06c5038","local_time":"20210103083630","is_ascension_mode":false,"campfire_choices":[{"data":"ReplayTheSpireMod:??????????????????????","floor":10,"key":"SMITH"},{"data":"Fiend:FiendFlay","floor":13,"key":"SMITH"},{"data":"Fiend:FiendSoulSwap","floor":18,"key":"SMITH"}],"circlet_count":0,"master_deck":["Fiend:FiendDemonSlash","Fiend:FiendDemonSlash","Fiend:FiendDemonSlash","Fiend:FiendDemonSlash","Fiend:FiendDemonSlash","Fiend:FiendFortify","Fiend:FiendFortify","Fiend:FiendFortify","Fiend:FiendFortify","Fiend:FiendConsume","BettingIsNotGood","EpicFetus","ReplayTheSpireMod:??????????????????????+1","Fiend:FiendRage","Fiend:FiendSalvage","Fiend:FiendGreaterDemonSlash","Fiend:FiendFlay+1","expansioncontent:SuperHexaguard","Fiend:FiendBulkUp","Fiend:FiendDeepenWound","Fiend:FiendDemonWhip","Fiend:FiendExecute","Fiend:FiendSoulSwap+1","Fiend:FiendConserve","Fiend:FiendFiendishCharge+1","Fiend:FiendSalvage","Pot Of Greed","Pot Of Greed","Pot Of Greed","Fiend:FiendBloodlust+1","Fiend:FiendConserve"],"relics":["Fiend:FiendTotem","REME_ComplimentaryCards","HushsDoor","TheBean","infinitespire:FocusingShard","Toy Ornithopter","GnawedLeaf","aspiration:FutureDiary","NineVolt","Grinning Jar","infinitespire:Lucky Rock"],"acts_visited":["Exordium","TheCity"],"potions_floor_usage":[6,11,15,20,20,21,22],"damage_taken":[{"damage":10,"enemies":"Jaw Worm","floor":4,"turns":4},{"damage":5,"enemies":"downfall:FleeingMerchant","floor":6,"turns":4},{"damage":7,"enemies":"Small Slimes","floor":8,"turns":3},{"damage":0,"enemies":"2 Louse","floor":9,"turns":2},{"damage":0,"enemies":"Large Slime","floor":11,"turns":1},{"damage":2,"enemies":"2 Fungi Beasts","floor":12,"turns":3},{"damage":6,"enemies":"Red Slaver","floor":15,"turns":2},{"damage":30,"enemies":"downfall:Watcher","floor":16,"turns":8},{"damage":66,"enemies":"Spheric Guardian","floor":19,"turns":3},{"damage":25,"enemies":"3 Byrds","floor":20,"turns":5},{"damage":0,"enemies":"Snake Plant","floor":21,"turns":2},{"damage":0,"enemies":"downfall:FleeingMerchant","floor":22,"turns":4},{"damage":0,"enemies":"3 Cultists","floor":23,"turns":5},{"damage":40,"enemies":"Sentry and Sphere","floor":27,"turns":5}],"seed_played":"7543528141070241833","potions_obtained":[{"floor":3,"key":"sneckomod:MuddlingPotion"},{"floor":8,"key":"FearPotion"},{"floor":11,"key":"ColorlessPotion"},{"floor":19,"key":"EntropicBrew"},{"floor":23,"key":"BlessingOfTheForge"}],"is_trial":false,"path_per_floor":["R_BF","?","?","M","T","$","T","M","M","R","M","M","R","?","M","B",null,"R_BF","M","M","M","$","M","T","?","?","M"],"character_chosen":"THE_FIEND","items_purchased":["Fiend:FiendFlay","expansioncontent:SuperHexaguard","NineVolt","Grinning Jar"],"campfire_rested":0,"item_purchase_floors":[6,6,22,22],"current_hp_per_floor":[82,62,42,37,37,40,40,33,33,33,38,36,36,36,35,5,82,82,16,16,21,34,40,40,32,32,0,0],"gold":223,"neow_bonus":"TEN_PERCENT_HP_BONUS","is_daily":false,"chose_seed":false,"campfire_upgraded":3,"win_rate":0.0,"timestamp":1609659390,"path_taken":["R_BF","?","?","?","?","?","T","M","M","R","M","M","R","?","M","BOSS","R_BF","M","M","M","$","M","T","?","?","M"],"items_purchased_type":["Card","Card","Relic","Relic"],"build_version":"2020-12-22","purchased_purges":0,"victory":false,"max_hp_per_floor":[82,82,82,82,82,82,82,82,82,82,82,82,82,82,82,82,82,82,82,83,83,84,85,85,85,85,86,86],"card_choices":[{"not_picked":[],"picked":"BettingIsNotGood","floor":0},{"not_picked":["infinitespire:Menacing","infinitespire:Oblivion"],"picked":"ReplayTheSpireMod:??????????????????????","floor":2},{"not_picked":["Fiend:FiendHellBeam","Fiend:FiendMeditate"],"picked":"Fiend:FiendRage","floor":3},{"not_picked":["Fiend:FiendExecute","Fiend:FiendUpstartDemon"],"picked":"Fiend:FiendSalvage","floor":4},{"not_picked":["Fiend:FiendRadiation","Fiend:FiendSalvage"],"picked":"Fiend:FiendGreaterDemonSlash","floor":6},{"not_picked":["Fiend:FiendMeditate","Fiend:FiendSplat"],"picked":"Fiend:FiendBulkUp","floor":8},{"not_picked":["Fiend:FiendVaccine","Fiend:FiendSalvage"],"picked":"Fiend:FiendDeepenWound","floor":9},{"not_picked":["Fiend:FiendFleshPlating","Fiend:FiendRadiation","Fiend:FiendVaccine"],"picked":"SKIP","floor":11},{"not_picked":["Fiend:FiendSplat","Fiend:FiendMeditate"],"picked":"Fiend:FiendDemonWhip","floor":12},{"not_picked":["Fiend:FiendDeepenWound","Fiend:FiendAja"],"picked":"Bomb","floor":14},{"not_picked":["Fiend:FiendVaccine","Fiend:FiendMeditate"],"picked":"Fiend:FiendExecute","floor":15},{"not_picked":["Fiend:FiendAja","Fiend:FiendMutilation"],"picked":"Fiend:FiendSoulSwap","floor":16},{"not_picked":["Fiend:FiendAlchemeat","Fiend:FiendMeditate"],"picked":"Fiend:FiendConserve","floor":19},{"not_picked":["Fiend:FiendSplat","Fiend:FiendMutativeArms"],"picked":"Fiend:FiendFiendishCharge+1","floor":20},{"not_picked":["Fiend:FiendVaccine","Fiend:FiendDemonWhip"],"picked":"Fiend:FiendSalvage","floor":22},{"not_picked":["Fiend:FiendFleshPlating","Fiend:FiendMeatPaste"],"picked":"Fiend:FiendBloodlust","floor":23},{"not_picked":["Fiend:FiendSiphon+1","Fiend:FiendRage"],"picked":"Fiend:FiendConserve","floor":26}],"player_experience":74555,"relics_obtained":[{"floor":3,"key":"infinitespire:FocusingShard"},{"floor":5,"key":"Toy Ornithopter"},{"floor":7,"key":"GnawedLeaf"},{"floor":24,"key":"infinitespire:Lucky Rock"}],"event_choices":[{"damage_healed":0,"gold_gain":0,"player_choice":"Donut","damage_taken":0,"max_hp_gain":5,"max_hp_loss":0,"event_name":"Big Fish","floor":1,"gold_loss":0}],"is_beta":false,"boss_relics":[{"not_picked":["aspiration:SecretTechniqueScroll","Replay:Drink Me"],"picked":"aspiration:FutureDiary"},{"not_picked":[]}],"items_purged_floors":[],"is_endless":false,"potions_floor_spawned":[8,11,19,21,23],"killed_by":"Sentry and Sphere","ascension_level":0}}