{"host":"1eo5f82aifdzd7pr","time":1609712694,"event":{"mods":["AchievementEnabler","BaseMod","Colored Map","Colored Powertips","DeckTracker","Marisa????????","Minty Spire (QoL Compilation)","StSLib","SuperFastMode"],"gold_per_floor":[109,126,126,76,95,124,49,76,76,96,114,114,143,154,154,252,252,269,280,304,85,104,104,104,104,131,131,162,178,178,194,194,293,293,306,181,198,198,209,209,222,222,276,276,276,288,135,154,154,154,154,154,52,80,80],"floor_reached":56,"playtime":4816,"items_purged":["Strike_G","Strike_G","Strike_G"],"score":1164,"play_id":"7c7fe494-f2bd-4675-99bf-1a91d10b615c","local_time":"20210104002454","is_ascension_mode":false,"campfire_choices":[{"floor":12,"key":"REST"},{"floor":15,"key":"REST"},{"data":"Crippling Poison","floor":23,"key":"SMITH"},{"data":"Bouncing Flask","floor":25,"key":"SMITH"},{"data":"Crippling Poison","floor":30,"key":"SMITH"},{"data":"Deadly Poison","floor":32,"key":"SMITH"},{"data":"Burst","floor":40,"key":"SMITH"},{"data":"Footwork","floor":42,"key":"SMITH"},{"floor":49,"key":"RECALL"},{"data":"Well Laid Plans","floor":52,"key":"SMITH"}],"circlet_count":0,"master_deck":["Strike_G","Defend_G+1","Defend_G+1","Defend_G","Defend_G","Survivor","Neutralize","Crippling Poison+1","Backflip","Leg Sweep","Escape Plan","Crippling Poison+1","PiercingWail","Deadly Poison+1","Bouncing Flask+1","Well Laid Plans+1","PiercingWail","Backflip","PiercingWail+1","Deadly Poison+1","Burst+1","Footwork+1","Parasite"],"relics":["Ring of the Snake","TungstenRod","Akabeko","Nunchaku","Strawberry","Potion Belt","Coffee Dripper","War Paint","Matryoshka","PreservedInsect","MutagenicStrength","Art of War","Busted Crown","Orichalcum","Bronze Scales","Juzu Bracelet","Snake Skull","Blue Candle"],"acts_visited":["Exordium","TheCity","TheBeyond","TheEnding"],"potions_floor_usage":[13,16,19,50,50,54,55,55],"damage_taken":[{"damage":0,"enemies":"Cultist","floor":1,"turns":3},{"damage":3,"enemies":"Small Slimes","floor":2,"turns":4},{"damage":0,"enemies":"Jaw Worm","floor":5,"turns":5},{"damage":57,"enemies":"Gremlin Nob","floor":6,"turns":7},{"damage":9,"enemies":"3 Sentries","floor":8,"turns":17},{"damage":0,"enemies":"Red Slaver","floor":10,"turns":5},{"damage":0,"enemies":"3 Louse","floor":11,"turns":3},{"damage":24,"enemies":"Gremlin Nob","floor":13,"turns":6},{"damage":0,"enemies":"2 Fungi Beasts","floor":14,"turns":4},{"damage":7,"enemies":"Hexaghost","floor":16,"turns":9},{"damage":0,"enemies":"Spheric Guardian","floor":18,"turns":3},{"damage":6,"enemies":"2 Thieves","floor":19,"turns":4},{"damage":5,"enemies":"Sentry and Sphere","floor":22,"turns":5},{"damage":0,"enemies":"Slavers","floor":28,"turns":5},{"damage":1,"enemies":"Snake Plant","floor":29,"turns":4},{"damage":1,"enemies":"Shelled Parasite and Fungi","floor":31,"turns":4},{"damage":9,"enemies":"Collector","floor":33,"turns":8},{"damage":0,"enemies":"3 Shapes","floor":35,"turns":4},{"damage":0,"enemies":"Orb Walker","floor":37,"turns":4},{"damage":4,"enemies":"Sphere and 2 Shapes","floor":39,"turns":3},{"damage":5,"enemies":"Writhing Mass","floor":41,"turns":5},{"damage":0,"enemies":"Maw","floor":46,"turns":7},{"damage":0,"enemies":"Transient","floor":48,"turns":5},{"damage":25,"enemies":"Donu and Deca","floor":50,"turns":10},{"damage":2,"enemies":"Shield and Spear","floor":54,"turns":6},{"damage":43,"enemies":"The Heart","floor":55,"turns":10}],"seed_played":"2780341755765305202","potions_obtained":[{"floor":10,"key":"PowerPotion"},{"floor":11,"key":"SkillPotion"},{"floor":13,"key":"Explosive Potion"},{"floor":14,"key":"Weak Potion"},{"floor":16,"key":"Energy Potion"},{"floor":19,"key":"GamblersBrew"},{"floor":28,"key":"SpeedPotion"},{"floor":29,"key":"DuplicationPotion"},{"floor":33,"key":"Energy Potion"},{"floor":39,"key":"SteroidPotion"}],"is_trial":false,"path_per_floor":["M","M","T","?","M","E","$","E","T","M","M","R","E","M","R","B",null,"M","M","T","$","M","R","?","R","T","?","E","M","R","M","R","B",null,"M","$","M","?","M","R","M","R","T","?","?","M","$","M","R","B",null,"R","$","E","B",null],"character_chosen":"THE_SILENT","items_purchased":["Well Laid Plans","PiercingWail","Snake Skull","PowerPotion","AttackPotion"],"campfire_rested":2,"item_purchase_floors":[21,21,47,53,53],"current_hp_per_floor":[77,74,74,74,74,17,17,8,15,15,15,40,16,16,41,34,84,84,78,78,78,73,73,73,73,73,73,73,72,72,71,71,62,84,84,84,84,84,80,80,75,75,75,75,75,75,75,75,75,50,84,84,84,82,39],"gold":80,"neow_bonus":"TEN_PERCENT_HP_BONUS","is_daily":false,"chose_seed":false,"campfire_upgraded":7,"win_rate":0.0,"timestamp":1609712694,"path_taken":["M","M","?","?","M","E","?","E","T","M","M","R","E","M","R","BOSS","M","M","?","$","M","R","?","R","T","?","E","M","R","M","R","BOSS","M","$","M","?","M","R","M","R","T","?","?","M","?","M","R","BOSS","R","$","E","BOSS"],"items_purchased_type":["Card","Card","Relic","Potion","Potion"],"build_version":"2020-12-22","purchased_purges":3,"victory":true,"max_hp_per_floor":[77,77,77,77,77,77,77,77,84,84,84,84,84,84,84,84,84,84,84,84,84,84,84,84,84,84,84,84,84,84,84,84,84,84,84,84,84,84,84,84,84,84,84,84,84,84,84,84,84,84,84,84,84,84,84],"card_choices":[{"not_picked":["Deflect","Blade Dance"],"picked":"Crippling Poison","floor":1},{"not_picked":["Acrobatics","Choke"],"picked":"Backflip","floor":2},{"not_picked":["Dagger Spray","Night Terror"],"picked":"Leg Sweep","floor":5},{"not_picked":["Dagger Spray","Endless Agony"],"picked":"Escape Plan","floor":6},{"not_picked":["Skewer","Blur"],"picked":"Crippling Poison","floor":8},{"not_picked":["Dagger Throw","Blade Dance","Dodge and Roll"],"picked":"SKIP","floor":10},{"not_picked":["Dagger Spray","Bane"],"picked":"PiercingWail","floor":11},{"not_picked":["Terror","Skewer"],"picked":"Deadly Poison","floor":13},{"not_picked":["Poisoned Stab","Reflex"],"picked":"Bouncing Flask","floor":14},{"not_picked":["Poisoned Stab","Acrobatics","Eviscerate"],"picked":"SKIP","floor":18},{"not_picked":["Riddle With Holes+1","Distraction+1","Flying Knee"],"picked":"SKIP","floor":19},{"not_picked":["Flying Knee","Slice"],"picked":"Backflip","floor":22},{"not_picked":["Infinite Blades","Calculated Gamble+1"],"picked":"PiercingWail+1","floor":28},{"not_picked":["Dagger Throw+1","Dagger Spray"],"picked":"Deadly Poison","floor":29},{"not_picked":["Prepared","Bane","Crippling Poison"],"picked":"SKIP","floor":31},{"not_picked":["Grand Finale","A Thousand Cuts"],"picked":"Burst","floor":33},{"not_picked":["Calculated Gamble"],"picked":"SKIP","floor":35},{"not_picked":["Poisoned Stab"],"picked":"SKIP","floor":37},{"not_picked":[],"picked":"Footwork","floor":39},{"not_picked":["Flying Knee"],"picked":"SKIP","floor":41},{"not_picked":["Quick Slash+1"],"picked":"SKIP","floor":46},{"not_picked":["Heel Hook"],"picked":"SKIP","floor":48},{"not_picked":["Infinite Blades+1"],"picked":"SKIP","floor":54}],"player_experience":775043,"relics_obtained":[{"floor":3,"key":"TungstenRod"},{"floor":6,"key":"Akabeko"},{"floor":8,"key":"Nunchaku"},{"floor":9,"key":"Strawberry"},{"floor":13,"key":"Potion Belt"},{"floor":20,"key":"War Paint"},{"floor":26,"key":"PreservedInsect"},{"floor":28,"key":"Art of War"},{"floor":43,"key":"Bronze Scales"},{"floor":43,"key":"Juzu Bracelet"},{"floor":54,"key":"Blue Candle"}],"event_choices":[{"cards_removed":["Defend_G"],"damage_healed":0,"gold_gain":0,"player_choice":"Card Removal","damage_taken":0,"max_hp_gain":0,"max_hp_loss":0,"event_name":"The Cleric","floor":4,"gold_loss":50},{"damage_healed":0,"gold_gain":0,"player_choice":"Opened","damage_taken":0,"relics_obtained":["Matryoshka"],"max_hp_gain":0,"max_hp_loss":0,"event_name":"The Mausoleum","floor":24,"gold_loss":0},{"damage_healed":0,"gold_gain":0,"player_choice":"Inject Mutagens","damage_taken":0,"relics_obtained":["MutagenicStrength"],"max_hp_gain":0,"max_hp_loss":0,"event_name":"Drug Dealer","floor":27,"gold_loss":0},{"damage_healed":0,"gold_gain":0,"player_choice":"Gave Potion","damage_taken":0,"relics_obtained":["Orichalcum"],"max_hp_gain":0,"max_hp_loss":0,"event_name":"WeMeetAgain","floor":38,"gold_loss":0},{"cards_removed":["Strike_G"],"damage_healed":0,"gold_gain":0,"player_choice":"Purged","damage_taken":0,"max_hp_gain":0,"max_hp_loss":0,"event_name":"Purifier","floor":44,"gold_loss":0},{"damage_healed":0,"gold_gain":0,"player_choice":"Upgraded","damage_taken":0,"max_hp_gain":0,"max_hp_loss":0,"event_name":"Upgrade Shrine","floor":45,"gold_loss":0,"cards_upgraded":["Deadly Poison"]}],"is_beta":false,"boss_relics":[{"not_picked":["Tiny House","Velvet Choker"],"picked":"Coffee Dripper"},{"not_picked":["Calling Bell","Philosopher\u0027s Stone"],"picked":"Busted Crown"}],"items_purged_floors":[7,21,36],"is_endless":false,"potions_floor_spawned":[10,11,13,14,16,19,28,29,33,39,46],"ascension_level":0}}