{"host":"3popq6h3e9zwx3f8","time":1609640912,"event":{"mods":["BaseMod","Colored Map","Minty Spire (QoL Compilation)","Replay The Spire","StSLib","The Cursed","The IronCluck","The Marked","everything is the same but u backflip on backflip"],"gold_per_floor":[112,128,128,203,218,218,236,236,236,236,236,236,256,268,314,324,324,423,423,441,452,465,81,92,92,102,102,102,113,133,166,166,166],"floor_reached":32,"playtime":1552,"items_purged":[],"score":258,"play_id":"8f826f64-21f8-47a5-a4ee-9e0c4eb29a1d","local_time":"20210102182832","is_ascension_mode":false,"campfire_choices":[{"data":"Eruption","floor":6,"key":"SMITH"},{"floor":10,"key":"REST"},{"data":"Life Link","floor":17,"key":"SMITH"},{"floor":25,"key":"REST"},{"floor":27,"key":"REST"}],"circlet_count":0,"master_deck":["Strike_R","Strike_R","Strike_R","Strike_R","Strike_R","Defend_R","Defend_R","Defend_R","Defend_R","Wild Strike+1","Second Wind","Eruption+1","Run Through","Life Link+1","Pommel Strike","Thunderclap","Replay:Many Hands","Cleave+1","Defy Death","Wild Strike+1","Replay:BasicMightCard","Limit Break","Limit Break","Intimidate","Flex+1","Burning Pact+1","Thunderclap","Double Tap"],"relics":["NeowsBlessing","Replay:M_SmolderingBlood","HornCleat","ReplayFunnel","Painkiller Herb","DollysMirror","Gremlin Horn","InkBottle"],"acts_visited":["Exordium","TheCity"],"potions_floor_usage":[14,18,18,31,31,31],"damage_taken":[{"damage":0,"enemies":"Small Slimes","floor":1,"turns":1},{"damage":0,"enemies":"2 Louse","floor":2,"turns":1},{"damage":0,"enemies":"Jaw Worm","floor":5,"turns":1},{"damage":8,"enemies":"Lots of Slimes","floor":7,"turns":3},{"damage":3,"enemies":"Red Slaver","floor":13,"turns":2},{"damage":0,"enemies":"Looter","floor":14,"turns":1},{"damage":0,"enemies":"3 Louse","floor":16,"turns":2},{"damage":38,"enemies":"The Guardian","floor":18,"turns":6},{"damage":12,"enemies":"Spheric Guardian","floor":20,"turns":4},{"damage":15,"enemies":"2 Thieves","floor":21,"turns":2},{"damage":21,"enemies":"Chosen and Byrds","floor":22,"turns":5},{"damage":0,"enemies":"Snecko","floor":24,"turns":3},{"damage":21,"enemies":"Snake Plant","floor":26,"turns":4},{"damage":15,"enemies":"Chosen and Byrds","floor":29,"turns":3},{"damage":6,"enemies":"3 Cultists","floor":30,"turns":4},{"damage":32,"enemies":"Book of Stabbing","floor":31,"turns":5},{"damage":12,"enemies":"Snecko","floor":32,"turns":3}],"seed_played":"2452578736119675842","potions_obtained":[{"floor":2,"key":"DistilledChaos"},{"floor":13,"key":"Reflective Coating"},{"floor":16,"key":"Adrenaline Potion"},{"floor":18,"key":"LiquidBronze"},{"floor":20,"key":"EssenceOfSteel"},{"floor":21,"key":"SpeedPotion"}],"is_trial":false,"path_per_floor":["M","M","?","?","M","R","M","?","T","R","PTL","PTL","M","M","T","M","R","B",null,"?","?","?","T","?","T","?","T","T","?","?","E","?"],"character_chosen":"IRONCLAD","items_purchased":["Replay:BasicMightCard","Limit Break","DollysMirror"],"campfire_rested":3,"item_purchase_floors":[23,23,23],"current_hp_per_floor":[80,80,80,69,69,69,61,61,61,80,80,80,77,77,77,77,77,39,80,68,53,32,32,32,56,35,59,59,44,38,6,0,0],"gold":166,"neow_bonus":"THREE_ENEMY_KILL","is_daily":false,"chose_seed":false,"campfire_upgraded":2,"win_rate":0.0,"timestamp":1609640912,"path_taken":["M","M","?","?","M","R","M","?","T","R","PTL","PTL","M","M","?","?","R","BOSS","?","?","?","T","?","T","?","T","T","?","?","E","?"],"items_purchased_type":["Card","Card","Relic"],"build_version":"2020-12-22","purchased_purges":0,"victory":false,"max_hp_per_floor":[80,80,80,80,80,80,80,80,80,80,80,80,80,80,80,80,80,80,80,80,80,80,80,80,80,80,80,80,80,80,80,80,80],"card_choices":[{"not_picked":["Body Slam","Shrug It Off"],"picked":"Wild Strike","floor":1},{"not_picked":["Infernal Blade","Shrug It Off"],"picked":"Second Wind","floor":2},{"not_picked":["CrushJoints","Body Slam","ReplayTheSpireMod:LeadingStrike"],"picked":"SKIP","floor":5},{"not_picked":["Heavy Blade","Inflame"],"picked":"Run Through","floor":7},{"not_picked":["Demonic Infusion","Thunderclap"],"picked":"Life Link","floor":13},{"not_picked":["Havoc","FlyingSleeves"],"picked":"Pommel Strike","floor":14},{"not_picked":["Warcry","Wild Strike"],"picked":"Thunderclap","floor":16},{"not_picked":["Exhume","Corruption"],"picked":"Replay:Many Hands","floor":18},{"not_picked":["Perfected Strike","Whirlwind"],"picked":"Cleave+1","floor":20},{"not_picked":["Iron Wave","Clothesline"],"picked":"Defy Death","floor":21},{"not_picked":["Burning Pact+1","ReplayTheSpireMod:LeadingStrike"],"picked":"Wild Strike+1","floor":22},{"not_picked":["Run Through","Havoc"],"picked":"Intimidate","floor":24},{"not_picked":["Reckless Charge","Combust"],"picked":"Flex+1","floor":26},{"not_picked":["Armaments","Anger"],"picked":"Burning Pact+1","floor":29},{"not_picked":["Headbutt","Searing Blow"],"picked":"Thunderclap","floor":30},{"not_picked":["Twin Strike+1","Heavy Blade"],"picked":"Double Tap","floor":31}],"player_experience":369817,"relics_obtained":[{"floor":9,"key":"HornCleat"},{"floor":15,"key":"ReplayFunnel"},{"floor":28,"key":"Gremlin Horn"},{"floor":31,"key":"InkBottle"}],"event_choices":[{"damage_healed":0,"gold_gain":75,"player_choice":"Gather Gold","damage_taken":11,"max_hp_gain":0,"max_hp_loss":0,"event_name":"World of Goop","floor":4,"gold_loss":0}],"is_beta":false,"boss_relics":[{"not_picked":["Runic Pyramid","Empty Cage"],"picked":"Painkiller Herb"}],"items_purged_floors":[],"is_endless":false,"potions_floor_spawned":[2,13,16,18,20,21,22,30],"killed_by":"Snecko","ascension_level":0}}