{"host":"kdt6w7ix8lwe69i9","time":1609654560,"event":{"mods":["Bartender","BaseMod","ChefMod","Downfall","Fiend Mod","Jorbs\u0027s Wanderer Trilogy","Minty Spire (QoL Compilation)","Reimu（博丽灵梦）","Robot Space Explorer","StSLib","The Caster","The Cursed","The Disciple","The Dragon Tamer","The Druid","The Elementalist","The Forsaken","The Gatherer","The Marked","TheBandit"],"gold_per_floor":[115,190,33,33,33,63,63,92,92,106,118,118,118,132,132,257,257,280,280,298,339,362,406,424,440,464,464,464,479,479,503,503,483,483],"floor_reached":33,"playtime":2726,"items_purged":[],"score":327,"play_id":"1daa771d-fc65-4cbb-b642-c1fe0383f958","local_time":"20210103011600","is_ascension_mode":false,"campfire_choices":[{"floor":7,"key":"REST"},{"data":"TheCursedMod:CircleOfFlame","floor":12,"key":"SMITH"},{"floor":15,"key":"REST"},{"floor":27,"key":"REST"},{"floor":32,"key":"RECALL"}],"circlet_count":0,"master_deck":["TheCursedMod:Strike_TheCursed","TheCursedMod:Strike_TheCursed+1","TheCursedMod:Strike_TheCursed","TheCursedMod:Strike_TheCursed","TheCursedMod:Defend_TheCursed","TheCursedMod:Defend_TheCursed","TheCursedMod:Defend_TheCursed","TheCursedMod:CursedWand","TheCursedMod:CleanUpWorkshop","TheCursedMod:Dregs","TheCursedMod:CircleOfFlame+1","TheCursedMod:Stigma+1","TheCursedMod:FuryStrike","TheCursedMod:FleshFromBone","TheCursedMod:WearCloak","TheCursedMod:CircleOfCorruption","Injury","TheCursedMod:CursedStaff","TheCursedMod:ForbiddenAlchemy","CurseOfTheBell","TheCursedMod:CursedBlade","Ghostly","Ghostly","Ghostly","Ghostly","Ghostly","TheCursedMod:VoidForm","TheCursedMod:CursedBoomerang","TheCursedMod:Stigma+1","TheCursedMod:HellfireBreathing","TheCursedMod:CircleOfFlame","TheCursedMod:CursedArmor","TheCursedMod:CursedShiv","TheCursedMod:StingEye"],"relics":["SlaversCollar","Lee\u0027s Waffle","Regal Pillow","theForsaken:Gavel","Golden Idol","Calling Bell","Smiling Mask","Meat on the Bone","theForsaken:Kindling","Red Mask","Choco_Feather","Whetstone","Nloth\u0027s Gift"],"acts_visited":["Exordium","TheCity"],"potions_floor_usage":[8,16,16,21,23,23,23,23,24,24,31,31,31,31,33],"damage_taken":[{"damage":1,"enemies":"Cultist","floor":1,"turns":4},{"damage":34,"enemies":"Lagavulin","floor":6,"turns":7},{"damage":14,"enemies":"Gremlin Nob","floor":8,"turns":3},{"damage":0,"enemies":"Jaw Worm","floor":10,"turns":1},{"damage":2,"enemies":"Small Slimes","floor":11,"turns":2},{"damage":12,"enemies":"Exordium Wildlife","floor":14,"turns":3},{"damage":35,"enemies":"Hexaghost","floor":16,"turns":5},{"damage":16,"enemies":"Spheric Guardian","floor":18,"turns":4},{"damage":5,"enemies":"Shell Parasite","floor":20,"turns":7},{"damage":20,"enemies":"Masked Bandits","floor":21,"turns":6},{"damage":7,"enemies":"Snake Plant","floor":22,"turns":5},{"damage":0,"enemies":"Gremlin Leader","floor":23,"turns":7},{"damage":11,"enemies":"Shelled Parasite and Fungi","floor":24,"turns":6},{"damage":14,"enemies":"Centurion and Healer","floor":25,"turns":8},{"damage":21,"enemies":"Cultist and Chosen","floor":29,"turns":6},{"damage":3,"enemies":"Snecko","floor":31,"turns":7},{"damage":34,"enemies":"Automaton","floor":33,"turns":8}],"seed_played":"-2737417434355740829","potions_obtained":[{"floor":6,"key":"ColorlessPotion"},{"floor":10,"key":"AttackPotion"},{"floor":11,"key":"LiquidBronze"},{"floor":18,"key":"champ:CounterPotion"},{"floor":20,"key":"SteroidPotion"},{"floor":23,"key":"Weak Potion"},{"floor":29,"key":"Block Potion"}],"is_trial":false,"path_per_floor":["M","?","$","?","$","E","R","E","T","M","M","R","?","M","R","B",null,"M","?","M","?","M","E","M","M","T","R","?","M","?","M","R","B"],"character_chosen":"THE_CURSED","items_purchased":["Lee\u0027s Waffle"],"campfire_rested":3,"item_purchase_floors":[3],"current_hp_per_floor":[74,63,82,82,82,48,72,58,58,58,56,56,56,44,82,47,82,66,41,36,28,21,21,22,20,20,46,46,25,25,34,34,0,0],"gold":483,"neow_bonus":"BOSS_RELIC","is_daily":false,"chose_seed":false,"campfire_upgraded":1,"win_rate":0.0,"timestamp":1609654560,"path_taken":["M","?","?","?","$","E","R","E","T","M","?","R","?","M","R","BOSS","M","?","M","?","M","E","M","M","T","R","?","?","?","M","R","BOSS"],"items_purchased_type":["Relic"],"build_version":"2020-12-22","purchased_purges":0,"victory":false,"max_hp_per_floor":[75,75,82,82,82,82,82,82,82,82,82,82,82,82,82,82,82,82,41,41,41,41,41,41,41,41,46,46,46,46,46,46,46,46],"card_choices":[{"not_picked":["TheCursedMod:Stretching","TheCursedMod:CursedShiv"],"picked":"TheCursedMod:CircleOfFlame","floor":1},{"not_picked":["TheCursedMod:CircleOfCorruption","TheCursedMod:CursedShiv"],"picked":"TheCursedMod:FuryStrike","floor":6},{"not_picked":["TheCursedMod:UltimatePain","TheCursedMod:SpreadPlague"],"picked":"TheCursedMod:FleshFromBone","floor":8},{"not_picked":["TheCursedMod:SpreadPlague","TheCursedMod:SaltUponWound"],"picked":"TheCursedMod:WearCloak","floor":10},{"not_picked":["TheCursedMod:TacticalStrike","TheCursedMod:CursedMace"],"picked":"TheCursedMod:CircleOfCorruption","floor":11},{"not_picked":["TheCursedMod:Stigma","TheCursedMod:VitalStrike"],"picked":"TheCursedMod:CursedStaff","floor":14},{"not_picked":["TheCursedMod:CursedRelics","TheCursedMod:ManaCirculation"],"picked":"TheCursedMod:ForbiddenAlchemy","floor":16},{"not_picked":["TheCursedMod:SurpriseAttack","TheCursedMod:Wield+1"],"picked":"TheCursedMod:CursedBlade","floor":18},{"not_picked":["TheCursedMod:Stretching+1","TheCursedMod:Stigma+1"],"picked":"TheCursedMod:VoidForm","floor":20},{"not_picked":["TheCursedMod:CircleOfWindfury","TheCursedMod:CursedArmor+1"],"picked":"TheCursedMod:CursedBoomerang","floor":21},{"not_picked":["TheCursedMod:RapidMovement","TheCursedMod:CircleOfFocus"],"picked":"TheCursedMod:Stigma+1","floor":22},{"not_picked":["TheCursedMod:FleshFromBone","TheCursedMod:EmpowerCircles+1"],"picked":"TheCursedMod:HellfireBreathing","floor":23},{"not_picked":["TheCursedMod:CircleOfFocus","TheCursedMod:RapidMovement+1"],"picked":"TheCursedMod:CircleOfFlame","floor":24},{"not_picked":["TheCursedMod:CircleOfWindfury","TheCursedMod:CursedSpellbook"],"picked":"TheCursedMod:CursedArmor","floor":25},{"not_picked":["TheCursedMod:RapidMovement","TheCursedMod:Obscuration+1"],"picked":"TheCursedMod:CursedShiv","floor":29},{"not_picked":["TheCursedMod:HellsGateOpen","TheCursedMod:CursedBlade"],"picked":"TheCursedMod:StingEye","floor":31}],"player_experience":1655935,"relics_obtained":[{"floor":6,"key":"Power_Wrist"},{"floor":8,"key":"Regal Pillow"},{"floor":9,"key":"theForsaken:Gavel"},{"floor":17,"key":"Smiling Mask"},{"floor":17,"key":"Meat on the Bone"},{"floor":17,"key":"theForsaken:Kindling"},{"floor":21,"key":"Red Mask"},{"floor":23,"key":"Choco_Feather"},{"floor":26,"key":"Whetstone"}],"event_choices":[{"damage_healed":0,"gold_gain":75,"player_choice":"Gather Gold","damage_taken":11,"max_hp_gain":0,"max_hp_loss":0,"event_name":"World of Goop","floor":2,"gold_loss":0},{"damage_healed":0,"gold_gain":0,"cards_transformed":["TheCursedMod:Defend_TheCursed"],"player_choice":"Transformed","damage_taken":0,"max_hp_gain":0,"max_hp_loss":0,"event_name":"Transmorgrifier","floor":4,"gold_loss":0,"cards_obtained":["TheCursedMod:Stigma"]},{"damage_healed":0,"gold_gain":0,"player_choice":"Take Wound","damage_taken":0,"relics_obtained":["Golden Idol"],"max_hp_gain":0,"max_hp_loss":0,"event_name":"Golden Idol","floor":13,"gold_loss":0,"cards_obtained":["Injury"]},{"damage_healed":0,"gold_gain":0,"player_choice":"Became a Ghost","damage_taken":0,"max_hp_gain":0,"max_hp_loss":41,"event_name":"Ghosts","floor":19,"gold_loss":0,"cards_obtained":["Ghostly","Ghostly","Ghostly","Ghostly","Ghostly"]},{"damage_healed":0,"gold_gain":0,"player_choice":"Fought Bandits","damage_taken":0,"max_hp_gain":0,"max_hp_loss":0,"event_name":"Masked Bandits","floor":21,"gold_loss":0},{"damage_healed":0,"gold_gain":0,"player_choice":"Ignored","damage_taken":0,"max_hp_gain":0,"max_hp_loss":0,"event_name":"Fountain of Cleansing","floor":28,"gold_loss":0},{"damage_healed":0,"gold_gain":0,"player_choice":"Traded Relic","damage_taken":0,"relics_obtained":["Nloth\u0027s Gift"],"max_hp_gain":0,"max_hp_loss":0,"event_name":"N\u0027loth","floor":30,"relics_lost":["Power_Wrist"],"gold_loss":0}],"is_beta":false,"boss_relics":[{"not_picked":["Snecko Eye","Black Star"],"picked":"Calling Bell"}],"items_purged_floors":[],"is_endless":false,"potions_floor_spawned":[6,10,11,18,20,23,29],"killed_by":"Automaton","ascension_level":0}}