{"host":"g5zc4ej6zn2at89o","time":1609689738,"event":{"mods":["2.2 Compatiblity","AchievementEnabler","BaseMod","Colored Map","DeckTracker","Highlight Path","KOR Keyword Fix","Keyboard Shortcuts","Minty Spire (QoL Compilation)","Permanent Neow","Quick Restart","Say the Spire","StSLib","SuperFastMode","everything is the same but u backflip on backflip"],"gold_per_floor":[115,46,57,57,68,101,101,114,137,151,177,188,207,226,226,325,325,295,41,41,41,41,41,41,41,41,41,41,41,41,41,41,41,41,41,41,41,41,41,41,41,41,41,41,41,41,41,41,41,41,41],"floor_reached":50,"playtime":3508,"items_purged":["Defend_G"],"score":617,"play_id":"3b63a7c4-3bfb-4d13-a422-cb4403d21d4f","local_time":"20210104010218","is_ascension_mode":true,"campfire_choices":[{"data":"Dash","floor":7,"key":"SMITH"},{"floor":15,"key":"REST"},{"data":"Apotheosis","floor":24,"key":"SMITH"},{"data":"Calculated Gamble","floor":27,"key":"SMITH"},{"data":"Adrenaline","floor":32,"key":"SMITH"},{"floor":40,"key":"REST"},{"floor":47,"key":"RECALL"},{"floor":49,"key":"REST"}],"circlet_count":0,"master_deck":["Strike_G","Defend_G","Survivor","Neutralize","Corpse Explosion+1","Blade Dance+1","Glass Knife+1","Deflect","Die Die Die","Acrobatics","Infinite Blades","Dash+1","Backstab","Setup","Leg Sweep","Distraction","Adrenaline+1","Footwork","Apotheosis+1","Blade Dance","Ghostly","Ghostly","Ghostly","Ghostly","Ghostly","Shame","Calculated Gamble+1","Concentrate","Outmaneuver+1","Doppelganger","Well Laid Plans","Purity","Choke","Madness","Madness","Skewer","Flechettes"],"relics":["Astrolabe","Bag of Preparation","Pen Nib","Bronze Scales","Ectoplasm","Tiny Chest","Juzu Bracelet","Pear","Fusion Hammer","Anchor","Nunchaku","Ice Cream"],"acts_visited":["Exordium","TheCity","TheBeyond"],"potions_floor_usage":[11,16,31,33,42,48,50],"damage_taken":[{"damage":3,"enemies":"2 Louse","floor":1,"turns":2},{"damage":6,"enemies":"Cultist","floor":3,"turns":3},{"damage":0,"enemies":"Jaw Worm","floor":5,"turns":2},{"damage":20,"enemies":"Lagavulin","floor":6,"turns":6},{"damage":0,"enemies":"Blue Slaver","floor":8,"turns":1},{"damage":0,"enemies":"3 Louse","floor":10,"turns":2},{"damage":12,"enemies":"3 Sentries","floor":11,"turns":3},{"damage":2,"enemies":"Looter","floor":12,"turns":2},{"damage":0,"enemies":"Lots of Slimes","floor":13,"turns":1},{"damage":0,"enemies":"Gremlin Gang","floor":14,"turns":1},{"damage":20,"enemies":"The Guardian","floor":16,"turns":8},{"damage":9,"enemies":"2 Thieves","floor":18,"turns":2},{"damage":0,"enemies":"Shell Parasite","floor":20,"turns":3},{"damage":7,"enemies":"Shelled Parasite and Fungi","floor":25,"turns":4},{"damage":4,"enemies":"Snecko","floor":31,"turns":5},{"damage":7,"enemies":"Collector","floor":33,"turns":8},{"damage":10,"enemies":"Orb Walker","floor":35,"turns":4},{"damage":2,"enemies":"3 Shapes","floor":36,"turns":2},{"damage":4,"enemies":"Sphere and 2 Shapes","floor":39,"turns":4},{"damage":3,"enemies":"Maw","floor":42,"turns":7},{"damage":1,"enemies":"Mind Bloom Boss Battle","floor":48,"turns":6},{"damage":60,"enemies":"Time Eater","floor":50,"turns":7}],"seed_played":"-1949367522768401398","potions_obtained":[{"floor":3,"key":"Ancient Potion"},{"floor":6,"key":"Dexterity Potion"},{"floor":10,"key":"Block Potion"},{"floor":12,"key":"Block Potion"},{"floor":13,"key":"FearPotion"},{"floor":14,"key":"GhostInAJar"},{"floor":18,"key":"GhostInAJar"},{"floor":33,"key":"Strength Potion"},{"floor":35,"key":"Regen Potion"}],"is_trial":false,"path_per_floor":["M","$","M","?","M","E","R","M","T","M","E","M","M","M","R","B",null,"M","$","M","?","?","?","R","M","T","R","T","?","?","M","R","B",null,"M","M","T","?","M","R","?","M","T","?","T","?","R","?","R","B"],"character_chosen":"THE_SILENT","items_purchased":["Die Die Die","Apotheosis"],"campfire_rested":3,"item_purchase_floors":[2,19],"current_hp_per_floor":[67,67,61,61,61,41,41,41,41,41,29,27,27,27,48,28,70,61,61,61,61,35,35,35,28,28,28,38,38,38,34,34,27,45,35,33,33,33,29,42,42,39,39,33,33,33,33,32,45,0,0],"gold":41,"neow_bonus":"BOSS_RELIC","is_daily":false,"chose_seed":false,"campfire_upgraded":4,"win_rate":0.0,"timestamp":1609689738,"path_taken":["M","$","M","?","?","E","R","?","T","M","E","M","M","M","R","BOSS","M","$","M","?","?","?","R","M","T","R","?","?","?","M","R","BOSS","M","M","?","?","M","R","?","M","T","?","?","?","R","?","R","BOSS"],"items_purchased_type":["Card","Card"],"build_version":"2020-12-22","purchased_purges":1,"victory":false,"max_hp_per_floor":[70,70,70,70,70,70,70,70,70,70,70,70,70,70,70,70,70,70,70,70,70,35,35,35,35,35,35,45,45,45,45,45,45,45,45,45,45,45,45,45,45,45,45,45,45,45,45,45,45,45,45],"card_choices":[{"not_picked":["Sucker Punch","PiercingWail"],"picked":"Deflect","floor":1},{"not_picked":["Dagger Spray","Dagger Throw"],"picked":"Acrobatics","floor":3},{"not_picked":["Blade Dance","Riddle With Holes"],"picked":"Dash","floor":5},{"not_picked":["Calculated Gamble","Bouncing Flask"],"picked":"Backstab","floor":6},{"not_picked":["Backflip","Flying Knee"],"picked":"Setup","floor":8},{"not_picked":["Distraction","Slice"],"picked":"Leg Sweep","floor":10},{"not_picked":["Setup","Riddle With Holes"],"picked":"Distraction","floor":11},{"not_picked":["Sucker Punch","Eviscerate","Infinite Blades"],"picked":"SKIP","floor":12},{"not_picked":["Blur","Finisher","Setup"],"picked":"SKIP","floor":13},{"not_picked":["Cloak And Dagger","Sucker Punch","Bane"],"picked":"SKIP","floor":14},{"not_picked":["Night Terror","Unload"],"picked":"Adrenaline","floor":16},{"not_picked":["Finisher","Outmaneuver"],"picked":"Footwork","floor":18},{"not_picked":["Prepared","Caltrops"],"picked":"Blade Dance","floor":20},{"not_picked":["Dagger Throw","Masterful Stab"],"picked":"Calculated Gamble","floor":25},{"not_picked":["Bouncing Flask","Dagger Spray"],"picked":"Outmaneuver+1","floor":31},{"not_picked":["A Thousand Cuts","Grand Finale"],"picked":"Doppelganger","floor":33},{"not_picked":["Endless Agony","PiercingWail+1","Infinite Blades+1"],"picked":"SKIP","floor":35},{"not_picked":["Dagger Throw+1","Blur+1"],"picked":"Well Laid Plans","floor":36},{"not_picked":["Cloak And Dagger+1","Tactician","Dash"],"picked":"SKIP","floor":39},{"not_picked":["Dagger Spray+1","Dagger Throw"],"picked":"Choke","floor":42},{"not_picked":["Dagger Spray+1","Slice"],"picked":"Flechettes","floor":48}],"player_experience":136070,"relics_obtained":[{"floor":6,"key":"Bag of Preparation"},{"floor":9,"key":"Pen Nib"},{"floor":11,"key":"Bronze Scales"},{"floor":26,"key":"Juzu Bracelet"},{"floor":28,"key":"Pear"},{"floor":43,"key":"Anchor"},{"floor":45,"key":"Nunchaku"},{"floor":48,"key":"Ice Cream"}],"event_choices":[{"damage_healed":0,"gold_gain":0,"cards_transformed":["Strike_G"],"player_choice":"Transformed","damage_taken":0,"max_hp_gain":0,"max_hp_loss":0,"event_name":"Transmorgrifier","floor":4,"gold_loss":0,"cards_obtained":["Infinite Blades"]},{"damage_healed":0,"gold_gain":0,"player_choice":"Ignored","damage_taken":0,"max_hp_gain":0,"max_hp_loss":0,"event_name":"Vampires","floor":21,"gold_loss":0},{"damage_healed":0,"gold_gain":0,"player_choice":"Became a Ghost","damage_taken":0,"max_hp_gain":0,"max_hp_loss":35,"event_name":"Ghosts","floor":22,"gold_loss":0,"cards_obtained":["Ghostly","Ghostly","Ghostly","Ghostly","Ghostly"]},{"damage_healed":0,"gold_gain":0,"player_choice":"Stole Relic","damage_taken":0,"relics_obtained":["Tiny Chest"],"max_hp_gain":0,"max_hp_loss":0,"event_name":"Addict","floor":23,"gold_loss":0,"cards_obtained":["Shame"]},{"damage_healed":0,"gold_gain":0,"cards_transformed":["Defend_G"],"player_choice":"Transformed","damage_taken":0,"max_hp_gain":0,"max_hp_loss":0,"event_name":"Transmorgrifier","floor":29,"gold_loss":0,"cards_obtained":["Concentrate"]},{"damage_healed":0,"gold_gain":100,"player_choice":"Pray","damage_taken":0,"max_hp_gain":0,"max_hp_loss":0,"event_name":"Golden Shrine","floor":30,"gold_loss":0},{"damage_healed":0,"gold_gain":0,"player_choice":"1 cards matched","damage_taken":0,"max_hp_gain":0,"max_hp_loss":0,"event_name":"Match and Keep!","floor":38,"gold_loss":0,"cards_obtained":["Purity"]},{"cards_removed":["Strike_G"],"damage_healed":0,"gold_gain":0,"player_choice":"Removed Attack","damage_taken":0,"max_hp_gain":0,"max_hp_loss":0,"event_name":"Falling","floor":41,"gold_loss":0},{"damage_healed":0,"gold_gain":0,"player_choice":"Embrace Madness","damage_taken":6,"max_hp_gain":0,"max_hp_loss":0,"event_name":"Winding Halls","floor":44,"gold_loss":0,"cards_obtained":["Madness","Madness"]},{"damage_healed":0,"gold_gain":0,"cards_transformed":["Strike_G"],"player_choice":"Transformed","damage_taken":0,"max_hp_gain":0,"max_hp_loss":0,"event_name":"Transmorgrifier","floor":46,"gold_loss":0,"cards_obtained":["Skewer"]},{"damage_healed":0,"gold_gain":0,"player_choice":"Fight","damage_taken":0,"max_hp_gain":0,"max_hp_loss":0,"event_name":"MindBloom","floor":48,"gold_loss":0}],"is_beta":false,"boss_relics":[{"not_picked":["Pandora\u0027s Box","Velvet Choker"],"picked":"Ectoplasm"},{"not_picked":["Tiny House","Sozu"],"picked":"Fusion Hammer"}],"items_purged_floors":[19],"is_endless":false,"potions_floor_spawned":[3,6,10,12,13,14,18,33,35,39],"killed_by":"Time Eater","ascension_level":4}}