{"host":"1cd1aqaox6jesai3","time":1609705769,"event":{"mods":["Act Like it!","Arknights The Spire","Astrologer","Bartender","BaseMod","Colored Powertips","Downfall","Googly Eyes","Hallownest","Infinite Spire","Mimic Mod","Minty Spire (QoL Compilation)","Replay The Spire","StSLib","The Bug Knight","The Construct","The Factory"],"gold_per_floor":[118,130,130,80,97,130,130,130,130,169,186,214,214,234,234,337,337,361,365,365,383,65,65,112,135,158,173,201,245,257,271,283,400,412,442,0,37,70,82,94,146,191,203,254,266,316,328,350,362,386],"floor_reached":51,"playtime":2402,"items_purged":[],"score":925,"play_id":"66b071dd-879e-4aa3-b293-1f29897713fe","local_time":"20210103152929","is_ascension_mode":true,"campfire_choices":[{"data":"ats:Armor Crushing Shot","floor":7,"key":"SMITH"},{"floor":15,"key":"DIG"},{"data":"Replay:SS_fish_2","floor":23,"key":"SMITH"},{"data":"ats:Revitalization","floor":30,"key":"SMITH"},{"floor":32,"key":"REST"},{"data":"infinitespire:Execution","floor":40,"key":"SMITH"},{"data":"ats:Mental Burst","floor":45,"key":"SMITH"},{"data":"ats:Wolf Pack","floor":49,"key":"SMITH"}],"circlet_count":0,"master_deck":["ats:Strike C","ats:Strike G","ats:Strike S","ats:Strike V","ats:Armor Crushing Shot+1","ats:Defend","ats:Defend","ats:Defend","ats:Defend","ats:Emotion Absorption","ats:Mental Burst+1","ats:Poison Spread","ats:Burning Ground","ats:Apocalypse+1","ats:Ignite","ats:Wolf Pack+1","ats:Ignite","Replay:SS_fish_2+1","ats:Demon Strength+1","ats:Apocalypse+1","ats:Very Hot Blade+1","ats:Demon Strength","ats:Revitalization+1","infinitespire:Execution+1","ats:Apocalypse+1","ats:Revitalization+1","ats:Soul Absorption+1","ats:Healing Drone+1","ats:Revitalization+1","ats:Demon Strength+1","ats:Sunburst"],"relics":["ats:Sanity","NeowsBlessing","Peace Pipe","ats:Originium","Replay:Rubber Ducky","infinitespire:Midas Blood","Replay:Bottled Flurry","Gremlin Food","Replay:Bronze Core","Black Star","infinitespire:Golems Mask","Membership Card","Lizard Tail","Meat on the Bone","Replay:WaspNest","Bag of Preparation","infinitespire:BottledMercury","MawBank","ats:Tactical Delivery","Red Mask","ReplayTheSpireMod:Ring of Collecting","Ring of Chaos","infinitespire:Satchel","Blood Vial","ats:Bonebreaker","Ring of Peace","Shuriken","Divine Protection","Orichalcum","White Beast Statue"],"acts_visited":["Exordium","TheCity","TheBeyond"],"potions_floor_usage":[11,14,16,16,24,33,35,44],"damage_taken":[{"damage":0,"enemies":"Jaw Worm","floor":1,"turns":1},{"damage":0,"enemies":"2 Louse","floor":2,"turns":2},{"damage":0,"enemies":"Small Slimes","floor":5,"turns":1},{"damage":14,"enemies":"Gremlin Nob","floor":6,"turns":3},{"damage":21,"enemies":"Lagavulin","floor":10,"turns":5},{"damage":5,"enemies":"3 Louse","floor":11,"turns":2},{"damage":22,"enemies":"Gremlin Gang","floor":12,"turns":3},{"damage":2,"enemies":"Looter","floor":14,"turns":2},{"damage":3,"enemies":"Slime Boss","floor":16,"turns":7},{"damage":25,"enemies":"Shell Parasite","floor":18,"turns":6},{"damage":13,"enemies":"Chosen","floor":21,"turns":7},{"damage":52,"enemies":"Book of Stabbing","floor":24,"turns":6},{"damage":16,"enemies":"Snake Plant","floor":25,"turns":4},{"damage":9,"enemies":"Shelled Parasite and Fungi","floor":27,"turns":3},{"damage":43,"enemies":"Sentry and Sphere","floor":28,"turns":5},{"damage":54,"enemies":"Gremlin Leader","floor":29,"turns":6},{"damage":35,"enemies":"Champ","floor":33,"turns":5},{"damage":20,"enemies":"3 Darklings","floor":35,"turns":3},{"damage":28,"enemies":"Orb Walker","floor":37,"turns":4},{"damage":53,"enemies":"Jaw Worm Horde","floor":38,"turns":5},{"damage":43,"enemies":"Giant Head","floor":41,"turns":7},{"damage":45,"enemies":"Sphere and 2 Shapes","floor":42,"turns":4},{"damage":99,"enemies":"Reptomancer","floor":44,"turns":6},{"damage":24,"enemies":"Nemesis","floor":46,"turns":6},{"damage":0,"enemies":"3 Darklings","floor":48,"turns":5},{"damage":90,"enemies":"Awakened One","floor":50,"turns":9}],"seed_played":"-2073868159383180533","potions_obtained":[{"floor":5,"key":"PowerPotion"},{"floor":10,"key":"Explosive Potion"},{"floor":12,"key":"Swift Potion"},{"floor":14,"key":"Explosive Potion"},{"floor":18,"key":"AttackPotion"},{"floor":28,"key":"CultistPotion"},{"floor":29,"key":"Fire Potion"},{"floor":37,"key":"Swift Potion"},{"floor":42,"key":"EssenceOfSteel"},{"floor":46,"key":"Adrenaline Potion"},{"floor":48,"key":"Swift Potion"}],"is_trial":false,"path_per_floor":["M","M","?","?","M","E","R","?","T","E","M","M","?","M","R","B",null,"M","?","AVR","M","$","R","E","M","T","M","M","E","R","?","R","B",null,"M","?","M","M","?","R","E","M","T","E","R","E","?","M","R","B",null],"character_chosen":"DOCTOR_CLASS","items_purchased":["Membership Card","ats:Apocalypse+1","Lizard Tail"],"campfire_rested":1,"item_purchase_floors":[22,22,22],"current_hp_per_floor":[72,72,72,72,72,58,58,58,58,37,32,10,10,13,13,22,72,47,35,35,40,40,40,12,32,32,40,38,25,25,8,29,35,72,64,64,52,43,43,43,42,39,39,45,45,57,57,72,72,36],"gold":398,"neow_bonus":"THREE_ENEMY_KILL","is_daily":false,"chose_seed":false,"campfire_upgraded":6,"win_rate":0.0,"timestamp":1609705769,"path_taken":["M","M","?","?","M","E","R","?","T","E","M","M","?","M","R","BOSS","M","?","AVR","M","$","R","E","M","T","M","?","E","R","?","R","BOSS","M","?","M","M","?","R","E","M","T","E","R","E","?","M","R","BOSS"],"items_purchased_type":["Relic","Card","Relic"],"build_version":"2020-12-22","purchased_purges":0,"victory":true,"max_hp_per_floor":[72,72,72,72,72,72,72,72,72,72,72,72,72,72,72,72,72,72,72,72,72,72,72,72,72,72,72,72,72,72,72,72,72,72,72,72,72,72,72,72,72,72,72,72,72,72,72,72,72,72],"card_choices":[{"not_picked":["ats:Leaping Hammer","ats:LN2 Cannon"],"picked":"ats:Mental Burst","floor":1},{"not_picked":["ats:Chain Hook","ats:Explosion Area Strengthen","ats:Hammer On"],"picked":"SKIP","floor":2},{"not_picked":["ats:Assault Order","ats:Hook Shot"],"picked":"ats:Poison Spread","floor":5},{"not_picked":["ats:Powerful Strike","ats:Assault Order","ats:Explosion Area Strengthen"],"picked":"SKIP","floor":6},{"not_picked":["ats:Rat Pack","ats:Disruption Kick","ats:Directed Diagnosis"],"picked":"SKIP","floor":10},{"not_picked":["ats:Consecutive Shot Auto","ats:Cat Scratch"],"picked":"ats:Burning Ground","floor":11},{"not_picked":["ats:Flexible Camouflage","ats:Shell Defense"],"picked":"ats:Apocalypse","floor":12},{"not_picked":["ats:Overload","ats:Leaping Hammer"],"picked":"ats:Ignite","floor":14},{"not_picked":["ats:Disruption Kick","ats:True Silver Slash"],"picked":"ats:Wolf Pack","floor":16},{"not_picked":["ats:Flexible Camouflage","ats:Defend Order"],"picked":"ats:Ignite","floor":18},{"not_picked":["ats:Powerful Strike","ats:Thermite Blade"],"picked":"ats:Demon Strength","floor":21},{"not_picked":["ats:Hammer On","ats:Defend Order"],"picked":"ats:Very Hot Blade+1","floor":24},{"not_picked":["ats:Poison Spread","ats:Nebulous Foxfire"],"picked":"ats:Demon Strength","floor":25},{"not_picked":["ats:Poison Spread","ats:Assault Order","ats:Shell Defense"],"picked":"SKIP","floor":27},{"not_picked":["ats:Curse Doll","ats:Shell Defense","ats:Hammer On"],"picked":"SKIP","floor":28},{"not_picked":["ats:Assault Order","ats:Red Shift"],"picked":"ats:Revitalization","floor":29},{"not_picked":["Replay:Fractal Strike","infinitespire:FutureSight"],"picked":"infinitespire:Execution","floor":31},{"not_picked":["ats:Closed Bolt Burst Fire","ats:Explosion Area Strengthen+1"],"picked":"ats:Apocalypse+1","floor":35},{"not_picked":["ats:Cat Scratch","ats:Assault Order+1"],"picked":"ats:Revitalization+1","floor":37},{"not_picked":["ats:Blood Oath","ats:Consecutive Shot Auto+1"],"picked":"ats:Soul Absorption+1","floor":38},{"not_picked":["ats:Hammer On+1","ats:Nebulous Foxfire","ats:Cat Scratch+1"],"picked":"SKIP","floor":41},{"not_picked":["ats:Automatic Cover+1","ats:Powerful Strike"],"picked":"ats:Healing Drone+1","floor":42},{"not_picked":["ats:Powerful Strike+1","ats:Flexible Camouflage+1"],"picked":"ats:Revitalization+1","floor":44},{"not_picked":["ats:Consecutive Shot Auto","ats:Explosion Area Strengthen+1"],"picked":"ats:Demon Strength+1","floor":46},{"not_picked":["ats:Poison Spread","ats:Powerful Strike"],"picked":"ats:Sunburst","floor":48}],"player_experience":161553,"relics_obtained":[{"floor":6,"key":"ats:Originium"},{"floor":6,"key":"Replay:Rubber Ducky"},{"floor":9,"key":"infinitespire:Midas Blood"},{"floor":10,"key":"ats:Originium"},{"floor":10,"key":"Replay:Bottled Flurry"},{"floor":15,"key":"Gremlin Food"},{"floor":24,"key":"ats:Originium"},{"floor":24,"key":"Meat on the Bone"},{"floor":24,"key":"Replay:WaspNest"},{"floor":26,"key":"Bag of Preparation"},{"floor":29,"key":"infinitespire:BottledMercury"},{"floor":29,"key":"MawBank"},{"floor":39,"key":"ReplayTheSpireMod:Ring of Collecting"},{"floor":39,"key":"Ring of Chaos"},{"floor":41,"key":"infinitespire:Satchel"},{"floor":41,"key":"Blood Vial"},{"floor":43,"key":"ats:Bonebreaker"},{"floor":43,"key":"Ring of Peace"},{"floor":44,"key":"Shuriken"},{"floor":44,"key":"Divine Protection"},{"floor":46,"key":"Orichalcum"},{"floor":46,"key":"White Beast Statue"}],"event_choices":[{"damage_healed":0,"gold_gain":0,"player_choice":"Box","damage_taken":0,"relics_obtained":["Peace Pipe"],"max_hp_gain":0,"max_hp_loss":0,"event_name":"Big Fish","floor":3,"gold_loss":0,"cards_obtained":["Regret"]},{"cards_removed":["Regret"],"damage_healed":0,"gold_gain":0,"player_choice":"Card Removal","damage_taken":0,"max_hp_gain":0,"max_hp_loss":0,"event_name":"The Cleric","floor":4,"gold_loss":50},{"damage_healed":0,"gold_gain":0,"player_choice":"Ignored","damage_taken":0,"max_hp_gain":0,"max_hp_loss":0,"event_name":"Golden Wing","floor":8,"gold_loss":0},{"damage_healed":0,"gold_gain":0,"player_choice":"Grow","damage_taken":0,"max_hp_gain":0,"max_hp_loss":0,"event_name":"Living Wall","floor":13,"gold_loss":0,"cards_upgraded":["ats:Apocalypse"]},{"damage_healed":0,"gold_gain":0,"player_choice":"CARD ","damage_taken":12,"max_hp_gain":0,"max_hp_loss":0,"event_name":"Knowing Skull","floor":19,"potions_obtained":[],"gold_loss":0,"cards_obtained":["Replay:SS_fish_2"]},{"damage_healed":0,"gold_gain":0,"player_choice":"Paid","damage_taken":0,"relics_obtained":["Red Mask"],"max_hp_gain":0,"max_hp_loss":0,"event_name":"Tomb of Lord Red Mask","floor":36,"gold_loss":454},{"cards_removed":["Replay:UnknownCurse"],"damage_healed":0,"gold_gain":0,"player_choice":"Purged","damage_taken":0,"max_hp_gain":0,"max_hp_loss":0,"event_name":"Purifier","floor":47,"gold_loss":0}],"is_beta":false,"boss_relics":[{"not_picked":["Velvet Choker","SacredBark"],"picked":"Replay:Bronze Core"},{"not_picked":["Cursed Key","Runic Pyramid"],"picked":"ats:Tactical Delivery"}],"items_purged_floors":[],"is_endless":false,"potions_floor_spawned":[5,10,12,14,18,21,28,29,37,42,46,48],"ascension_level":1}}