{"host":"8z6cx8b9r5qs18cp","time":1609713064,"event":{"mods":["AchievementEnabler","Act Like it!","Bard","BaseMod","GifTheSpireLib","Googly Eyes","Hermit","Hubris","Infinite Spire","Marked Mod","Minty Spire (QoL Compilation)","Permanent Neow","Rare Cards Sparkle","Relic Stats","Replay The Spire","StSLib","Stuff the Spire","The Animator","The Bug Knight","The Cursed","The Servant 0.9.4"],"gold_per_floor":[115,115,17,33,47,79,79,112,162,192,212,212,230,260,260,260,260],"floor_reached":16,"playtime":1413,"items_purged":[],"score":143,"play_id":"32448411-ee5f-4f59-8d31-5e1fddc6ef2a","local_time":"20210103163104","is_ascension_mode":true,"campfire_choices":[{"floor":7,"key":"REST"},{"floor":15,"key":"REST"}],"circlet_count":0,"master_deck":["Strike_G","Strike_G","Strike_G","Strike_G","Strike_G","Defend_G","Defend_G","Defend_G","Defend_G","Defend_G","Survivor","Neutralize","Poisoned Stab","Accuracy","Sucker Punch","Deadly Poison","Poisoned Stab","Hidden Blade","Poisoned Stab","Pot Of Greed","Pot Of Greed","Deadly Poison","Deflect","ReplayTheSpireMod:Necrosis"],"relics":["Runic Pyramid","Art of War","StuffTheSpire:HeavyRock","Grinning Jar","hubris:FunFungus","StuffTheSpire:Experiment12"],"acts_visited":["Exordium"],"potions_floor_usage":[10,10,14,16],"damage_taken":[{"damage":0,"enemies":"Small Slimes","floor":1,"turns":4},{"damage":1,"enemies":"Cultist","floor":4,"turns":4},{"damage":8,"enemies":"2 Louse","floor":5,"turns":3},{"damage":23,"enemies":"3 Sentries","floor":6,"turns":9},{"damage":14,"enemies":"Lagavulin","floor":8,"turns":6},{"damage":23,"enemies":"3 Sentries","floor":10,"turns":9},{"damage":0,"enemies":"2 Fungi Beasts","floor":11,"turns":4},{"damage":17,"enemies":"Lots of Slimes","floor":13,"turns":5},{"damage":1,"enemies":"Gremlin Nob","floor":14,"turns":4},{"damage":69,"enemies":"Fading Forest","floor":16,"turns":9}],"seed_played":"2575546794158250900","potions_obtained":[{"floor":2,"key":"LiquidMemories"},{"floor":2,"key":"Venom Potion"},{"floor":2,"key":"SmokeBomb"},{"floor":8,"key":"Regen Potion"},{"floor":10,"key":"Poison Potion"},{"floor":13,"key":"Doom Potion"}],"is_trial":false,"path_per_floor":["M","?","$","M","M","E","R","E","T","E","M","?","M","E","R","B"],"character_chosen":"THE_SILENT","items_purchased":["Accuracy","Sucker Punch"],"campfire_rested":2,"item_purchase_floors":[3,3],"current_hp_per_floor":[70,70,70,69,61,38,59,45,45,37,38,53,36,35,56,0,0],"gold":260,"neow_bonus":"BOSS_RELIC","is_daily":false,"chose_seed":false,"campfire_upgraded":0,"win_rate":0.0,"timestamp":1609713064,"path_taken":["M","?","?","M","M","E","R","E","T","E","M","?","M","E","R","BOSS"],"items_purchased_type":["Card","Card"],"build_version":"2020-12-22","purchased_purges":0,"victory":false,"max_hp_per_floor":[70,70,70,70,70,70,70,70,70,70,70,70,70,70,70,70,70],"relic_stats":{"counters":[10,57],"Art of War":[7],"obtain_stats":[{"StuffTheSpire:Experiment12":14,"StuffTheSpire:HeavyRock":8,"hubris:FunFungus":10,"Art of War":6,"Grinning Jar":9,"Ring of the Snake":0,"Runic Pyramid":0},{"StuffTheSpire:Experiment12":9,"StuffTheSpire:HeavyRock":5,"hubris:FunFungus":6,"Art of War":4,"Grinning Jar":5,"Ring of the Snake":0,"Runic Pyramid":0},{"StuffTheSpire:Experiment12":48,"StuffTheSpire:HeavyRock":26,"hubris:FunFungus":35,"Art of War":20,"Grinning Jar":26,"Ring of the Snake":0,"Runic Pyramid":0}]},"card_choices":[{"not_picked":["Deflect","Finisher"],"picked":"Poisoned Stab","floor":1},{"not_picked":["ReplayTheSpireMod:Tripwire","Sucker Punch"],"picked":"Deadly Poison","floor":4},{"not_picked":["Deadly Poison","Skewer"],"picked":"Poisoned Stab","floor":5},{"not_picked":["Predator","Caltrops"],"picked":"Hidden Blade","floor":6},{"not_picked":["Skewer","Heel Hook"],"picked":"Poisoned Stab","floor":8},{"not_picked":["Toxin Wave","Heel Hook"],"picked":"Deadly Poison","floor":10},{"not_picked":["Setup","hubris:SlightOfHand","Underhanded Strike"],"picked":"SKIP","floor":11},{"not_picked":["StuffTheSpire:BrimstoneBlast","Slice"],"picked":"Deflect","floor":13},{"not_picked":["StuffTheSpire:Sprint","Wraith Form v2"],"picked":"ReplayTheSpireMod:Necrosis","floor":14}],"player_experience":192840,"relics_obtained":[{"floor":6,"key":"Art of War"},{"floor":8,"key":"StuffTheSpire:HeavyRock"},{"floor":9,"key":"Grinning Jar"},{"floor":10,"key":"hubris:FunFungus"},{"floor":14,"key":"StuffTheSpire:Experiment12"}],"event_choices":[{"damage_healed":0,"gold_gain":0,"player_choice":"Got Potions","damage_taken":0,"max_hp_gain":0,"max_hp_loss":0,"event_name":"Lab","floor":2,"gold_loss":0}],"is_beta":false,"boss_relics":[],"items_purged_floors":[],"is_endless":false,"potions_floor_spawned":[4,6,8,10,13],"killed_by":"Fading Forest","ascension_level":2}}