{"host":"9b7hrp48q3pna783","time":1609690927,"event":{"mods":["BaseMod","Colored Map","Colored Powertips","Highlight Path","Minty Spire (QoL Compilation)","Relic Stats"],"gold_per_floor":[115,65,79,79,89,117,131,144,144,163,182,202,202,218,218,218,218],"floor_reached":16,"playtime":968,"items_purged":[],"score":113,"play_id":"fd277f84-700c-4b19-9f08-21c2e06ffaac","local_time":"20210103112207","is_ascension_mode":true,"campfire_choices":[{"data":"Burning Pact","floor":13,"key":"SMITH"},{"data":"True Grit","floor":15,"key":"SMITH"}],"circlet_count":0,"master_deck":["Strike_R","Strike_R","Strike_R","Strike_R","Defend_R","Defend_R","Defend_R","Defend_R","Bash","True Grit+1","Twin Strike","Pommel Strike","Rampage","Dropkick","Anger","Burning Pact+1","True Grit+1"],"relics":["Burning Blood","Bottled Lightning","Eternal Feather"],"acts_visited":["Exordium"],"potions_floor_usage":[5,6,12,16],"damage_taken":[{"damage":0,"enemies":"2 Louse","floor":1,"turns":4},{"damage":0,"enemies":"Small Slimes","floor":3,"turns":3},{"damage":0,"enemies":"Cultist","floor":5,"turns":4},{"damage":36,"enemies":"3 Sentries","floor":6,"turns":12},{"damage":0,"enemies":"Blue Slaver","floor":7,"turns":7},{"damage":2,"enemies":"Large Slime","floor":8,"turns":5},{"damage":10,"enemies":"Looter","floor":10,"turns":3},{"damage":4,"enemies":"2 Fungi Beasts","floor":11,"turns":3},{"damage":14,"enemies":"Exordium Thugs","floor":12,"turns":4},{"damage":5,"enemies":"3 Louse","floor":14,"turns":3},{"damage":79,"enemies":"Hexaghost","floor":16,"turns":14}],"seed_played":"4761976782824364444","potions_obtained":[{"floor":1,"key":"Block Potion"},{"floor":3,"key":"DistilledChaos"},{"floor":6,"key":"Swift Potion"},{"floor":12,"key":"SkillPotion"}],"is_trial":false,"path_per_floor":["M","?","M","?","M","E","M","M","T","M","M","M","R","M","R","B"],"character_chosen":"IRONCLAD","items_purchased":[],"campfire_rested":0,"item_purchase_floors":[],"current_hp_per_floor":[88,88,88,88,88,58,64,68,68,64,66,58,67,68,77,0,0],"gold":218,"neow_bonus":"TEN_PERCENT_HP_BONUS","is_daily":false,"chose_seed":false,"campfire_upgraded":2,"win_rate":0.0,"timestamp":1609690927,"path_taken":["M","?","M","?","M","E","M","M","T","M","M","M","R","M","R","BOSS"],"items_purchased_type":[],"build_version":"2020-12-22","purchased_purges":0,"victory":false,"max_hp_per_floor":[88,88,88,88,88,88,88,88,88,88,88,88,88,88,88,88,88],"relic_stats":{"counters":[11,62],"Eternal Feather":18,"obtain_stats":[{"Eternal Feather":9,"Bottled Lightning":6,"Burning Blood":0},{"Eternal Feather":6,"Bottled Lightning":4,"Burning Blood":0},{"Eternal Feather":35,"Bottled Lightning":23,"Burning Blood":0}],"Burning Blood":42},"card_choices":[{"not_picked":["Feel No Pain","Inflame"],"picked":"True Grit","floor":1},{"not_picked":["Dark Embrace","Clothesline"],"picked":"Twin Strike","floor":3},{"not_picked":["Blood for Blood","Body Slam","Perfected Strike"],"picked":"SKIP","floor":5},{"not_picked":["Juggernaut","Infernal Blade"],"picked":"Pommel Strike","floor":6},{"not_picked":["Headbutt","Seeing Red","Disarm"],"picked":"SKIP","floor":7},{"not_picked":["Intimidate","Heavy Blade"],"picked":"Rampage","floor":8},{"not_picked":["Bloodletting","Dark Embrace"],"picked":"Dropkick","floor":10},{"not_picked":["Iron Wave","Burning Pact"],"picked":"Anger","floor":11},{"not_picked":["Dual Wield","Hemokinesis"],"picked":"Burning Pact","floor":12},{"not_picked":["Twin Strike","Anger"],"picked":"True Grit","floor":14}],"player_experience":51656,"relics_obtained":[{"floor":6,"key":"Bottled Lightning"},{"floor":9,"key":"Eternal Feather"}],"event_choices":[{"cards_removed":["Strike_R"],"damage_healed":0,"gold_gain":0,"player_choice":"Card Removal","damage_taken":0,"max_hp_gain":0,"max_hp_loss":0,"event_name":"The Cleric","floor":2,"gold_loss":50},{"damage_healed":0,"gold_gain":0,"player_choice":"Forge","damage_taken":0,"max_hp_gain":0,"max_hp_loss":0,"event_name":"Accursed Blacksmith","floor":4,"gold_loss":0,"cards_upgraded":["True Grit"]}],"is_beta":false,"boss_relics":[],"items_purged_floors":[],"is_endless":false,"potions_floor_spawned":[1,3,6,12],"killed_by":"Hexaghost","ascension_level":1}}