{"host":"6wux4armhsntp4yb","time":1609696405,"event":{"mods":["BaseMod","Colored Map","DeckTracker","Minty Spire (QoL Compilation)","Relic Stats"],"gold_per_floor":[116,116,86,105,5,32,45,74,74,74,92,102,114,128,128,128,128],"floor_reached":16,"playtime":639,"items_purged":["Strike_G"],"score":278,"play_id":"2a957748-de97-41be-bade-b7a259a1f735","local_time":"20210104025325","is_ascension_mode":true,"campfire_choices":[{"data":"Noxious Fumes","floor":10,"key":"SMITH"},{"data":"Neutralize","floor":15,"key":"SMITH"}],"circlet_count":0,"master_deck":["AscendersBane","Strike_G","Strike_G","Strike_G","Strike_G","Defend_G","Defend_G","Defend_G","Defend_G","Defend_G","Survivor","Neutralize+1","Noxious Fumes+1","Skewer","PiercingWail","PiercingWail","Dagger Throw","Escape Plan","Reflex","Tactician","Venomology","Dagger Throw"],"relics":["Ring of the Snake","NeowsBlessing","Torii","Frozen Egg 2","Darkstone Periapt","The Courier"],"acts_visited":["Exordium"],"potions_floor_usage":[8,8,16,16],"damage_taken":[{"damage":0,"enemies":"Jaw Worm","floor":1,"turns":1},{"damage":0,"enemies":"Small Slimes","floor":4,"turns":1},{"damage":0,"enemies":"3 Sentries","floor":6,"turns":2},{"damage":1,"enemies":"Cultist","floor":7,"turns":4},{"damage":34,"enemies":"Gremlin Nob","floor":8,"turns":4},{"damage":1,"enemies":"Lots of Slimes","floor":11,"turns":4},{"damage":0,"enemies":"3 Louse","floor":12,"turns":4},{"damage":3,"enemies":"Red Slaver","floor":13,"turns":5},{"damage":1,"enemies":"Looter","floor":14,"turns":4},{"damage":16,"enemies":"Hexaghost","floor":16,"turns":9}],"seed_played":"-5508327086127537448","potions_obtained":[{"floor":3,"key":"SmokeBomb"},{"floor":3,"key":"SkillPotion"},{"floor":4,"key":"BlessingOfTheForge"},{"floor":6,"key":"ColorlessPotion"},{"floor":11,"key":"FearPotion"}],"is_trial":false,"path_per_floor":["M","?","?","M","$","E","M","E","T","R","M","M","M","M","R","B"],"character_chosen":"THE_SILENT","items_purchased":["PiercingWail"],"campfire_rested":0,"item_purchase_floors":[5],"current_hp_per_floor":[59,54,54,54,54,54,53,19,19,19,18,18,15,14,14,0,0],"gold":128,"neow_bonus":"THREE_ENEMY_KILL","is_daily":false,"chose_seed":false,"campfire_upgraded":2,"win_rate":0.0,"timestamp":1609696405,"path_taken":["M","?","?","M","$","E","M","E","T","R","M","M","M","?","R","BOSS"],"items_purchased_type":["Card"],"build_version":"2020-12-22","purchased_purges":1,"victory":false,"max_hp_per_floor":[66,66,66,66,66,66,66,66,66,66,66,66,66,66,66,66,66],"relic_stats":{"Darkstone Periapt":0,"Torii":19,"counters":[10,38],"obtain_stats":[{"Darkstone Periapt":8,"NeowsBlessing":0,"Torii":2,"The Courier":9,"Frozen Egg 2":6,"Ring of the Snake":0},{"Darkstone Periapt":5,"NeowsBlessing":0,"Torii":1,"The Courier":5,"Frozen Egg 2":3,"Ring of the Snake":0},{"Darkstone Periapt":12,"NeowsBlessing":0,"Torii":1,"The Courier":12,"Frozen Egg 2":4,"Ring of the Snake":0}],"Ring of the Snake":[20]},"card_choices":[{"not_picked":["Underhanded Strike","Finisher"],"picked":"Noxious Fumes","floor":1},{"not_picked":["Flechettes","Concentrate"],"picked":"Skewer","floor":4},{"not_picked":["Prepared","Quick Slash"],"picked":"PiercingWail","floor":6},{"not_picked":["Concentrate","Reflex"],"picked":"Dagger Throw","floor":7},{"not_picked":["Outmaneuver","Sucker Punch"],"picked":"Escape Plan","floor":8},{"not_picked":["Quick Slash","Choke"],"picked":"Reflex","floor":11},{"not_picked":["Poisoned Stab","Infinite Blades+1"],"picked":"Tactician","floor":12},{"not_picked":["Acrobatics","Cloak And Dagger"],"picked":"Venomology","floor":13},{"not_picked":["Cloak And Dagger","Deflect"],"picked":"Dagger Throw","floor":14}],"player_experience":5729942,"relics_obtained":[{"floor":6,"key":"Frozen Egg 2"},{"floor":8,"key":"Darkstone Periapt"},{"floor":9,"key":"The Courier"}],"event_choices":[{"damage_healed":0,"gold_gain":0,"player_choice":"Success","damage_taken":5,"relics_obtained":["Torii"],"max_hp_gain":0,"max_hp_loss":0,"event_name":"Scrap Ooze","floor":2,"gold_loss":0},{"damage_healed":0,"gold_gain":0,"player_choice":"Bought 2 Potions","damage_taken":0,"max_hp_gain":0,"max_hp_loss":0,"event_name":"The Woman in Blue","floor":3,"gold_loss":0}],"is_beta":false,"boss_relics":[],"items_purged_floors":[5],"is_endless":false,"potions_floor_spawned":[4,6,7,11],"killed_by":"Hexaghost","ascension_level":20}}