{"host":"dpbezu80jg8zk7un","time":1609707733,"event":{"mods":["BaseMod","Colored Map","Colored Powertips","Custom Start","DeckTracker","Minty Spire (QoL Compilation)","Quick Restart","StSLib","SuperFastMode"],"gold_per_floor":[117,129,142,442,442,442,461,461,461,486,243,271,283,317,317,317,317],"floor_reached":16,"playtime":309,"items_purged":["Strike_P"],"score":240,"play_id":"af1963a0-cdd0-499e-aee2-271710a2a013","local_time":"20210104060213","is_ascension_mode":true,"campfire_choices":[{"data":"FollowUp","floor":6.0,"key":"SMITH"},{"floor":8.0,"key":"REST"},{"floor":15.0,"key":"REST"}],"circlet_count":0,"master_deck":["AscendersBane","Strike_P+1","Strike_P+1","Strike_P","Defend_P","Defend_P","Defend_P","Defend_P","Eruption+1","Vigilance","FollowUp+1","FlurryOfBlows","SandsOfTime","CrushJoints","Tantrum","FearNoEvil"],"relics":["PureWater","NeowsBlessing","Old Coin","Girya","Whetstone","Happy Flower","Potion Belt","Pocketwatch"],"acts_visited":["Exordium"],"potions_floor_usage":[],"damage_taken":[{"damage":0.0,"enemies":"Cultist","floor":1.0,"turns":1.0},{"damage":0.0,"enemies":"Jaw Worm","floor":2.0,"turns":1.0},{"damage":0.0,"enemies":"Small Slimes","floor":3.0,"turns":1.0},{"damage":11.0,"enemies":"Red Slaver","floor":7.0,"turns":4.0},{"damage":29.0,"enemies":"3 Sentries","floor":10.0,"turns":8.0},{"damage":5.0,"enemies":"Lagavulin","floor":12.0,"turns":3.0},{"damage":7.0,"enemies":"Lots of Slimes","floor":13.0,"turns":3.0},{"damage":2.0,"enemies":"3 Sentries","floor":14.0,"turns":3.0},{"damage":23,"enemies":"The Guardian","floor":16,"turns":6}],"seed_played":"2861554821092989898","potions_obtained":[{"floor":1.0,"key":"FearPotion"},{"floor":7.0,"key":"Dexterity Potion"}],"is_trial":false,"path_per_floor":["M","M","M","?","?","R","M","R","T","E","$","E","M","E","R","B"],"character_chosen":"WATCHER","items_purchased":["Happy Flower"],"campfire_rested":2,"item_purchase_floors":[11],"current_hp_per_floor":[61,61,61,35,35,35,24,44,44,15,15,10,3,1,21,0,0],"gold":317,"neow_bonus":"THREE_ENEMY_KILL","is_daily":false,"chose_seed":false,"campfire_upgraded":1,"win_rate":0.0,"timestamp":1609707733,"path_taken":["M","M","?","?","?","R","?","R","T","E","$","E","?","E","R","BOSS"],"items_purchased_type":["Relic"],"build_version":"2020-12-22","purchased_purges":1,"victory":false,"max_hp_per_floor":[68,68,68,68,68,68,68,68,68,68,68,68,68,68,68,68,68],"card_choices":[{"not_picked":["Nirvana","Consecrate","JustLucky"],"picked":"SKIP","floor":1.0},{"not_picked":["Wireheading","CutThroughFate"],"picked":"FollowUp","floor":2.0},{"not_picked":["WaveOfTheHand","Wish"],"picked":"FlurryOfBlows","floor":3.0},{"not_picked":["Halt","ThirdEye"],"picked":"SandsOfTime","floor":7.0},{"not_picked":["FlyingSleeves","SashWhip"],"picked":"CrushJoints","floor":10.0},{"not_picked":["FollowUp","Consecrate","Crescendo"],"picked":"SKIP","floor":12.0},{"not_picked":["Weave","ForeignInfluence"],"picked":"Tantrum","floor":13.0},{"not_picked":["EmptyBody","EmptyFist"],"picked":"FearNoEvil","floor":14.0}],"player_experience":2821242,"relics_obtained":[{"floor":9.0,"key":"Girya"},{"floor":10.0,"key":"Whetstone"},{"floor":12.0,"key":"Potion Belt"},{"floor":14.0,"key":"Pocketwatch"}],"event_choices":[{"damage_healed":0.0,"max_hp_gain":0.0,"max_hp_loss":0.0,"gold_gain":0.0,"event_name":"Scrap Ooze","player_choice":"Success","floor":4.0,"gold_loss":0.0,"damage_taken":26.0,"relics_obtained":["Old Coin"]},{"damage_healed":0.0,"max_hp_gain":0.0,"max_hp_loss":0.0,"gold_gain":0.0,"event_name":"Upgrade Shrine","player_choice":"Upgraded","floor":5.0,"gold_loss":0.0,"damage_taken":0.0,"cards_upgraded":["Eruption"]}],"is_beta":false,"boss_relics":[],"items_purged_floors":[11],"is_endless":false,"potions_floor_spawned":[1,7],"killed_by":"The Guardian","ascension_level":20}}