{"host":"jwbw4f4imxd0v0b0","time":1609647378,"event":{"mods":["BaseMod","Colored Map","Highlight Path","Minty Spire (QoL Compilation)","Relic Stats","StSLib"],"gold_per_floor":[119,119,135,153,153,185,204,204,204,204,224,189,217,237,237,314,314,330,330,330,330,342,342,37,87,159,170,190,190,13,25,25,101,101,118,78,90,101,114,143,143,154,154,154,172,172,172,2,2,2,2],"floor_reached":52,"playtime":6712,"items_purged":[],"score":1803,"play_id":"3decf982-d50a-41c0-8229-de8e9f28049f","local_time":"20210102221618","is_ascension_mode":true,"campfire_choices":[{"data":"Armaments","floor":8.0,"key":"SMITH"},{"data":"Metallicize","floor":10.0,"key":"SMITH"},{"data":"Juggernaut","floor":15.0,"key":"SMITH"},{"data":"Whirlwind","floor":29.0,"key":"SMITH"},{"data":"Barricade","floor":32.0,"key":"SMITH"},{"data":"Entrench","floor":41,"key":"SMITH"},{"data":"Burning Pact","floor":44,"key":"SMITH"},{"data":"Shrug It Off","floor":47,"key":"SMITH"},{"data":"Juggernaut","floor":49,"key":"SMITH"}],"circlet_count":0,"master_deck":["AscendersBane","Defend_R","Defend_R","Defend_R","Defend_R","Bash+1","Metallicize+1","Clothesline","Armaments+1","Juggernaut+1","Whirlwind+1","Barricade+1","Bite","Bite","Bite","Bite","Infernal Blade+1","Shrug It Off+1","Parasite","Shrug It Off+1","Burning Pact+1","Juggernaut+1","Headbutt+1","Thunderclap+1","Secret Weapon+1","Battle Trance+1","Dark Embrace","Entrench+1","Dual Wield+1","Battle Trance","Body Slam","Pain","Entrench+1"],"relics":["Coffee Dripper","Omamori","Letter Opener","StoneCalendar","Cursed Key","The Courier","Shuriken","OrangePellets","Blue Candle","Astrolabe","Bag of Marbles","Ornamental Fan","DollysMirror"],"acts_visited":["Exordium","TheCity","TheBeyond"],"potions_floor_usage":[40,42,45,50,51],"damage_taken":[{"damage":1.0,"enemies":"Cultist","floor":1.0,"turns":3.0},{"damage":2.0,"enemies":"Jaw Worm","floor":3.0,"turns":4.0},{"damage":6.0,"enemies":"2 Louse","floor":4.0,"turns":3.0},{"damage":23.0,"enemies":"3 Sentries","floor":6.0,"turns":8.0},{"damage":4.0,"enemies":"Blue Slaver","floor":7.0,"turns":4.0},{"damage":0.0,"enemies":"Looter","floor":11.0,"turns":3.0},{"damage":5.0,"enemies":"Gremlin Nob","floor":13.0,"turns":4.0},{"damage":3.0,"enemies":"Exordium Thugs","floor":14.0,"turns":2.0},{"damage":27.0,"enemies":"The Guardian","floor":16.0,"turns":9.0},{"damage":28.0,"enemies":"Chosen","floor":18.0,"turns":4.0},{"damage":20.0,"enemies":"2 Thieves","floor":22.0,"turns":3.0},{"damage":0.0,"enemies":"Slavers","floor":23.0,"turns":1.0},{"damage":11.0,"enemies":"Snecko","floor":27.0,"turns":6.0},{"damage":41.0,"enemies":"Shelled Parasite and Fungi","floor":28.0,"turns":5.0},{"damage":12.0,"enemies":"Chosen and Byrds","floor":31.0,"turns":6.0},{"damage":32.0,"enemies":"Champ","floor":33.0,"turns":15.0},{"damage":14.0,"enemies":"3 Shapes","floor":35.0,"turns":6.0},{"damage":13,"enemies":"3 Darklings","floor":37,"turns":7},{"damage":33,"enemies":"Transient","floor":38,"turns":6},{"damage":21,"enemies":"4 Shapes","floor":39,"turns":5},{"damage":2,"enemies":"Giant Head","floor":40,"turns":8},{"damage":3,"enemies":"Spire Growth","floor":42,"turns":7},{"damage":5,"enemies":"Writhing Mass","floor":45,"turns":7},{"damage":10,"enemies":"Time Eater","floor":50,"turns":16},{"damage":42,"enemies":"Donu and Deca","floor":51,"turns":8}],"seed_played":"-7110187349352396203","potions_obtained":[{"floor":1.0,"key":"Regen Potion"},{"floor":4.0,"key":"Swift Potion"},{"floor":13.0,"key":"AttackPotion"},{"floor":14.0,"key":"SkillPotion"},{"floor":22.0,"key":"SmokeBomb"},{"floor":27.0,"key":"Fruit Juice"},{"floor":31.0,"key":"BlessingOfTheForge"},{"floor":36.0,"key":"SneckoOil"},{"floor":36.0,"key":"SpeedPotion"},{"floor":40,"key":"LiquidMemories"},{"floor":42,"key":"PowerPotion"},{"floor":45,"key":"BlessingOfTheForge"}],"is_trial":false,"path_per_floor":["M","?","M","M","?","E","M","R","T","R","M","?","E","M","R","B",null,"M","?","?","?","M","E","$","?","T","M","M","R","$","M","R","B",null,"M","?","M","M","M","E","R","M","T","R","M","?","R","$","R","B","B",null],"character_chosen":"IRONCLAD","items_purchased":["FairyPotion","OrangePellets","Shrug It Off","Block Potion","DuplicationPotion","SpeedPotion","Burning Pact","SpeedPotion","DollysMirror"],"campfire_rested":0,"item_purchase_floors":[24,24,24,24,30,30,30,48,48],"current_hp_per_floor":[67,67,65,59,59,51,47,47,47,47,47,65,60,57,57,30,64,36,36,36,36,18,27,27,27,27,28,23,23,23,25,25,46,54,50,50,57,36,23,43,43,57,57,57,57,57,57,57,57,57,25],"gold":2,"neow_bonus":"BOSS_RELIC","is_daily":false,"chose_seed":false,"campfire_upgraded":9,"win_rate":0.0,"timestamp":1609647378,"path_taken":["M","?","M","M","?","E","M","R","T","R","M","?","E","M","R","BOSS","M","?","?","?","?","E","$","?","T","M","M","R","?","M","R","BOSS","M","?","M","M","?","E","R","M","T","R","M","?","R","$","R","BOSS","BOSS"],"items_purchased_type":["Potion","Relic","Card","Potion","Potion","Potion","Card","Potion","Relic"],"build_version":"2020-12-22","purchased_purges":0,"victory":true,"max_hp_per_floor":[75,75,75,75,75,75,75,75,75,75,75,75,75,75,75,75,75,75,75,75,52,52,52,52,52,52,52,57,57,57,57,57,57,57,57,57,57,57,57,57,57,57,57,57,57,57,57,57,57,57,57],"relic_stats":{"OrangePellets":[22],"counters":[25,150],"Shuriken":[16],"Ornamental Fan":[12],"Blue Candle":[7],"Astrolabe":["Headbutt","Thunderclap","Secret Weapon"],"StoneCalendar":[297],"Letter Opener":[224],"Cursed Key":2,"obtain_stats":[{"Blue Candle":26,"Astrolabe":34,"StoneCalendar":13,"The Courier":19,"Omamori":6,"Letter Opener":9,"Cursed Key":17,"Burning Blood":0,"OrangePellets":24,"Shuriken":20,"Ornamental Fan":43,"DollysMirror":48,"Coffee Dripper":0,"Bag of Marbles":40},{"Blue Candle":12,"Astrolabe":16,"StoneCalendar":7,"The Courier":10,"Omamori":4,"Letter Opener":5,"Cursed Key":9,"Burning Blood":0,"OrangePellets":12,"Shuriken":10,"Ornamental Fan":22,"DollysMirror":23,"Coffee Dripper":0,"Bag of Marbles":21},{"Blue Candle":48,"Astrolabe":80,"StoneCalendar":29,"The Courier":44,"Omamori":18,"Letter Opener":22,"Cursed Key":40,"Burning Blood":0,"OrangePellets":48,"Shuriken":44,"Ornamental Fan":119,"DollysMirror":126,"Coffee Dripper":0,"Bag of Marbles":112}]},"card_choices":[{"not_picked":["Second Wind","Pommel Strike"],"picked":"Metallicize","floor":1.0},{"not_picked":["Clash","Pummel"],"picked":"Anger","floor":3.0},{"not_picked":["Sword Boomerang","Thunderclap"],"picked":"Clothesline","floor":4.0},{"not_picked":["Pummel","Havoc"],"picked":"Armaments","floor":6.0},{"not_picked":["Pummel","Havoc","Body Slam"],"picked":"SKIP","floor":7.0},{"not_picked":["Shrug It Off","Body Slam"],"picked":"Juggernaut","floor":11.0},{"not_picked":["Headbutt","Wild Strike"],"picked":"Cleave","floor":13.0},{"not_picked":["Combust","Iron Wave"],"picked":"Whirlwind","floor":14.0},{"not_picked":["Exhume","Brutality"],"picked":"Barricade","floor":16.0},{"not_picked":["Headbutt","Twin Strike","Dark Embrace+1"],"picked":"SKIP","floor":18.0},{"not_picked":["Thunderclap","Armaments"],"picked":"Infernal Blade+1","floor":22.0},{"not_picked":["Carnage","Cleave","Evolve"],"picked":"SKIP","floor":27.0},{"not_picked":["Searing Blow","Anger"],"picked":"Shrug It Off+1","floor":28.0},{"not_picked":["Thunderclap","Shockwave","Reckless Charge"],"picked":"SKIP","floor":31.0},{"not_picked":["Immolate","Demon Form"],"picked":"Juggernaut","floor":33.0},{"not_picked":["Anger","Dark Embrace+1"],"picked":"Battle Trance+1","floor":35.0},{"not_picked":["Clothesline","Burning Pact"],"picked":"Dark Embrace","floor":37},{"not_picked":["Perfected Strike","Iron Wave+1"],"picked":"Entrench","floor":38},{"not_picked":["Headbutt+1","Anger"],"picked":"Dual Wield+1","floor":39},{"not_picked":["Sever Soul+1","Dual Wield+1"],"picked":"Battle Trance","floor":40},{"not_picked":["Wild Strike+1","Cleave+1"],"picked":"Body Slam","floor":42},{"not_picked":["Warcry+1","Headbutt","Rupture"],"picked":"SKIP","floor":45}],"player_experience":987746,"relics_obtained":[{"floor":6.0,"key":"Omamori"},{"floor":9.0,"key":"Letter Opener"},{"floor":13.0,"key":"StoneCalendar"},{"floor":26.0,"key":"Blue Candle"},{"floor":40,"key":"Bag of Marbles"},{"floor":43,"key":"Ornamental Fan"}],"event_choices":[{"damage_healed":0.0,"max_hp_gain":0.0,"max_hp_loss":0.0,"gold_gain":0.0,"event_name":"Scrap Ooze","player_choice":"Fled","floor":2.0,"gold_loss":0.0,"damage_taken":0.0},{"damage_healed":0.0,"max_hp_gain":0.0,"max_hp_loss":0.0,"gold_gain":0.0,"event_name":"Living Wall","player_choice":"Grow","floor":5.0,"gold_loss":0.0,"damage_taken":0.0,"cards_upgraded":["Bash"]},{"damage_healed":18.0,"max_hp_gain":0.0,"max_hp_loss":0.0,"gold_gain":0.0,"event_name":"The Cleric","player_choice":"Healed","floor":12.0,"gold_loss":35.0,"damage_taken":0.0},{"damage_healed":0.0,"max_hp_gain":0.0,"max_hp_loss":0.0,"gold_gain":0.0,"event_name":"Addict","player_choice":"Stole Relic","floor":19.0,"gold_loss":0.0,"damage_taken":0.0,"relics_obtained":["The Courier"],"cards_obtained":["Shame"]},{"damage_healed":0.0,"max_hp_gain":0.0,"max_hp_loss":0.0,"gold_gain":0.0,"event_name":"The Mausoleum","player_choice":"Opened","floor":20.0,"gold_loss":0.0,"damage_taken":0.0,"relics_obtained":["Shuriken"],"cards_obtained":["Writhe"]},{"damage_healed":0.0,"max_hp_gain":0.0,"max_hp_loss":23.0,"gold_gain":0.0,"event_name":"Vampires","player_choice":"Became a vampire","floor":21.0,"gold_loss":0.0,"damage_taken":0.0,"cards_obtained":["Bite","Bite","Bite","Bite","Bite"]},{"damage_healed":0.0,"max_hp_gain":0.0,"max_hp_loss":0.0,"gold_gain":50.0,"event_name":"Nest","player_choice":"Stole From Cult","floor":25.0,"gold_loss":0.0,"damage_taken":0.0},{"damage_healed":0.0,"max_hp_gain":0.0,"max_hp_loss":0.0,"gold_gain":0.0,"event_name":"The Woman in Blue","player_choice":"Bought 3 Potions","floor":36.0,"gold_loss":0.0,"damage_taken":0.0},{"damage_healed":0,"gold_gain":0,"player_choice":"Ignored","damage_taken":0,"max_hp_gain":0,"max_hp_loss":0,"event_name":"Mysterious Sphere","floor":46,"gold_loss":0}],"is_beta":false,"boss_relics":[{"not_picked":["Runic Cube","Ectoplasm"],"picked":"Cursed Key"},{"not_picked":["Runic Pyramid","Philosopher\u0027s Stone"],"picked":"Astrolabe"}],"items_purged_floors":[],"is_endless":false,"potions_floor_spawned":[1,4,13,14,22,27,31,38,40,42,45],"ascension_level":20}}