{"host":"9tch52zpouts7b2p","time":1609654429,"event":{"mods":["BaseMod","Colored Map","Minty Spire (QoL Compilation)","StSLib","UnlockEverythingMod"],"gold_per_floor":[119,119,138,63,13,13,66,95,95,95,112,137,19,36,36,141,141,155,180,200,218,218,218,18,18,18,18,31,5,5,104,104,104,104],"floor_reached":33,"playtime":1530,"items_purged":["Regret","Strike_B","Strike_B"],"score":346,"play_id":"1b275386-2e29-4907-b059-157d9655dc56","local_time":"20210103141349","is_ascension_mode":true,"campfire_choices":[{"data":"Apotheosis","floor":6.0,"key":"SMITH"},{"data":"Dualcast","floor":10.0,"key":"SMITH"},{"floor":15.0,"key":"REST"},{"floor":23,"key":"REST"},{"floor":25,"key":"REST"},{"floor":32,"key":"REST"}],"circlet_count":0,"master_deck":["Strike_B","Strike_B","Defend_B","Defend_B","Defend_B","Defend_B","Zap","Dualcast+1","Apotheosis+1","Skim","Conserve Battery","Chill","FTL","Loop","Capacitor","Streamline","All For One","Conserve Battery+1","Melter","Stack","Shame","Genetic Algorithm","Capacitor"],"relics":["Cracked Core","Akabeko","Nunchaku","Smiling Mask","PreservedInsect","Shuriken","Inserter","Red Mask","Strawberry","The Courier","Torii","Cables"],"acts_visited":["Exordium","TheCity"],"potions_floor_usage":[21,33],"damage_taken":[{"damage":2.0,"enemies":"Jaw Worm","floor":1.0,"turns":3.0},{"damage":0.0,"enemies":"Small Slimes","floor":3.0,"turns":2.0},{"damage":21.0,"enemies":"Gremlin Nob","floor":8.0,"turns":4.0},{"damage":1.0,"enemies":"2 Louse","floor":11.0,"turns":2.0},{"damage":2.0,"enemies":"Lagavulin","floor":12.0,"turns":4.0},{"damage":0.0,"enemies":"Large Slime","floor":14.0,"turns":5.0},{"damage":0.0,"enemies":"Slime Boss","floor":16.0,"turns":8.0},{"damage":7.0,"enemies":"Shell Parasite","floor":18.0,"turns":4.0},{"damage":29,"enemies":"Masked Bandits","floor":19,"turns":6},{"damage":6,"enemies":"2 Thieves","floor":20,"turns":3},{"damage":31,"enemies":"Chosen and Byrds","floor":21,"turns":5},{"damage":52,"enemies":"Shelled Parasite and Fungi","floor":28,"turns":6},{"damage":61,"enemies":"Collector","floor":33,"turns":6}],"seed_played":"-742969643246562010","potions_obtained":[{"floor":3.0,"key":"Dexterity Potion"},{"floor":11.0,"key":"GamblersBrew"},{"floor":14.0,"key":"Swift Potion"},{"floor":18.0,"key":"BlessingOfTheForge"}],"is_trial":false,"path_per_floor":["M","?","M","$","?","R","T","E","T","R","M","E","$","M","R","B",null,"M","?","M","M","?","R","$","R","T","?","M","$","T","?","R","B"],"character_chosen":"DEFECT","items_purchased":["Capacitor","Strawberry","Capacitor"],"campfire_rested":4,"item_purchase_floors":[13,24,29],"current_hp_per_floor":[73,73,73,73,73,73,73,52,52,52,51,49,49,49,71,71,75,68,39,33,2,27,49,56,80,80,80,28,28,28,28,52,0,0],"gold":104,"neow_bonus":"RANDOM_COLORLESS_2","is_daily":false,"chose_seed":false,"campfire_upgraded":2,"win_rate":0.0,"timestamp":1609654429,"path_taken":["M","?","M","$","?","R","?","E","T","R","M","E","?","M","R","BOSS","M","?","M","M","?","R","?","R","T","?","M","$","?","?","R","BOSS"],"items_purchased_type":["Card","Relic","Card"],"build_version":"2020-12-22","purchased_purges":3,"victory":false,"max_hp_per_floor":[75,75,75,75,75,75,75,75,75,75,75,75,75,75,75,75,75,75,75,75,75,75,75,82,82,82,82,82,82,82,82,82,82,82],"card_choices":[{"not_picked":["Mayhem","Metamorphosis"],"picked":"Apotheosis","floor":0.0},{"not_picked":["Fusion","Compile Driver"],"picked":"Skim","floor":1.0},{"not_picked":["Streamline","Beam Cell"],"picked":"Conserve Battery","floor":3.0},{"not_picked":["Scrape","Cold Snap"],"picked":"Chill","floor":8.0},{"not_picked":["Chill","Hello World"],"picked":"FTL","floor":11.0},{"not_picked":["Redo","Ball Lightning"],"picked":"Loop","floor":12.0},{"not_picked":["Reprogram","Coolheaded"],"picked":"Streamline","floor":14.0},{"not_picked":["Seek","Biased Cognition"],"picked":"All For One","floor":16.0},{"not_picked":["Aggregate","Lockon"],"picked":"Conserve Battery+1","floor":18.0},{"not_picked":["Sweeping Beam","Rebound+1"],"picked":"Melter","floor":19},{"not_picked":["Compile Driver+1","Gash"],"picked":"Stack","floor":20},{"not_picked":["Doom and Gloom","Melter","Rebound"],"picked":"SKIP","floor":21},{"not_picked":["Beam Cell","Conserve Battery"],"picked":"Genetic Algorithm","floor":28}],"player_experience":119075,"relics_obtained":[{"floor":7.0,"key":"Nunchaku"},{"floor":8.0,"key":"Smiling Mask"},{"floor":9.0,"key":"PreservedInsect"},{"floor":12.0,"key":"Shuriken"},{"floor":19,"key":"Red Mask"},{"floor":26,"key":"The Courier"},{"floor":30,"key":"Cables"}],"event_choices":[{"damage_healed":0.0,"max_hp_gain":0.0,"max_hp_loss":0.0,"gold_gain":0.0,"event_name":"Big Fish","player_choice":"Box","floor":2.0,"gold_loss":0.0,"damage_taken":0.0,"relics_obtained":["Akabeko"],"cards_obtained":["Regret"]},{"cards_removed":["Regret"],"damage_healed":0.0,"max_hp_gain":0.0,"max_hp_loss":0.0,"gold_gain":0.0,"event_name":"The Cleric","player_choice":"Card Removal","floor":5.0,"gold_loss":50.0,"damage_taken":0.0},{"damage_healed":0,"gold_gain":0,"player_choice":"Fought Bandits","damage_taken":0,"max_hp_gain":0,"max_hp_loss":0,"event_name":"Masked Bandits","floor":19,"gold_loss":0},{"damage_healed":25,"gold_gain":0,"player_choice":"Heal","damage_taken":0,"max_hp_gain":0,"max_hp_loss":0,"event_name":"The Library","floor":22,"gold_loss":0},{"damage_healed":0,"gold_gain":0,"player_choice":"Stole Relic","damage_taken":0,"relics_obtained":["Torii"],"max_hp_gain":0,"max_hp_loss":0,"event_name":"Addict","floor":27,"gold_loss":0,"cards_obtained":["Shame"]},{"damage_healed":0,"gold_gain":99,"player_choice":"Stole From Cult","damage_taken":0,"max_hp_gain":0,"max_hp_loss":0,"event_name":"Nest","floor":31,"gold_loss":0}],"is_beta":false,"boss_relics":[{"not_picked":["Runic Pyramid","Ectoplasm"],"picked":"Inserter"}],"items_purged_floors":[4,13,24],"is_endless":false,"potions_floor_spawned":[3,11,14,18],"killed_by":"Collector","ascension_level":3}}