{"host":"sav7uxregyirlf69","time":1609691502,"event":{"mods":["AchievementEnabler","BaseMod","Colored Map","DeckTracker","Keyboard Shortcuts","Minty Spire (QoL Compilation)","READ ME - Guardian Mod","StSLib","SuperFastMode"],"gold_per_floor":[110,124,142,67,67,67,80,80,150,150,162,162,142,160,160,234,234,250,265,89,89,89,89,107,126,174,188,188,201,219,234,234,234,234],"floor_reached":33,"playtime":912,"items_purged":["Shame","Poisoned Stab"],"score":486,"play_id":"8177282c-213c-415a-a8dc-2b5f086895de","local_time":"20210104013142","is_ascension_mode":true,"campfire_choices":[{"data":"Calculated Gamble","floor":6.0,"key":"SMITH"},{"floor":10.0,"key":"REST"},{"data":"Terror","floor":15.0,"key":"SMITH"},{"data":"Prepared","floor":23,"key":"SMITH"},{"floor":28,"key":"REST"},{"floor":32,"key":"REST"}],"circlet_count":0,"master_deck":["AscendersBane","Strike_G+1","Defend_G","Defend_G","Defend_G","Defend_G","Survivor","Neutralize","Tactician+1","Calculated Gamble+1","Eviscerate","Reflex","Terror+1","Backflip","Prepared+1","Well Laid Plans"],"relics":["Ring of the Snake","InkBottle","Empty Cage","MutagenicStrength","Happy Flower"],"acts_visited":["Exordium","TheCity"],"potions_floor_usage":[19,22,29,29,29,29,33,33],"damage_taken":[{"damage":3.0,"enemies":"Cultist","floor":1.0,"turns":4.0},{"damage":6.0,"enemies":"2 Louse","floor":2.0,"turns":2.0},{"damage":11.0,"enemies":"Small Slimes","floor":3.0,"turns":5.0},{"damage":8.0,"enemies":"Red Slaver","floor":7.0,"turns":5.0},{"damage":5.0,"enemies":"Large Slime","floor":11.0,"turns":7.0},{"damage":14.0,"enemies":"Lots of Slimes","floor":14.0,"turns":6.0},{"damage":21.0,"enemies":"Hexaghost","floor":16.0,"turns":8.0},{"damage":13.0,"enemies":"Chosen","floor":18.0,"turns":4.0},{"damage":16,"enemies":"Spheric Guardian","floor":19,"turns":4},{"damage":2,"enemies":"Snecko","floor":24,"turns":4},{"damage":15,"enemies":"Snake Plant","floor":25,"turns":3},{"damage":0,"enemies":"Centurion and Healer","floor":27,"turns":4},{"damage":29,"enemies":"Cultist and Chosen","floor":29,"turns":11},{"damage":1,"enemies":"Snake Plant","floor":30,"turns":4},{"damage":0,"enemies":"Centurion and Healer","floor":31,"turns":3},{"damage":47,"enemies":"Collector","floor":33,"turns":5}],"seed_played":"-979856649772527007","potions_obtained":[{"floor":1.0,"key":"FairyPotion"},{"floor":2.0,"key":"PowerPotion"},{"floor":18.0,"key":"FearPotion"},{"floor":19,"key":"LiquidMemories"},{"floor":22,"key":"Fruit Juice"},{"floor":22,"key":"EntropicBrew"},{"floor":31,"key":"EntropicBrew"}],"is_trial":false,"path_per_floor":["M","M","M","$","?","R","M","?","T","R","M","?","?","M","R","B",null,"M","M","$","?","?","R","M","M","T","M","R","M","M","M","R","B"],"character_chosen":"THE_SILENT","items_purchased":["Well Laid Plans"],"campfire_rested":3,"item_purchase_floors":[20],"current_hp_per_floor":[56,50,39,39,19,19,11,4,4,23,18,18,18,4,4,5,51,38,22,22,22,27,27,25,10,10,10,31,2,1,1,22,0,0],"gold":234,"neow_bonus":"TRANSFORM_TWO_CARDS","is_daily":false,"chose_seed":false,"campfire_upgraded":3,"win_rate":0.0,"timestamp":1609691502,"path_taken":["M","M","M","$","?","R","M","?","T","R","M","?","?","M","R","BOSS","M","M","$","?","?","R","?","?","T","M","R","M","M","?","R","BOSS"],"items_purchased_type":["Card"],"build_version":"2020-12-22","purchased_purges":2,"victory":false,"max_hp_per_floor":[66,66,66,66,66,66,66,66,66,66,66,66,66,66,66,66,66,66,66,66,66,71,71,71,71,71,71,71,71,71,71,71,71,71],"card_choices":[{"not_picked":["Poisoned Stab","Terror"],"picked":"Tactician","floor":1.0},{"not_picked":["Dodge and Roll","Blade Dance"],"picked":"Calculated Gamble","floor":2.0},{"not_picked":["Dodge and Roll","Dagger Spray"],"picked":"Eviscerate","floor":3.0},{"not_picked":["Leg Sweep","Dash"],"picked":"Reflex","floor":7.0},{"not_picked":["Flying Knee","Dagger Spray"],"picked":"Terror","floor":11.0},{"not_picked":["Flying Knee","Skewer","A Thousand Cuts"],"picked":"SKIP","floor":14.0},{"not_picked":["Caltrops","Dagger Throw"],"picked":"Backflip","floor":18.0},{"not_picked":["Deadly Poison","Bane"],"picked":"Prepared","floor":19},{"not_picked":["Bane","Caltrops","Dagger Spray"],"picked":"SKIP","floor":24},{"not_picked":["Flying Knee","Cloak And Dagger","Quick Slash"],"picked":"SKIP","floor":25},{"not_picked":["Endless Agony","Choke","Backflip"],"picked":"SKIP","floor":27},{"not_picked":["Poisoned Stab","Outmaneuver","Dash"],"picked":"SKIP","floor":29},{"not_picked":["Backstab","Cloak And Dagger","Dagger Spray"],"picked":"SKIP","floor":30},{"not_picked":["Well Laid Plans","Deflect","Backflip"],"picked":"SKIP","floor":31}],"player_experience":1123779,"relics_obtained":[{"floor":9.0,"key":"InkBottle"},{"floor":26,"key":"Happy Flower"}],"event_choices":[{"damage_healed":0.0,"max_hp_gain":0.0,"max_hp_loss":0.0,"gold_gain":0.0,"event_name":"Shining Light","player_choice":"Entered Light","floor":5.0,"gold_loss":0.0,"damage_taken":20.0,"cards_upgraded":["Strike_G","Tactician"]},{"cards_removed":["Strike_G"],"damage_healed":0.0,"max_hp_gain":0.0,"max_hp_loss":0.0,"gold_gain":0.0,"event_name":"Golden Wing","player_choice":"Card Removal","floor":8.0,"gold_loss":0.0,"damage_taken":7.0},{"cards_removed":["Outmaneuver"],"damage_healed":0.0,"max_hp_gain":0.0,"max_hp_loss":0.0,"gold_gain":0.0,"event_name":"Living Wall","player_choice":"Forget","floor":12.0,"gold_loss":0.0,"damage_taken":0.0},{"damage_healed":0.0,"max_hp_gain":0.0,"max_hp_loss":0.0,"gold_gain":0.0,"event_name":"The Woman in Blue","player_choice":"Bought 1 Potion","floor":13.0,"gold_loss":0.0,"damage_taken":0.0},{"damage_healed":0,"gold_gain":0,"player_choice":"Inject Mutagens","damage_taken":0,"relics_obtained":["MutagenicStrength"],"max_hp_gain":0,"max_hp_loss":0,"event_name":"Drug Dealer","floor":21,"gold_loss":0},{"damage_healed":0,"gold_gain":0,"player_choice":"Got Potions","damage_taken":0,"max_hp_gain":0,"max_hp_loss":0,"event_name":"Lab","floor":22,"gold_loss":0}],"is_beta":false,"boss_relics":[{"not_picked":["Calling Bell","Coffee Dripper"],"picked":"Empty Cage"}],"items_purged_floors":[4,20],"is_endless":false,"potions_floor_spawned":[1,2,3,18,19,24,25,31],"killed_by":"Collector","ascension_level":20}}