{"host":"szp1d6dso4pv7ddl","time":1609713980,"event":{"mods":["AchievementEnabler","Alarm Clock","BaseMod","Bestiary","Block Reminder","Colored Map","Colored Powertips","Curses Come First","Displayed Cursed Tome","Highlight Path","Minty Spire (QoL Compilation)","Permanent Neow","Quick Restart","Relic Sorter","Relic Stats","StSLib","Synergy Search"],"gold_per_floor":[366,384,156,175,175,175,209,228,252,252,99,129,129,141,141,240,240,253,264,295,195,120,130,159,159,183,183,38,38,38,54,54,157,157,174,194,194,244,244,244,271,271,297,172,184,184,197,197,197,197,197,197,51,76,76,76],"floor_reached":55,"playtime":2629,"items_purged":["Strike_R","Strike_R","Strike_R"],"score":1314,"play_id":"75cbed5a-6cd1-4e5c-a80f-2b210b0e5993","local_time":"20210103144620","is_ascension_mode":true,"campfire_choices":[{"data":"True Grit","floor":6.0,"key":"SMITH"},{"floor":10.0,"key":"REST"},{"floor":15.0,"key":"REST"},{"data":"True Grit","floor":25.0,"key":"SMITH"},{"data":"Bash","floor":29.0,"key":"SMITH"},{"floor":32.0,"key":"REST"},{"floor":40.0,"key":"RECALL"},{"data":"Corruption","floor":42.0,"key":"SMITH"},{"data":"Sentinel","floor":46.0,"key":"SMITH"},{"data":"Heavy Blade","floor":49.0,"key":"SMITH"},{"data":"Uppercut","floor":52.0,"key":"SMITH"}],"circlet_count":0,"master_deck":["AscendersBane","Strike_R","Defend_R","Defend_R","Defend_R","Bash+1","Rampage","Spot Weakness+1","True Grit+1","Cleave","Shrug It Off","Offering+1","CurseOfTheBell","Heavy Blade+1","True Grit+1","Sentinel+1","Havoc","Uppercut+1","Corruption+1","Shrug It Off+1","Secret Technique","Sentinel+1","Parasite"],"relics":["Burning Blood","Pen Nib","Happy Flower","Incense Burner","TheAbacus","Toy Ornithopter","Lantern","Vajra","Mercury Hourglass","Calling Bell","Bag of Marbles","Eternal Feather","Dead Branch","Red Mask","Paper Frog","Juzu Bracelet","PreservedInsect","Sozu","War Paint","Bronze Scales"],"acts_visited":["TheCity","TheBeyond","TheEnding"],"potions_floor_usage":[55],"damage_taken":[{"damage":1.0,"enemies":"Cultist","floor":1.0,"turns":4.0},{"damage":5.0,"enemies":"Small Slimes","floor":2.0,"turns":4.0},{"damage":2.0,"enemies":"Jaw Worm","floor":4.0,"turns":6.0},{"damage":40.0,"enemies":"Gremlin Nob","floor":7.0,"turns":5.0},{"damage":13.0,"enemies":"Blue Slaver","floor":8.0,"turns":4.0},{"damage":31.0,"enemies":"Lagavulin","floor":12.0,"turns":6.0},{"damage":0.0,"enemies":"2 Fungi Beasts","floor":14.0,"turns":2.0},{"damage":19.0,"enemies":"Hexaghost","floor":16.0,"turns":9.0},{"damage":9.0,"enemies":"3 Byrds","floor":18.0,"turns":4.0},{"damage":7.0,"enemies":"Spheric Guardian","floor":19.0,"turns":4.0},{"damage":5.0,"enemies":"Masked Bandits","floor":20.0,"turns":3.0},{"damage":15.0,"enemies":"Centurion and Healer","floor":23.0,"turns":5.0},{"damage":9.0,"enemies":"Gremlin Leader","floor":24.0,"turns":4.0},{"damage":33.0,"enemies":"Chosen and Byrds","floor":31.0,"turns":4.0},{"damage":39.0,"enemies":"Champ","floor":33.0,"turns":12.0},{"damage":6.0,"enemies":"Orb Walker","floor":35.0,"turns":2.0},{"damage":0.0,"enemies":"3 Shapes","floor":36.0,"turns":1.0},{"damage":0.0,"enemies":"Mind Bloom Boss Battle","floor":38.0,"turns":2.0},{"damage":12.0,"enemies":"Reptomancer","floor":41.0,"turns":4.0},{"damage":15.0,"enemies":"Spire Growth","floor":45.0,"turns":3.0},{"damage":12.0,"enemies":"Writhing Mass","floor":47.0,"turns":4.0},{"damage":10.0,"enemies":"Donu and Deca","floor":50.0,"turns":3.0},{"damage":41.0,"enemies":"Shield and Spear","floor":54.0,"turns":5.0},{"damage":59,"enemies":"The Heart","floor":55,"turns":3}],"seed_played":"7626213915266325687","potions_obtained":[{"floor":1.0,"key":"Ancient Potion"},{"floor":2.0,"key":"SkillPotion"},{"floor":8.0,"key":"GamblersBrew"},{"floor":18.0,"key":"EssenceOfSteel"},{"floor":33.0,"key":"Dexterity Potion"}],"is_trial":false,"path_per_floor":["M","M","$","M","?","R","E","M","T","R","$","E","T","M","R","B",null,"M","M","?","$","?","M","E","R","T","?","$","R","?","M","R","B",null,"M","M","?","?","?","R","E","R","T","$","M","R","M","?","R","B",null,"R","$","E","B"],"character_chosen":"IRONCLAD","items_purchased":["TheAbacus","Vajra","PreservedInsect","Pen Nib"],"campfire_rested":3,"item_purchase_floors":[3,11,28,53],"current_hp_per_floor":[56,57,57,61,61,61,27,20,20,44,44,19,19,25,49,36,69,66,65,66,66,66,57,54,63,63,48,48,57,57,30,67,39,74,74,80,80,85,85,85,79,85,85,85,76,85,79,79,81,77,80,81,81,46,0,0],"gold":76,"neow_bonus":"TWO_FIFTY_GOLD","is_daily":false,"chose_seed":false,"campfire_upgraded":7,"win_rate":0.0,"timestamp":1609713980,"path_taken":["M","?","$","M","?","R","E","M","T","R","?","E","?","M","R","BOSS","M","M","?","$","?","M","E","R","T","?","$","R","?","M","R","BOSS","M","M","?","?","?","R","E","R","T","$","M","R","M","?","R","BOSS","R","$","E","BOSS"],"items_purchased_type":["Relic","Relic","Relic","Relic"],"build_version":"2020-12-22","purchased_purges":3,"victory":false,"max_hp_per_floor":[80,80,80,80,80,80,80,80,80,80,80,80,80,80,80,80,80,80,80,80,80,80,80,80,80,80,85,85,85,85,85,85,85,85,85,85,85,85,85,85,85,85,85,85,85,85,85,81,81,81,81,81,81,81,81,81],"relic_stats":{"Happy Flower":[24],"counters":[24,103],"Dead Branch":[174],"Eternal Feather":48,"Pen Nib":[1],"PreservedInsect":139,"Juzu Bracelet":1,"War Paint":["Spot Weakness","Offering"],"Burning Blood":137,"Mercury Hourglass":[252],"Sozu":3,"TheAbacus":[156],"Bronze Scales":[45],"obtain_stats":[{"Lantern":9,"Happy Flower":12,"Dead Branch":17,"Vajra":11,"Eternal Feather":17,"PreservedInsect":28,"Pen Nib":53,"Juzu Bracelet":26,"Incense Burner":38,"War Paint":41,"Burning Blood":0,"Mercury Hourglass":13,"Calling Bell":17,"Sozu":34,"TheAbacus":3,"Bronze Scales":54,"Bag of Marbles":17,"Red Mask":20,"Toy Ornithopter":7,"Paper Frog":24},{"Lantern":5,"Happy Flower":6,"Dead Branch":8,"Vajra":5,"Eternal Feather":8,"PreservedInsect":13,"Pen Nib":22,"Juzu Bracelet":13,"Incense Burner":18,"War Paint":19,"Burning Blood":0,"Mercury Hourglass":6,"Calling Bell":8,"Sozu":15,"TheAbacus":2,"Bronze Scales":23,"Bag of Marbles":8,"Red Mask":11,"Toy Ornithopter":4,"Paper Frog":13},{"Lantern":23,"Happy Flower":29,"Dead Branch":40,"Vajra":23,"Eternal Feather":40,"PreservedInsect":60,"Pen Nib":95,"Juzu Bracelet":60,"Incense Burner":81,"War Paint":85,"Burning Blood":0,"Mercury Hourglass":29,"Calling Bell":40,"Sozu":76,"TheAbacus":8,"Bronze Scales":100,"Bag of Marbles":40,"Red Mask":51,"Toy Ornithopter":19,"Paper Frog":60}],"Toy Ornithopter":10},"card_choices":[{"not_picked":["Bloodletting","Armaments"],"picked":"Rampage","floor":1.0},{"not_picked":["Sword Boomerang","Wild Strike"],"picked":"Spot Weakness","floor":2.0},{"not_picked":["Reckless Charge","Thunderclap"],"picked":"True Grit","floor":4.0},{"not_picked":["Exhume","Thunderclap","Sword Boomerang"],"picked":"SKIP","floor":7.0},{"not_picked":["Twin Strike","Flex"],"picked":"Cleave","floor":8.0},{"not_picked":["Warcry","Sever Soul"],"picked":"Shrug It Off","floor":12.0},{"not_picked":["Evolve","Body Slam"],"picked":"Dropkick","floor":14.0},{"not_picked":["Exhume","Brutality"],"picked":"Offering","floor":16.0},{"not_picked":["Pommel Strike+1","Clothesline+1"],"picked":"Heavy Blade","floor":18.0},{"not_picked":["Clash","Infernal Blade+1"],"picked":"True Grit","floor":19.0},{"not_picked":["Clothesline","Feed"],"picked":"Sentinel","floor":20.0},{"not_picked":["Wild Strike","Sentinel"],"picked":"Havoc","floor":23.0},{"not_picked":["Barricade","Havoc","Sword Boomerang+1"],"picked":"SKIP","floor":24.0},{"not_picked":["Wild Strike","Sword Boomerang+1"],"picked":"Uppercut","floor":31.0},{"not_picked":["Demon Form","Reaper"],"picked":"Corruption","floor":33.0},{"not_picked":["Carnage","Flame Barrier+1"],"picked":"Shrug It Off+1","floor":35.0},{"not_picked":["Power Through","Iron Wave","Thunderclap"],"picked":"SKIP","floor":36.0},{"not_picked":["Jack Of All Trades","Good Instincts"],"picked":"Secret Technique","floor":37.0},{"not_picked":["True Grit","Pommel Strike+1","Headbutt"],"picked":"SKIP","floor":41.0},{"not_picked":["Warcry","Pommel Strike"],"picked":"Sentinel+1","floor":45.0},{"not_picked":["Armaments","Shockwave","Wild Strike"],"picked":"SKIP","floor":47.0},{"not_picked":["Thunderclap+1","Reaper","Dual Wield"],"picked":"SKIP","floor":54.0}],"player_experience":1107280,"relics_obtained":[{"floor":7.0,"key":"Toy Ornithopter"},{"floor":9.0,"key":"Lantern"},{"floor":12.0,"key":"Happy Flower"},{"floor":13.0,"key":"Mercury Hourglass"},{"floor":17.0,"key":"Bag of Marbles"},{"floor":17.0,"key":"Eternal Feather"},{"floor":17.0,"key":"Dead Branch"},{"floor":20.0,"key":"Red Mask"},{"floor":24.0,"key":"Paper Frog"},{"floor":26.0,"key":"Juzu Bracelet"},{"floor":38.0,"key":"Incense Burner"},{"floor":41.0,"key":"War Paint"},{"floor":54.0,"key":"Bronze Scales"}],"event_choices":[{"cards_removed":["Defend_R"],"damage_healed":0.0,"max_hp_gain":0.0,"max_hp_loss":0.0,"gold_gain":0.0,"event_name":"Wheel of Change","player_choice":"Card Removal","floor":5.0,"gold_loss":0.0,"damage_taken":0.0},{"damage_healed":0.0,"max_hp_gain":0.0,"max_hp_loss":0.0,"gold_gain":0.0,"event_name":"Masked Bandits","player_choice":"Fought Bandits","floor":20.0,"gold_loss":0.0,"damage_taken":0.0},{"cards_removed":["Strike_R"],"damage_healed":0.0,"max_hp_gain":0.0,"max_hp_loss":0.0,"gold_gain":0.0,"event_name":"Beggar","player_choice":"Gave Gold","floor":22.0,"gold_loss":75.0,"damage_taken":0.0},{"damage_healed":0.0,"max_hp_gain":5.0,"max_hp_loss":0.0,"gold_gain":0.0,"event_name":"Forgotten Altar","player_choice":"Shed Blood","floor":27.0,"gold_loss":0.0,"damage_taken":20.0},{"damage_healed":0.0,"max_hp_gain":0.0,"max_hp_loss":0.0,"gold_gain":0.0,"event_name":"Vampires","player_choice":"Ignored","floor":30.0,"gold_loss":0.0,"damage_taken":0.0},{"damage_healed":0.0,"max_hp_gain":0.0,"max_hp_loss":0.0,"gold_gain":0.0,"event_name":"SensoryStone","player_choice":"Memory 1","floor":37.0,"gold_loss":0.0,"damage_taken":0.0},{"damage_healed":0.0,"max_hp_gain":0.0,"max_hp_loss":0.0,"gold_gain":0.0,"event_name":"MindBloom","player_choice":"Fight","floor":38.0,"gold_loss":0.0,"damage_taken":0.0},{"cards_removed":["Dropkick"],"damage_healed":0.0,"max_hp_gain":0.0,"max_hp_loss":0.0,"gold_gain":0.0,"event_name":"Falling","player_choice":"Removed Attack","floor":39.0,"gold_loss":0.0,"damage_taken":0.0},{"damage_healed":0.0,"max_hp_gain":0.0,"max_hp_loss":4.0,"gold_gain":0.0,"event_name":"Winding Halls","player_choice":"Max HP","floor":48.0,"gold_loss":0.0,"damage_taken":0.0}],"is_beta":false,"boss_relics":[{"not_picked":["Empty Cage","Philosopher\u0027s Stone"],"picked":"Calling Bell"},{"not_picked":["Mark of Pain","Runic Dome"],"picked":"Sozu"}],"items_purged_floors":[3,21,44],"is_endless":false,"potions_floor_spawned":[1,2,8,12,18,23,33,36,38,47],"killed_by":"The Heart","ascension_level":12}}