{"host":"armnliea5o2aqs4b","time":1609684968,"event":{"mods":["BaseMod","Hubris","Infinite Spire","Minty Spire (QoL Compilation)","Quick Restart","StSLib"],"gold_per_floor":[113,63,77,1,1,35,35,35,112,112,92,110,123,142,142,246,246,262,262,277,133,133,167,167,77,77,105,105,120,133,163,163,163,163],"floor_reached":33,"playtime":772,"items_purged":[],"score":410,"play_id":"6e75d0ec-3933-4e8a-a932-bea69515874a","local_time":"20210104014248","is_ascension_mode":true,"campfire_choices":[{"data":"Double Tap","floor":7,"key":"SMITH"},{"data":"Flex","floor":15,"key":"SMITH"},{"data":"Barricade","floor":24,"key":"SMITH"},{"floor":28,"key":"REST"},{"floor":32,"key":"REST"}],"circlet_count":0,"master_deck":["Strike_R+1","Defend_R+1","Defend_R","Defend_R","Bash+1","Flex+1","Double Tap+1","Body Slam","Barricade+1","Hemokinesis+1","Infernal Blade+1","Power Through+1","Flex","Double Tap+1","Infernal Blade+1","Anger+1","Whirlwind"],"relics":["Burning Blood","NeowsBlessing","Oddly Smooth Stone","Bag of Preparation","Matryoshka","Whetstone","hubris:MysteriousPyramids","Nunchaku","Astrolabe","Unceasing Top","hubris:ToyBattleship","DollysMirror","Mummified Hand","infinitespire:FocusingShard","infinitespire:ShieldingShard","Bronze Scales","hubris:Reverence"],"acts_visited":["Exordium","TheCity"],"potions_floor_usage":[16,27,31,33],"damage_taken":[{"damage":3,"enemies":"Small Slimes","floor":1,"turns":2},{"damage":0,"enemies":"Jaw Worm","floor":3,"turns":1},{"damage":0,"enemies":"Lagavulin","floor":6,"turns":1},{"damage":0,"enemies":"Cultist","floor":12,"turns":2},{"damage":21,"enemies":"Exordium Thugs","floor":13,"turns":3},{"damage":5,"enemies":"Looter","floor":14,"turns":3},{"damage":50,"enemies":"The Guardian","floor":16,"turns":10},{"damage":8,"enemies":"Shell Parasite","floor":18,"turns":2},{"damage":4,"enemies":"Spheric Guardian","floor":20,"turns":1},{"damage":37,"enemies":"Nightmare","floor":23,"turns":7},{"damage":20,"enemies":"Book of Stabbing","floor":27,"turns":4},{"damage":10,"enemies":"Centurion and Healer","floor":29,"turns":3},{"damage":0,"enemies":"Snecko","floor":30,"turns":2},{"damage":32,"enemies":"Gremlin Leader","floor":31,"turns":3},{"damage":48,"enemies":"Automaton","floor":33,"turns":4}],"seed_played":"3928798487444022296","potions_obtained":[{"floor":3,"key":"Block Potion"},{"floor":11,"key":"Ancient Potion"},{"floor":12,"key":"Ancient Potion"},{"floor":29,"key":"DistilledChaos"},{"floor":31,"key":"PowerPotion"}],"is_trial":false,"path_per_floor":["M","?","M","$","?","E","R","T","T","?","?","M","M","M","R","B",null,"M","T","M","$","T","NM","R","?","T","E","R","M","M","E","R","B"],"character_chosen":"IRONCLAD","items_purchased":["Double Tap","DollysMirror"],"campfire_rested":2,"item_purchase_floors":[4,21],"current_hp_per_floor":[80,80,80,80,80,80,80,80,80,73,73,79,64,65,65,21,65,63,63,65,65,65,34,34,34,34,20,44,40,46,20,44,0,0],"gold":163,"neow_bonus":"THREE_ENEMY_KILL","is_daily":false,"chose_seed":false,"campfire_upgraded":3,"win_rate":0.0,"timestamp":1609684968,"path_taken":["M","?","M","$","?","E","R","?","T","?","?","M","M","M","R","BOSS","M","?","M","$","?","NM","R","?","T","E","R","M","M","E","R","BOSS"],"items_purchased_type":["Card","Relic"],"build_version":"2020-12-22","purchased_purges":0,"victory":false,"max_hp_per_floor":[80,80,80,80,80,80,80,80,80,80,80,80,80,80,80,80,80,80,80,80,80,80,80,80,80,80,80,80,80,80,80,80,80,80],"card_choices":[{"not_picked":["hubris:ReadiedAction","Pommel Strike","Clash"],"picked":"SKIP","floor":1},{"not_picked":["Searing Blow","Clash"],"picked":"Flex","floor":3},{"not_picked":["hubris:ReadiedAction","True Grit"],"picked":"Body Slam","floor":6},{"not_picked":["Dark Embrace","Sword Boomerang","Twin Strike"],"picked":"SKIP","floor":12},{"not_picked":["Feel No Pain","Twin Strike","Wild Strike"],"picked":"SKIP","floor":13},{"not_picked":["Headbutt","Rupture","Twin Strike"],"picked":"SKIP","floor":14},{"not_picked":["Brutality","Offering"],"picked":"Barricade","floor":16},{"not_picked":["Iron Wave","Perfected Strike"],"picked":"Flex","floor":18},{"not_picked":["Reckless Charge","Metallicize","hubris:SharpeningStone+1"],"picked":"SKIP","floor":20},{"not_picked":["Sword Boomerang","Flex+1"],"picked":"Infernal Blade+1","floor":23},{"not_picked":["Cleave","Dual Wield"],"picked":"Anger+1","floor":27},{"not_picked":["Thunderclap","Sword Boomerang"],"picked":"Whirlwind","floor":29},{"not_picked":["Pommel Strike","Shrug It Off","hubris:CleavingFinish"],"picked":"SKIP","floor":30},{"not_picked":["Wild Strike","Searing Blow","Battle Trance"],"picked":"SKIP","floor":31}],"player_experience":161985,"relics_obtained":[{"floor":5,"key":"Oddly Smooth Stone"},{"floor":6,"key":"Bag of Preparation"},{"floor":8,"key":"Matryoshka"},{"floor":9,"key":"Whetstone"},{"floor":9,"key":"hubris:MysteriousPyramids"},{"floor":19,"key":"Unceasing Top"},{"floor":19,"key":"hubris:ToyBattleship"},{"floor":22,"key":"Mummified Hand"},{"floor":23,"key":"infinitespire:FocusingShard"},{"floor":26,"key":"infinitespire:ShieldingShard"},{"floor":27,"key":"Bronze Scales"},{"floor":31,"key":"hubris:Reverence"}],"event_choices":[{"cards_removed":["Strike_R"],"damage_healed":0,"gold_gain":0,"player_choice":"Card Removal","damage_taken":0,"max_hp_gain":0,"max_hp_loss":0,"event_name":"The Cleric","floor":2,"gold_loss":50},{"damage_healed":0,"gold_gain":0,"player_choice":"Success","damage_taken":7,"relics_obtained":["Nunchaku"],"max_hp_gain":0,"max_hp_loss":0,"event_name":"Scrap Ooze","floor":10,"gold_loss":0},{"damage_healed":0,"gold_gain":0,"player_choice":"Bought 1 Potion","damage_taken":0,"max_hp_gain":0,"max_hp_loss":0,"event_name":"The Woman in Blue","floor":11,"gold_loss":0},{"cards_removed":["Defend_R"],"damage_healed":0,"gold_gain":0,"player_choice":"Upgrade and Remove","damage_taken":0,"max_hp_gain":0,"max_hp_loss":0,"event_name":"Designer","floor":25,"gold_loss":90,"cards_upgraded":["Defend_R"]}],"is_beta":false,"boss_relics":[{"not_picked":["Philosopher\u0027s Stone","hubris:ScarierMask"],"picked":"Astrolabe"}],"items_purged_floors":[],"is_endless":false,"potions_floor_spawned":[3,12,13,29,31],"killed_by":"Automaton","ascension_level":5}}