{"host":"49c2zf0lajbcs427","time":1609655035,"event":{"mods":["AchievementEnabler","BaseMod","Colored Map","Colored Powertips","Highlight Path","Key Reminder","Minty Spire (QoL Compilation)","Relic Stats","StSLib"],"gold_per_floor":[109,109,109,126,78,78,113,113,113,125,144,179,198,198,198,198,198],"floor_reached":16,"playtime":767,"items_purged":[],"score":187,"play_id":"0931300e-40eb-476c-bb81-a77d47673e5e","local_time":"20210103192355","is_ascension_mode":true,"campfire_choices":[{"data":"Bash","floor":6,"key":"SMITH"},{"data":"Clothesline","floor":8,"key":"SMITH"},{"data":"Corruption","floor":15,"key":"SMITH"}],"circlet_count":0,"master_deck":["AscendersBane","Strike_R","Strike_R","Strike_R","Strike_R","Strike_R","Defend_R","Defend_R","Defend_R","Defend_R","Bash+1","Iron Wave","Twin Strike","Clothesline+1","Corruption+1","Pommel Strike","Shrug It Off","Cleave"],"relics":["SacredBark","Peace Pipe","Orichalcum","Tiny Chest","Ornamental Fan"],"acts_visited":["Exordium"],"potions_floor_usage":[7,12,16,16],"damage_taken":[{"damage":3,"enemies":"Jaw Worm","floor":1,"turns":5},{"damage":0,"enemies":"2 Louse","floor":4,"turns":4},{"damage":15,"enemies":"3 Sentries","floor":7,"turns":7},{"damage":0,"enemies":"Cultist","floor":10,"turns":3},{"damage":15,"enemies":"Lots of Slimes","floor":11,"turns":6},{"damage":19,"enemies":"Lagavulin","floor":12,"turns":7},{"damage":1,"enemies":"Blue Slaver","floor":13,"turns":3},{"damage":32,"enemies":"The Guardian","floor":16,"turns":10}],"seed_played":"3478448822324505416","potions_obtained":[{"floor":4,"key":"Weak Potion"},{"floor":11,"key":"Fruit Juice"},{"floor":13,"key":"ElixirPotion"}],"is_trial":false,"path_per_floor":["M","?","?","M","$","R","E","R","T","M","M","E","M","?","R","B"],"character_chosen":"IRONCLAD","items_purchased":["Fire Potion"],"campfire_rested":0,"item_purchase_floors":[5],"current_hp_per_floor":[65,70,70,70,70,70,55,55,55,55,40,31,30,30,30,0,0],"gold":198,"neow_bonus":"BOSS_RELIC","is_daily":false,"chose_seed":false,"campfire_upgraded":3,"win_rate":0.0,"timestamp":1609655035,"path_taken":["M","?","?","M","?","R","E","R","T","M","M","E","M","?","R","BOSS"],"items_purchased_type":["Potion"],"build_version":"2020-12-22","purchased_purges":0,"victory":false,"max_hp_per_floor":[75,80,80,80,80,80,80,80,80,80,80,90,90,90,90,90,90],"relic_stats":{"Peace Pipe":0,"counters":[8,45],"Ornamental Fan":[4],"Tiny Chest":0,"Orichalcum":[114],"obtain_stats":[{"Peace Pipe":7,"Ornamental Fan":14,"SacredBark":0,"Tiny Chest":12,"Orichalcum":9,"Burning Blood":0},{"Peace Pipe":3,"Ornamental Fan":7,"SacredBark":0,"Tiny Chest":6,"Orichalcum":3,"Burning Blood":0},{"Peace Pipe":16,"Ornamental Fan":35,"SacredBark":0,"Tiny Chest":32,"Orichalcum":16,"Burning Blood":0}]},"card_choices":[{"not_picked":["True Grit","Anger"],"picked":"Iron Wave","floor":1},{"not_picked":["Battle Trance","Armaments"],"picked":"Twin Strike","floor":4},{"not_picked":["Sever Soul","Warcry"],"picked":"Clothesline","floor":7},{"not_picked":["Power Through","Body Slam"],"picked":"Corruption","floor":10},{"not_picked":["Cleave","Blood for Blood"],"picked":"Pommel Strike","floor":11},{"not_picked":["Whirlwind","Perfected Strike"],"picked":"Shrug It Off","floor":12},{"not_picked":["Wild Strike","Second Wind"],"picked":"Cleave","floor":13}],"player_experience":2224769,"relics_obtained":[{"floor":7,"key":"Peace Pipe"},{"floor":9,"key":"Orichalcum"},{"floor":12,"key":"Tiny Chest"}],"event_choices":[{"damage_healed":0,"gold_gain":0,"player_choice":"Donut","damage_taken":0,"max_hp_gain":5,"max_hp_loss":0,"event_name":"Big Fish","floor":2,"gold_loss":0},{"damage_healed":0,"gold_gain":0,"player_choice":"Leave","damage_taken":0,"max_hp_gain":0,"max_hp_loss":0,"event_name":"The Cleric","floor":3,"gold_loss":0},{"damage_healed":0,"gold_gain":0,"player_choice":"Searched \u00271\u0027 times","damage_taken":0,"relics_obtained":["Ornamental Fan"],"max_hp_gain":0,"max_hp_loss":0,"event_name":"Dead Adventurer","floor":14,"gold_loss":0}],"is_beta":false,"boss_relics":[],"items_purged_floors":[],"is_endless":false,"potions_floor_spawned":[4,11,13],"killed_by":"The Guardian","ascension_level":14}}