{"host":"p4yrwepmrl4g8pul","time":1609686703,"event":{"mods":["Act Like it!","BaseMod","BetterRewards","Colored Map","Custom Start","Gensokyo","Marisa£®ÏF”Í°°ƒß¿Ì…≥£©","Minty Spire (QoL Compilation)","Quick Restart","Rare Cards Sparkle","Reimu£®≤©¿ˆ¡È√Œ£©","Remilia£®¿Ÿ√◊¿Ú—«£©","Remove Card Discount Mod","Shop Mod","StSLib","The Jungle"],"gold_per_floor":[136,147,37,88,118,118,147,23,102,114,114,114,114,134,134,210,210,228,240,256,0,0,29,29,61,61,88,9,25,35,45,45,119,119,131,146,146,146,146,146,181,196,246,246,258,113,113,113,113,113,113],"floor_reached":52,"playtime":2045,"items_purged":["Strike_Lin:ReiMu","HandOfGreed","Panache","Jack Of All Trades","Stagnation:ReiMu","NB:ReiMu","Strike_Lin:ReiMu","Defend_Lin:ReiMu","Strike_Lin:ReiMu","Strike_Lin:ReiMu","HandOfGreed","Violence","OrbThrow:ReiMu","Defend_Lin:ReiMu"],"score":2284,"play_id":"fc7d4fa8-6e11-48de-ad64-1fc4de11d64b","local_time":"20210103231143","daily_mods":["Allstar","Purple Cards","Lethality"],"is_ascension_mode":true,"campfire_choices":[{"data":"FoulBorder2:ReiMu","floor":6.0,"key":"SMITH"},{"data":"Madness","floor":11.0,"key":"SMITH"},{"data":"RainPray2:ReiMu","floor":13.0,"key":"SMITH"},{"data":"KamiRite:ReiMu","floor":15.0,"key":"SMITH"},{"data":"SpreadBorder2:ReiMu","floor":24.0,"key":"SMITH"},{"data":"YinYangSign:ReiMu","floor":32,"key":"SMITH"},{"data":"Good Instincts","floor":40,"key":"SMITH"},{"data":"Defend_Lin:ReiMu","floor":44,"key":"SMITH"},{"floor":47,"key":"REST"},{"data":"OctopathBindingBorder2:ReiMu","floor":49,"key":"SMITH"}],"circlet_count":0,"master_deck":["AscendersBane","Defend_Lin:ReiMu+1","Defend_Lin:ReiMu+1","RainPray2:ReiMu+1","SubAcupoint:ReiMu+1","Good Instincts+1","FoulBorder2:ReiMu+1","TightArray:ReiMu","KamiRite:ReiMu+1","Madness+1","KamiRite:ReiMu+1","YinYangSign:ReiMu+1","Enchanting:ReiMu","RainPray2:ReiMu+1","SpreadBorder2:ReiMu+1","OctopathBindingBorder2:ReiMu+1","OctopathBindingBorder2:ReiMu"],"relics":["FlyPower:ReiMu","KaguraBell:ReiMu","StrikeDummy","SlaversCollar","PreservedInsect","Pocketwatch","Question Card","FadedRune:ReiMu","DonationBox:ReiMu","Bottled Tornado","InkBottle","Juzu Bracelet"],"acts_visited":["Exordium","Gensokyo:Gensokyo","Gensokyo:Gensokyoer"],"potions_floor_usage":[33,41,50,50],"damage_taken":[{"damage":0.0,"enemies":"Gensokyo:Python","floor":1.0,"turns":3.0},{"damage":0.0,"enemies":"Gensokyo:3_Fairies","floor":2.0,"turns":2.0},{"damage":0.0,"enemies":"Gensokyo:2_Kodama","floor":4.0,"turns":3.0},{"damage":6.0,"enemies":"Gensokyo:VengefulSpirit","floor":5.0,"turns":5.0},{"damage":0.0,"enemies":"Gensokyo:Aya","floor":7.0,"turns":6.0},{"damage":15.0,"enemies":"Gensokyo:CorruptedTreant","floor":10.0,"turns":4.0},{"damage":6.0,"enemies":"Gensokyo:Kitsune","floor":14.0,"turns":3.0},{"damage":11.0,"enemies":"Gensokyo:Kokoro","floor":16.0,"turns":10.0},{"damage":0.0,"enemies":"Gensokyo:CosmicMonolith","floor":18.0,"turns":3.0},{"damage":0.0,"enemies":"Gensokyo:2_Gloops","floor":19.0,"turns":4.0},{"damage":5.0,"enemies":"Gensokyo:Slime_Group","floor":20.0,"turns":3.0},{"damage":3.0,"enemies":"Gensokyo:Koishi","floor":23.0,"turns":5.0},{"damage":0,"enemies":"Gensokyo:Reisen","floor":25,"turns":4},{"damage":0,"enemies":"Gensokyo:Tenshi","floor":27,"turns":4},{"damage":0,"enemies":"Gensokyo:Chomper_and_Gloop","floor":29,"turns":4},{"damage":0,"enemies":"Gensokyo:3_Gloops","floor":30,"turns":6},{"damage":0,"enemies":"Gensokyo:Wraith","floor":31,"turns":6},{"damage":0,"enemies":"Gensokyo:Kaguya","floor":33,"turns":11},{"damage":0,"enemies":"Gensokyo:3_Bats","floor":35,"turns":5},{"damage":0,"enemies":"Gensokyo:AncientGuardian","floor":36,"turns":5},{"damage":3,"enemies":"Gensokyo:Kasen","floor":41,"turns":5},{"damage":1,"enemies":"Gensokyo:SeedOfUnknown","floor":42,"turns":5},{"damage":0,"enemies":"Gensokyo:Rafflesia","floor":45,"turns":6},{"damage":0,"enemies":"Gensokyo:Yuyuko","floor":50,"turns":7},{"damage":18,"enemies":"Gensokyo:Shinki","floor":51,"turns":11}],"seed_played":"8543714395964152692","potions_obtained":[{"floor":1.0,"key":"AttackPotion"},{"floor":4.0,"key":"Regen Potion"},{"floor":14.0,"key":"GrandPatriotsElixir:ReiMu"},{"floor":18.0,"key":"ColorlessPotion"},{"floor":19.0,"key":"AttackPotion"},{"floor":23.0,"key":"SneckoOil"},{"floor":27,"key":"ZuzhouPotion:ReiMu"},{"floor":29,"key":"BlessingOfTheForge"},{"floor":36,"key":"ColorlessPotion"},{"floor":42,"key":"GrandPatriotsElixir:ReiMu"}],"is_trial":true,"path_per_floor":["M","M","$","M","M","R","E","$","T","M","R","?","R","M","R","B",null,"M","M","M","?","?","E","R","E","T","E","$","M","M","M","R","B",null,"M","M","?","?","T","R","E","M","T","R","M","$","R","?","R","B","B",null],"character_chosen":"REIMU","items_purchased":["Good Instincts","Madness","OrbThrow:ReiMu","OctopathBindingBorder2:ReiMu","OctopathBindingBorder2:ReiMu","ZuzhouPotion:ReiMu"],"campfire_rested":1,"item_purchase_floors":[3,8,8,28,46,46],"current_hp_per_floor":[54,54,54,54,48,48,60,60,60,45,45,45,45,39,39,28,52,52,52,47,47,47,44,44,44,44,44,44,44,44,44,44,44,56,56,56,44,44,44,44,41,40,40,40,40,40,58,58,58,58,40],"gold":113,"neow_bonus":"","is_daily":false,"chose_seed":true,"campfire_upgraded":9,"win_rate":0.0,"timestamp":1609686703,"path_taken":["M","M","$","M","M","R","E","$","T","M","R","?","R","M","R","BOSS","M","M","?","?","?","E","R","E","T","E","?","?","M","M","R","BOSS","M","?","?","?","?","R","E","M","T","R","M","$","R","?","R","BOSS","BOSS"],"items_purchased_type":["Card","Card","Card","Card","Card","Potion"],"build_version":"2020-12-22","purchased_purges":14,"victory":true,"max_hp_per_floor":[60,60,60,60,60,60,60,60,60,60,60,60,60,60,60,60,60,60,60,60,60,60,60,60,60,60,60,60,60,60,60,60,60,60,60,60,60,60,60,60,60,60,60,60,60,60,60,60,60,60,60],"card_choices":[{"not_picked":["SubcavityInstant:ReiMu","PayForSelf:ReiMu"],"picked":"RainPray2:ReiMu","floor":1.0},{"not_picked":["Intuition:ReiMu","Amulet:ReiMu"],"picked":"SubAcupoint:ReiMu","floor":2.0},{"not_picked":["LearningPray:ReiMu","NineCharacters:ReiMu"],"picked":"FoulBorder2:ReiMu","floor":4.0},{"not_picked":["SubAcupoint:ReiMu","SpreadBorder2:ReiMu"],"picked":"TightArray:ReiMu","floor":5.0},{"not_picked":["PassingAway:ReiMu","ForcedLanding:ReiMu"],"picked":"KamiRite:ReiMu","floor":7.0},{"not_picked":["SafetyPray:ReiMu","CareerPray:ReiMu","Intuition:ReiMu"],"picked":"SKIP","floor":10.0},{"not_picked":["Meditation:ReiMu","Conquer:ReiMu","Intuition:ReiMu"],"picked":"SKIP","floor":14.0},{"not_picked":["Shading:ReiMu","CleanRite:ReiMu"],"picked":"KamiRite:ReiMu","floor":16.0},{"not_picked":["NineCharacters:ReiMu","OrbThrow:ReiMu"],"picked":"YinYangSign:ReiMu","floor":18.0},{"not_picked":["Dreaming2:ReiMu","SubcavityInstant:ReiMu"],"picked":"Enchanting:ReiMu","floor":19.0},{"not_picked":["OrbThrow:ReiMu","ForcedLanding:ReiMu"],"picked":"RainPray2:ReiMu","floor":20.0},{"not_picked":["OrbThrow:ReiMu","CollectionFlower2:ReiMu"],"picked":"SpreadBorder2:ReiMu","floor":23.0},{"not_picked":["FoulBorder2:ReiMu","LearningPray:ReiMu","SubcavityInstant:ReiMu"],"picked":"SKIP","floor":25},{"not_picked":["SubAcupoint:ReiMu","Conquer:ReiMu","ForcedLanding:ReiMu","FineLineFantasy:ReiMu"],"picked":"SKIP","floor":27},{"not_picked":["DoubleButterfly:ReiMu","TakeOff:ReiMu","OctopathBindingBorder2:ReiMu","FantasyBorder:ReiMu"],"picked":"SKIP","floor":29},{"not_picked":["FantasyMoon:ReiMu+1","AirStrike:ReiMu+1","RainPray2:ReiMu","Revelation:ReiMu"],"picked":"SKIP","floor":30},{"not_picked":["Mountainwind:ReiMu+1","Dreaming2:ReiMu","SafetyPray:ReiMu","TightArray:ReiMu"],"picked":"SKIP","floor":31},{"not_picked":["SubAcupoint:ReiMu","OctopathBindingBorder2:ReiMu","UniversalSpiritual:ReiMu","Meditation:ReiMu"],"picked":"SKIP","floor":35},{"not_picked":["Conquer:ReiMu","InherentArray:ReiMu","EmergencyTakeOff:ReiMu","TightArray:ReiMu"],"picked":"SKIP","floor":36},{"not_picked":["HakureiPhantom:ReiMu","Crusade:ReiMu+1","CareerPray:ReiMu","TightArray:ReiMu"],"picked":"SKIP","floor":41},{"not_picked":["SubcavityInstant:ReiMu+1","SafetyPray:ReiMu+1","Intuition:ReiMu+1","HakureiPhantom:ReiMu"],"picked":"SKIP","floor":42},{"not_picked":["SpringWay:ReiMu","Conquer:ReiMu","EmergencyTakeOff:ReiMu","TightArray:ReiMu"],"picked":"SKIP","floor":45}],"player_experience":774172,"relics_obtained":[{"floor":7.0,"key":"KaguraBell:ReiMu"},{"floor":9.0,"key":"StrikeDummy"},{"floor":23.0,"key":"PreservedInsect"},{"floor":25,"key":"Pocketwatch"},{"floor":26,"key":"Question Card"},{"floor":27,"key":"FadedRune:ReiMu"},{"floor":39,"key":"Bottled Tornado"},{"floor":41,"key":"InkBottle"},{"floor":43,"key":"Juzu Bracelet"}],"event_choices":[],"is_beta":false,"boss_relics":[{"not_picked":["Cursed Key","Sozu"],"picked":"SlaversCollar"},{"not_picked":["ShineYinYang:ReiMu","Runic Dome"],"picked":"DonationBox:ReiMu"}],"items_purged_floors":[3,3,3,3,3,3,3,3,8,8,8,8,28,28],"is_endless":false,"potions_floor_spawned":[1,4,14,18,19,23,27,29,36,42],"ascension_level":20}}