{"host":"d7qmn60fs48wu5y6","time":1609714419,"event":{"mods":["BaseMod","Downfall","Marisa????????","Minty Spire (QoL Compilation)","Shade Mod","StSLib","The Bug Knight","The Cursed","The Necromancer","The Servant 0.9.4"],"gold_per_floor":[99,99,99,99,199,124,124,151,166,91,121,146,9,9,27,127,127,52,66,80,80,26,56,56,71,397,397,322,335,335,335,348,450,450,450,462,148,161,171,203,203,203,216,216,216,216,216,250,272,284],"floor_reached":51,"playtime":2584,"items_purged":["Defend_W","Defend_W","Strike_W+1"],"score":888,"play_id":"c4733a40-dd44-4a59-83b1-5b019a127bf7","local_time":"20210103145339","is_ascension_mode":true,"campfire_choices":[{"floor":1,"key":"RECALL"},{"data":"Negative_Energy_Arrows","floor":6,"key":"SMITH"},{"data":"Slay_Living","floor":18,"key":"SMITH"},{"floor":28,"key":"REST"},{"floor":30,"key":"REST"},{"data":"Bones_to_Steel","floor":35,"key":"SMITH"},{"floor":42,"key":"REST"},{"data":"Summon_Vampire_Lady","floor":44,"key":"SMITH"},{"data":"Summon_Lich","floor":47,"key":"SMITH"}],"circlet_count":0,"master_deck":["Strike_W+1","Strike_W+1","Defend_W+1","Defend_W+1","Negative_Energy_Arrows+1","Bone_Wall","Bone_Armor","Bone_Armor","Plague_Bolt","Spectral_Armor","Negative_Energy_Javelin","Slay_Living+1","Grasp_Heart","Negative_Energy_Sphere+1","Negative_Energy_Sphere","Skeleton_Dragon","Bones_to_Steel+1","Summon_Lich+1","Violent_Necrosis","Blood_Is_Power+1","Summon_Vampire_Lady+1","Negative_Energy_Shield","Negative_Energy_Mist+1","Negative_Energy_Mist+1","Stop_Heart","Summon_Undead_Army","Grasp_Heart","Scare+1","Negative_Energy_Shield+1","Summon_Vampire_Lady+1","Bone_Bullets"],"relics":["Vampire_Amulet","downfall:HeartsMalice","downfall:HeartBlessingRed","The Courier","FossilizedHelix","Black Star","downfall:HeartBlessingGreen","Nloth\u0027s Gift","Ornamental Fan","StoneCalendar","Mango","Old Coin","Regal Pillow","downfall:HeartBlessingBlue","SlaversCollar","Membership Card","Potion Belt","Mummified Hand","Mercury Hourglass","MawBank","HollowMod:LifeEnderRelic"],"acts_visited":["Exordium","TheCity","TheBeyond"],"potions_floor_usage":[23,23,25,43,43,49],"damage_taken":[{"damage":0,"enemies":"Small Slimes","floor":3,"turns":1},{"damage":0,"enemies":"Jaw Worm","floor":4,"turns":1},{"damage":0,"enemies":"HollowMod:MossKnight","floor":8,"turns":1},{"damage":0,"enemies":"Cultist","floor":9,"turns":4},{"damage":0,"enemies":"downfall:FleeingMerchant","floor":10,"turns":4},{"damage":26,"enemies":"Lagavulin","floor":12,"turns":8},{"damage":0,"enemies":"downfall:FleeingMerchant","floor":13,"turns":4},{"damage":0,"enemies":"Blue Slaver","floor":15,"turns":3},{"damage":19,"enemies":"downfall:Watcher","floor":16,"turns":16},{"damage":0,"enemies":"Chosen","floor":19,"turns":4},{"damage":1,"enemies":"Snecko","floor":20,"turns":4},{"damage":0,"enemies":"downfall:FleeingMerchant","floor":22,"turns":4},{"damage":24,"enemies":"Slavers","floor":23,"turns":7},{"damage":39,"enemies":"Cultist and Chosen","floor":25,"turns":8},{"damage":21,"enemies":"HollowMod:Nosk","floor":26,"turns":7},{"damage":6,"enemies":"Centurion and Healer","floor":29,"turns":7},{"damage":11,"enemies":"Chosen and Byrds","floor":32,"turns":5},{"damage":26,"enemies":"downfall:Silent","floor":33,"turns":10},{"damage":2,"enemies":"3 Shapes","floor":36,"turns":6},{"damage":0,"enemies":"downfall:FleeingMerchant","floor":37,"turns":4},{"damage":23,"enemies":"Orb Walker","floor":38,"turns":4},{"damage":43,"enemies":"Spire Growth","floor":39,"turns":5},{"damage":56,"enemies":"Giant Head","floor":40,"turns":9},{"damage":0,"enemies":"Jaw Worm Horde","floor":43,"turns":3},{"damage":0,"enemies":"Nemesis","floor":48,"turns":7},{"damage":21,"enemies":"Maw","floor":49,"turns":7},{"damage":24,"enemies":"downfall:Defect","floor":50,"turns":6}],"seed_played":"2322358753626346346","potions_obtained":[{"floor":12,"key":"Energy Potion"},{"floor":15,"key":"Block Potion"},{"floor":16,"key":"DistilledChaos"},{"floor":25,"key":"LiquidMemories"},{"floor":26,"key":"Guardian:BlockOnCardUsePotion"},{"floor":32,"key":"Explosive Potion"},{"floor":36,"key":"Energy Potion"},{"floor":40,"key":"champ:CounterPotion"},{"floor":48,"key":"AttackPotion"},{"floor":49,"key":"Regen Potion"}],"is_trial":false,"path_per_floor":["R","?","M","M","?","R","T","E","M","$","?","E","$","?","M","B",null,"R","M","M","?","$","E","T","M","E","?","R","M","R","?","M","B",null,"R","M","$","M","M","E","T","R","M","R","?","?","R","E","M","B",null],"character_chosen":"NECROMANCER","items_purchased":["Negative_Energy_Javelin","Bones_to_Steel","Membership Card","Stop_Heart","Summon_Undead_Army","Grasp_Heart"],"campfire_rested":3,"item_purchase_floors":[13,22,37,37,37,37],"current_hp_per_floor":[75,72,72,72,72,72,72,72,74,74,74,50,50,50,52,35,75,75,75,75,75,75,57,71,36,17,17,71,69,99,99,90,84,99,99,99,99,84,55,16,16,60,69,69,87,87,87,87,80,82],"gold":296,"neow_bonus":"THREE_ENEMY_KILL","is_daily":false,"chose_seed":false,"campfire_upgraded":5,"win_rate":0.0,"timestamp":1609714419,"path_taken":["R","?","M","M","?","R","T","E","M","?","?","E","$","?","M","BOSS","R","M","M","?","$","E","T","?","E","?","R","M","R","?","M","BOSS","R","M","$","M","M","E","T","R","M","R","?","?","R","E","M","BOSS"],"items_purchased_type":["Card","Card","Relic","Card","Card","Card"],"build_version":"2020-12-22","purchased_purges":3,"victory":true,"max_hp_per_floor":[75,75,75,75,75,75,75,75,75,75,75,75,75,75,75,75,75,75,75,75,75,75,75,89,89,89,89,99,99,99,99,99,99,99,99,99,99,99,99,99,99,99,99,99,87,87,87,87,87,87],"card_choices":[{"not_picked":["Strike_from_Beyond","Chill_Blood","Blood_Whip"],"picked":"SKIP","floor":3},{"not_picked":["Scare","Blood_Shield"],"picked":"Bone_Armor","floor":4},{"not_picked":["Necromantic_Selection","Consume_Illness"],"picked":"Bone_Armor","floor":8},{"not_picked":["Blood_for_Blood","Shade_Step","Vampiric_Strike"],"picked":"SKIP","floor":9},{"not_picked":["Shackles_Of_Pain","Death_March_Dance"],"picked":"Plague_Bolt","floor":10},{"not_picked":["Bone_Shift","Reap_The_Weak","Detonate_Bones"],"picked":"SKIP","floor":12},{"not_picked":["Bone_Armor","Violent_Necrosis"],"picked":"Spectral_Armor","floor":13},{"not_picked":["Negative_Energy_Shield","Death_Coil"],"picked":"Slay_Living","floor":15},{"not_picked":["Reap_The_Weak","Summon_Death_Knight"],"picked":"Grasp_Heart","floor":16},{"not_picked":["Blood_Whip","Death_Coil+1"],"picked":"Negative_Energy_Sphere+1","floor":19},{"not_picked":["Shackles_Of_Pain","Chill_Blood"],"picked":"Negative_Energy_Sphere","floor":20},{"not_picked":["Death_Knell+1","Negative_Energy_Sphere"],"picked":"Skeleton_Dragon","floor":22},{"not_picked":["Blood_for_Blood","Consume_Illness"],"picked":"Summon_Lich","floor":23},{"not_picked":["Death_Coil","Death_March_Dance+1"],"picked":"Violent_Necrosis","floor":25},{"not_picked":["Negative_Energy_Shield","Bones_to_Steel"],"picked":"Blood_Is_Power+1","floor":26},{"not_picked":["Bones_to_Steel+1","Life_Drain"],"picked":"Summon_Vampire_Lady","floor":29},{"not_picked":["Blood_Shield","Bone_Armor"],"picked":"Negative_Energy_Shield","floor":32},{"not_picked":["Skeleton_Dragon","Bone_Shift"],"picked":"Negative_Energy_Mist+1","floor":36},{"not_picked":["Finger_Of_Death+1","Chill_Blood+1"],"picked":"Negative_Energy_Mist+1","floor":37},{"not_picked":["Uncharnel","Blood_Is_Power"],"picked":"Scare+1","floor":38},{"not_picked":["Finger_Of_Death+1","Bone_Spikes+1"],"picked":"Negative_Energy_Shield+1","floor":39},{"not_picked":["Skeleton_Dragon","Reap_The_Weak"],"picked":"Summon_Vampire_Lady","floor":40},{"not_picked":["Blood_Whip","Strike_from_Beyond+1","Negative_Energy_Javelin"],"picked":"SKIP","floor":43},{"not_picked":["Grasp_Heart","Death_Knell+1","Blood_Whip+1"],"picked":"SKIP","floor":48},{"not_picked":["Vampiric_Strike","Blood_for_Blood"],"picked":"Bone_Bullets","floor":49}],"player_experience":895193,"relics_obtained":[{"floor":8,"key":"The Courier"},{"floor":12,"key":"FossilizedHelix"},{"floor":23,"key":"Ornamental Fan"},{"floor":23,"key":"StoneCalendar"},{"floor":24,"key":"Mango"},{"floor":26,"key":"Old Coin"},{"floor":26,"key":"Regal Pillow"},{"floor":40,"key":"Potion Belt"},{"floor":40,"key":"Mummified Hand"},{"floor":41,"key":"Mercury Hourglass"},{"floor":48,"key":"MawBank"},{"floor":48,"key":"HollowMod:LifeEnderRelic"}],"event_choices":[{"damage_healed":0,"gold_gain":0,"player_choice":"Success","damage_taken":3,"relics_obtained":["War Paint"],"max_hp_gain":0,"max_hp_loss":0,"event_name":"Scrap Ooze","floor":2,"gold_loss":0},{"damage_healed":0,"gold_gain":0,"player_choice":"Simplicity","damage_taken":0,"max_hp_gain":0,"max_hp_loss":0,"event_name":"Back to Basics","floor":27,"gold_loss":0,"cards_upgraded":["Strike_W","Strike_W","Strike_W","Strike_W"]},{"damage_healed":0,"gold_gain":0,"player_choice":"Upgraded","damage_taken":0,"max_hp_gain":0,"max_hp_loss":0,"event_name":"Upgrade Shrine","floor":31,"gold_loss":0,"cards_upgraded":["Summon_Vampire_Lady"]},{"cards_removed":["Strike_W"],"damage_healed":0,"gold_gain":0,"player_choice":"Removed Attack","damage_taken":0,"max_hp_gain":0,"max_hp_loss":0,"event_name":"Falling","floor":46,"gold_loss":0}],"is_beta":false,"boss_relics":[{"not_picked":["Astrolabe","Coffee Dripper"],"picked":"Black Star"},{"not_picked":["Cursed Key","Runic Pyramid"],"picked":"SlaversCollar"}],"items_purged_floors":[10,13,37],"is_endless":false,"potions_floor_spawned":[12,15,16,25,26,32,33,36,40,48,49],"ascension_level":1}}