{"host":"j0vzbnzm6n2ctevn","time":1609669729,"event":{"mods":["AchievementEnabler","BaseMod","Minty Spire (QoL Compilation)","Quick Restart","Shop Mod","Spicy Shops","StSLib"],"gold_per_floor":[118,128,303,303,253,253,272,272,272,41,66,78,89,108,108,208,208,227,227,244,90,106,106,135,135,160,160,179,196,196,196,196,299,299,309,60,80,0,0,35,45,45,70,70,82,82,114,62,62,62,62],"floor_reached":50,"playtime":2975,"items_purged":["Strike_R","Bash"],"score":520,"play_id":"2f5daf59-d3a5-4a9b-b13a-3289bb047320","local_time":"20210103182849","is_ascension_mode":false,"campfire_choices":[{"data":"Carnage","floor":6.0,"key":"SMITH"},{"data":"Shrug It Off","floor":8.0,"key":"SMITH"},{"data":"Flame Barrier","floor":15.0,"key":"SMITH"},{"floor":23.0,"key":"RECALL"},{"data":"Flex","floor":25.0,"key":"SMITH"},{"data":"Infernal Blade","floor":27.0,"key":"SMITH"},{"data":"Metallicize","floor":32.0,"key":"SMITH"},{"floor":42.0,"key":"REST"},{"floor":44.0,"key":"REST"},{"floor":49.0,"key":"REST"}],"circlet_count":0,"master_deck":["Strike_R+1","Defend_R+1","Defend_R+1","Defend_R+1","Defend_R+1","Shrug It Off+1","Carnage+1","Spot Weakness","Infernal Blade+1","Headbutt","Thunderclap","Flame Barrier+1","Exhume","Shrug It Off+1","Flex+1","Cleave+1","Twin Strike","Immolate","Spot Weakness","Sword Boomerang+1","Power Through+1","Flex","Sword Boomerang+1","Dual Wield+1","Twin Strike"],"relics":["Burning Blood","HornCleat","Omamori","Pear","Calling Bell","Centennial Puzzle","InkBottle","Ginger","Medical Kit","Art of War","Enchiridion","Black Star","Bag of Marbles","Red Mask","StoneCalendar","Red Skull","Toy Ornithopter","Oddly Smooth Stone","Mercury Hourglass"],"acts_visited":["Exordium","TheCity","TheBeyond"],"potions_floor_usage":[],"damage_taken":[{"damage":18.0,"enemies":"Jaw Worm","floor":1.0,"turns":4.0},{"damage":5.0,"enemies":"Small Slimes","floor":2.0,"turns":4.0},{"damage":5.0,"enemies":"2 Louse","floor":7.0,"turns":2.0},{"damage":15.0,"enemies":"Gremlin Nob","floor":11.0,"turns":4.0},{"damage":9.0,"enemies":"Blue Slaver","floor":12.0,"turns":3.0},{"damage":0.0,"enemies":"2 Fungi Beasts","floor":13.0,"turns":3.0},{"damage":5.0,"enemies":"Red Slaver","floor":14.0,"turns":4.0},{"damage":7.0,"enemies":"Slime Boss","floor":16.0,"turns":9.0},{"damage":10.0,"enemies":"2 Thieves","floor":18.0,"turns":4.0},{"damage":12.0,"enemies":"Spheric Guardian","floor":20.0,"turns":4.0},{"damage":9.0,"enemies":"Snake Plant","floor":22.0,"turns":5.0},{"damage":28.0,"enemies":"Book of Stabbing","floor":24.0,"turns":6.0},{"damage":0.0,"enemies":"Cultist and Chosen","floor":28.0,"turns":3.0},{"damage":0.0,"enemies":"Chosen and Byrds","floor":29.0,"turns":7.0},{"damage":65.0,"enemies":"Automaton","floor":33.0,"turns":10.0},{"damage":3.0,"enemies":"3 Shapes","floor":35.0,"turns":2.0},{"damage":15.0,"enemies":"Orb Walker","floor":37.0,"turns":2.0},{"damage":70.0,"enemies":"Nemesis","floor":40.0,"turns":11.0},{"damage":10.0,"enemies":"Sphere and 2 Shapes","floor":41.0,"turns":6.0},{"damage":18.0,"enemies":"Spire Growth","floor":45.0,"turns":4.0},{"damage":14.0,"enemies":"Reptomancer","floor":47.0,"turns":5.0},{"damage":80,"enemies":"Donu and Deca","floor":50,"turns":6}],"seed_played":"-2183007108503922035","potions_obtained":[{"floor":2.0,"key":"LiquidMemories"},{"floor":7.0,"key":"ColorlessPotion"},{"floor":12.0,"key":"Fire Potion"},{"floor":18.0,"key":"BloodPotion"},{"floor":33.0,"key":"SpeedPotion"},{"floor":37.0,"key":"Weak Potion"},{"floor":40.0,"key":"BlessingOfTheForge"}],"is_trial":false,"path_per_floor":["M","M","?","?","?","R","M","R","T","$","E","M","M","M","R","B",null,"M","?","M","$","M","R","E","R","T","R","M","M","?","?","R","B",null,"M","$","M","?","?","E","M","R","T","R","M","$","E","$","R","B"],"character_chosen":"IRONCLAD","items_purchased":["Omamori","Medical Kit","Bag of Marbles","Twin Strike"],"campfire_rested":3,"item_purchase_floors":[10,21,36,48],"current_hp_per_floor":[68,69,69,62,62,62,63,63,63,63,64,61,67,68,68,67,90,86,86,80,80,77,77,55,55,55,55,61,67,51,51,51,10,90,90,90,81,81,81,17,13,40,40,67,55,55,52,52,79,0,0],"gold":62,"neow_bonus":"REMOVE_CARD","is_daily":false,"chose_seed":false,"campfire_upgraded":6,"win_rate":0.0,"timestamp":1609669729,"path_taken":["M","M","?","?","?","R","M","R","T","$","E","M","?","M","R","BOSS","M","?","M","$","M","R","E","R","T","R","M","M","?","?","R","BOSS","M","?","M","?","?","E","?","R","T","R","M","$","E","$","R","BOSS"],"items_purchased_type":["Relic","Relic","Relic","Card"],"build_version":"2020-12-22","purchased_purges":2,"victory":false,"max_hp_per_floor":[80,80,80,80,80,80,80,80,80,80,90,90,90,90,90,90,90,90,90,90,90,90,90,90,90,90,90,90,90,90,90,90,90,90,90,90,90,90,90,90,90,90,90,90,90,90,90,90,90,90,90],"card_choices":[{"not_picked":["Anger","Body Slam"],"picked":"Shrug It Off","floor":1.0},{"not_picked":["Anger","Pommel Strike"],"picked":"Carnage","floor":2.0},{"not_picked":["Shrug It Off","Thunderclap"],"picked":"Spot Weakness","floor":7.0},{"not_picked":["Inflame","Body Slam"],"picked":"Infernal Blade","floor":11.0},{"not_picked":["Juggernaut","Shrug It Off"],"picked":"Headbutt","floor":12.0},{"not_picked":["Sever Soul","Combust"],"picked":"Thunderclap","floor":13.0},{"not_picked":["Shrug It Off","Pummel"],"picked":"Flame Barrier","floor":14.0},{"not_picked":["Brutality","Bludgeon"],"picked":"Exhume","floor":16.0},{"not_picked":["Clothesline","Reckless Charge"],"picked":"Shrug It Off+1","floor":18.0},{"not_picked":["Uppercut","Heavy Blade","Evolve"],"picked":"SKIP","floor":20.0},{"not_picked":["Iron Wave","Shrug It Off"],"picked":"Flex","floor":22.0},{"not_picked":["Barricade","Iron Wave"],"picked":"Cleave+1","floor":24.0},{"not_picked":["Shrug It Off","Heavy Blade+1"],"picked":"Metallicize","floor":28.0},{"not_picked":["Infernal Blade","Heavy Blade"],"picked":"Twin Strike","floor":29.0},{"not_picked":["Double Tap","Berserk"],"picked":"Immolate","floor":33.0},{"not_picked":["Pommel Strike","Dual Wield"],"picked":"Spot Weakness","floor":35.0},{"not_picked":["Shockwave","Shrug It Off+1"],"picked":"Sword Boomerang+1","floor":37.0},{"not_picked":["Brutality","Carnage"],"picked":"Power Through+1","floor":40.0},{"not_picked":["Warcry","Blood for Blood+1"],"picked":"Flex","floor":41.0},{"not_picked":["Evolve+1","Havoc+1"],"picked":"Sword Boomerang+1","floor":45.0},{"not_picked":["Inflame","Havoc"],"picked":"Dual Wield+1","floor":47.0}],"player_experience":109237,"relics_obtained":[{"floor":9.0,"key":"HornCleat"},{"floor":11.0,"key":"Pear"},{"floor":17.0,"key":"Centennial Puzzle"},{"floor":17.0,"key":"InkBottle"},{"floor":17.0,"key":"Ginger"},{"floor":24.0,"key":"Art of War"},{"floor":30.0,"key":"Enchiridion"},{"floor":40.0,"key":"StoneCalendar"},{"floor":40.0,"key":"Red Skull"},{"floor":43.0,"key":"Toy Ornithopter"},{"floor":47.0,"key":"Oddly Smooth Stone"},{"floor":47.0,"key":"Mercury Hourglass"}],"event_choices":[{"damage_healed":0.0,"max_hp_gain":0.0,"max_hp_loss":0.0,"gold_gain":175.0,"event_name":"Liars Game","player_choice":"AGREE","floor":3.0,"gold_loss":0.0,"damage_taken":0.0,"cards_obtained":["Doubt"]},{"cards_removed":["Doubt"],"damage_healed":0.0,"max_hp_gain":0.0,"max_hp_loss":0.0,"gold_gain":0.0,"event_name":"Golden Wing","player_choice":"Card Removal","floor":4.0,"gold_loss":0.0,"damage_taken":7.0},{"cards_removed":["Strike_R"],"damage_healed":0.0,"max_hp_gain":0.0,"max_hp_loss":0.0,"gold_gain":0.0,"event_name":"The Cleric","player_choice":"Card Removal","floor":5.0,"gold_loss":50.0,"damage_taken":0.0},{"damage_healed":0.0,"max_hp_gain":0.0,"max_hp_loss":0.0,"gold_gain":0.0,"event_name":"Back to Basics","player_choice":"Simplicity","floor":19.0,"gold_loss":0.0,"damage_taken":0.0,"cards_upgraded":["Strike_R","Strike_R","Defend_R","Defend_R","Defend_R","Defend_R"]},{"damage_healed":0.0,"max_hp_gain":0.0,"max_hp_loss":0.0,"gold_gain":0.0,"event_name":"Cursed Tome","player_choice":"Obtained Book","floor":30.0,"gold_loss":0.0,"damage_taken":16.0},{"cards_removed":["Strike_R"],"damage_healed":0.0,"max_hp_gain":0.0,"max_hp_loss":0.0,"gold_gain":0.0,"event_name":"Purifier","player_choice":"Purged","floor":31.0,"gold_loss":0.0,"damage_taken":0.0},{"damage_healed":0.0,"max_hp_gain":0.0,"max_hp_loss":0.0,"gold_gain":0.0,"event_name":"Tomb of Lord Red Mask","player_choice":"Paid","floor":38.0,"gold_loss":80.0,"damage_taken":0.0,"relics_obtained":["Red Mask"]},{"cards_removed":["Metallicize"],"damage_healed":0.0,"max_hp_gain":0.0,"max_hp_loss":0.0,"gold_gain":0.0,"event_name":"Falling","player_choice":"Removed Power","floor":39.0,"gold_loss":0.0,"damage_taken":0.0}],"is_beta":false,"boss_relics":[{"not_picked":["Runic Cube","Astrolabe"],"picked":"Calling Bell"},{"not_picked":["SacredBark","Tiny House"],"picked":"Black Star"}],"items_purged_floors":[10,36],"is_endless":false,"potions_floor_spawned":[2,7,12,18,24,33,37,40],"killed_by":"Donu and Deca","ascension_level":0}}