{"host":"my77oq6kb6j47rwl","time":1609639599,"event":{"mods":["BaseMod","Emptier Cage","Ironclad Rager","Minty Spire (QoL Compilation)","Quick Restart","Rare Cards Sparkle","StSLib"],"gold_per_floor":[19,34,34,50,70,95,95,114,163,163,140,170,181,181,181,252,252,264,274,274,274],"floor_reached":20,"playtime":1576,"items_purged":[],"score":307,"play_id":"adbf1063-dca5-47cc-adf5-9c117a6b78e2","local_time":"20210102210639","is_ascension_mode":true,"campfire_choices":[{"data":"Iron Wave","floor":7,"key":"SMITH"},{"floor":15,"key":"REST"}],"circlet_count":0,"master_deck":["AscendersBane","Bash","Twin Strike","Twin Strike","Twin Strike","Twin Strike","Twin Strike","Iron Wave+1","Iron Wave","Iron Wave","Iron Wave","Spot Weakness+1","Hemokinesis","Armaments+1","Rupture","Pain","Double Tap","Headbutt","Combust+1"],"relics":["Burning Blood","Boot","War Paint","Bottled Flame","WarpedTongs","Sozu"],"acts_visited":["Exordium","TheCity"],"potions_floor_usage":[12],"damage_taken":[{"damage":0,"enemies":"Small Slimes","floor":1,"turns":3},{"damage":12,"enemies":"Jaw Worm","floor":2,"turns":2},{"damage":2,"enemies":"Cultist","floor":4,"turns":3},{"damage":8,"enemies":"Looter","floor":5,"turns":2},{"damage":17,"enemies":"3 Sentries","floor":6,"turns":7},{"damage":7,"enemies":"3 Louse","floor":8,"turns":3},{"damage":17,"enemies":"Gremlin Nob","floor":12,"turns":4},{"damage":18,"enemies":"Gremlin Gang","floor":13,"turns":4},{"damage":30,"enemies":"Hexaghost","floor":16,"turns":7},{"damage":26,"enemies":"2 Thieves","floor":18,"turns":3},{"damage":18,"enemies":"Shell Parasite","floor":19,"turns":4},{"damage":24,"enemies":"Cultist and Chosen","floor":20,"turns":4}],"seed_played":"-3485177598005709093","potions_obtained":[{"floor":2,"key":"Ancient Potion"},{"floor":5,"key":"AttackPotion"}],"is_trial":false,"path_per_floor":["M","M","?","M","M","E","R","M","T","$","?","E","M","?","R","B",null,"M","M","M"],"character_chosen":"IRONCLAD","items_purchased":[],"campfire_rested":1,"item_purchase_floors":[],"current_hp_per_floor":[57,51,44,48,46,35,35,34,34,34,34,23,11,11,32,8,56,36,24,0,0],"gold":274,"neow_bonus":"IRONCLAD_BERSERKER","is_daily":false,"chose_seed":false,"campfire_upgraded":1,"win_rate":0.0,"timestamp":1609639599,"path_taken":["M","M","?","M","M","E","R","M","T","$","?","E","M","?","R","BOSS","M","M","M"],"items_purchased_type":[],"build_version":"2020-12-22","purchased_purges":0,"victory":false,"max_hp_per_floor":[72,72,72,72,72,72,72,72,72,72,72,72,72,72,72,72,72,72,72,72,72],"card_choices":[{"not_picked":["Clothesline","Dropkick"],"picked":"Spot Weakness","floor":1},{"not_picked":["Feel No Pain","Warcry"],"picked":"Hemokinesis","floor":2},{"not_picked":["Clothesline","Anger","Cleave"],"picked":"SKIP","floor":4},{"not_picked":["Sword Boomerang","Second Wind","Body Slam"],"picked":"SKIP","floor":5},{"not_picked":["Burning Pact","Shrug It Off","Flex"],"picked":"SKIP","floor":6},{"not_picked":["Sever Soul","Wild Strike"],"picked":"Armaments","floor":8},{"not_picked":["Anger","Armaments","Dropkick"],"picked":"SKIP","floor":12},{"not_picked":["Burning Pact","Wild Strike"],"picked":"Rupture","floor":13},{"not_picked":["Exhume","Demon Form"],"picked":"Double Tap","floor":16},{"not_picked":["True Grit","Sword Boomerang"],"picked":"Headbutt","floor":18},{"not_picked":["Entrench","Clothesline"],"picked":"Combust+1","floor":19}],"player_experience":1014432,"relics_obtained":[{"floor":6,"key":"Boot"},{"floor":9,"key":"War Paint"},{"floor":12,"key":"Bottled Flame"}],"event_choices":[{"cards_removed":["Decay"],"damage_healed":0,"gold_gain":0,"player_choice":"Card Removal","damage_taken":7,"max_hp_gain":0,"max_hp_loss":0,"event_name":"Golden Wing","floor":3,"gold_loss":0},{"damage_healed":0,"gold_gain":0,"player_choice":"Left Gold","damage_taken":0,"max_hp_gain":0,"max_hp_loss":0,"event_name":"World of Goop","floor":11,"gold_loss":23},{"damage_healed":0,"gold_gain":0,"player_choice":"Rummage","damage_taken":0,"relics_obtained":["WarpedTongs"],"max_hp_gain":0,"max_hp_loss":0,"event_name":"Accursed Blacksmith","floor":14,"gold_loss":0,"cards_obtained":["Pain"]}],"is_beta":false,"boss_relics":[{"not_picked":["SlaversCollar","Snecko Eye"],"picked":"Sozu"}],"items_purged_floors":[],"is_endless":false,"potions_floor_spawned":[2,5,6,8,19],"killed_by":"Cultist and Chosen","ascension_level":13}}