{"host":"sfqxmtwcpkqrvrbt","time":1609662285,"event":{"mods":["AchievementEnabler","BaseMod","DeckTracker","Minty Spire (QoL Compilation)"],"gold_per_floor":[115,115,129,129,60,87,87,117,140,140,140,155,185,202,202,298,298,281,281,297,307,323,323,358,358,382,382,408,418,435,451,451,551,551,561,561,611,627,161,161,175,175,175,207,31,51,99,132,132,132],"floor_reached":51,"playtime":3035,"items_purged":["Strike_G","Injury"],"score":1173,"play_id":"714dfc27-8df8-4384-8f7e-cec7721feeac","local_time":"20210103172445","is_ascension_mode":true,"campfire_choices":[{"floor":7.0,"key":"REST"},{"data":"Blade Dance","floor":10.0,"key":"SMITH"},{"data":"Dash","floor":15.0,"key":"SMITH"},{"data":"Catalyst","floor":23.0,"key":"SMITH"},{"floor":27.0,"key":"REST"},{"data":"Neutralize","floor":32.0,"key":"SMITH"},{"data":"Bouncing Flask","floor":40.0,"key":"SMITH"},{"data":"Footwork","floor":42.0,"key":"SMITH"},{"floor":49,"key":"REST"}],"circlet_count":0,"master_deck":["AscendersBane","Strike_G","Defend_G","Defend_G","Defend_G","Defend_G+1","Defend_G+1","Survivor","Neutralize+1","Blade Dance+1","Prepared","Footwork+1","Poisoned Stab","Corpse Explosion","Dash+1","Catalyst+1","Dodge and Roll","Adrenaline","Bouncing Flask+1","Flash of Steel","Bane","Dodge and Roll+1","Backflip","PiercingWail","Burst","Acrobatics+1","Blade Dance+1","Dagger Throw","Catalyst+1","Dagger Throw+1","Venomology"],"relics":["SlaversCollar","War Paint","Bottled Lightning","Blood Vial","Lantern","WristBlade","Regal Pillow","Orichalcum","Gremlin Horn","Cursed Key","Gambling Chip","Pantograph","DollysMirror","Mummified Hand","InkBottle","Pocketwatch","Shuriken"],"acts_visited":["Exordium","TheCity","TheBeyond"],"potions_floor_usage":[46,46,47,50,50,50,50],"damage_taken":[{"damage":2.0,"enemies":"Small Slimes","floor":1.0,"turns":5.0},{"damage":2.0,"enemies":"Jaw Worm","floor":3.0,"turns":5.0},{"damage":25.0,"enemies":"3 Sentries","floor":6.0,"turns":11.0},{"damage":10.0,"enemies":"Lagavulin","floor":8.0,"turns":8.0},{"damage":0.0,"enemies":"Cultist","floor":12.0,"turns":3.0},{"damage":18.0,"enemies":"Gremlin Nob","floor":13.0,"turns":5.0},{"damage":4.0,"enemies":"2 Fungi Beasts","floor":14.0,"turns":3.0},{"damage":24.0,"enemies":"Slime Boss","floor":16.0,"turns":9.0},{"damage":12.0,"enemies":"2 Thieves","floor":18.0,"turns":4.0},{"damage":1.0,"enemies":"Shell Parasite","floor":20.0,"turns":4.0},{"damage":10.0,"enemies":"Snecko","floor":21.0,"turns":5.0},{"damage":0.0,"enemies":"Centurion and Healer","floor":22.0,"turns":3.0},{"damage":20.0,"enemies":"Slavers","floor":24.0,"turns":4.0},{"damage":12.0,"enemies":"Gremlin Leader","floor":28.0,"turns":4.0},{"damage":11.0,"enemies":"Cultist and Chosen","floor":29.0,"turns":6.0},{"damage":0.0,"enemies":"Snecko","floor":30.0,"turns":4.0},{"damage":0.0,"enemies":"Snake Plant","floor":31.0,"turns":3.0},{"damage":19.0,"enemies":"Collector","floor":33.0,"turns":8.0},{"damage":0.0,"enemies":"Orb Walker","floor":35.0,"turns":4.0},{"damage":9.0,"enemies":"Mind Bloom Boss Battle","floor":37.0,"turns":6.0},{"damage":7.0,"enemies":"3 Shapes","floor":38.0,"turns":4.0},{"damage":0.0,"enemies":"Maw","floor":41.0,"turns":4.0},{"damage":1.0,"enemies":"Nemesis","floor":44.0,"turns":3.0},{"damage":29,"enemies":"Writhing Mass","floor":46,"turns":7},{"damage":12,"enemies":"2 Orb Walkers","floor":47,"turns":4},{"damage":0,"enemies":"Giant Head","floor":48,"turns":5},{"damage":19,"enemies":"Awakened One","floor":50,"turns":10}],"seed_played":"6716147032334154876","potions_obtained":[{"floor":12.0,"key":"BlessingOfTheForge"},{"floor":13.0,"key":"Poison Potion"},{"floor":14.0,"key":"FearPotion"},{"floor":20.0,"key":"LiquidBronze"},{"floor":21.0,"key":"Poison Potion"},{"floor":29.0,"key":"Energy Potion"},{"floor":30.0,"key":"SneckoOil"},{"floor":31.0,"key":"GhostInAJar"},{"floor":33.0,"key":"Regen Potion"},{"floor":35.0,"key":"EssenceOfSteel"},{"floor":41.0,"key":"CunningPotion"},{"floor":48,"key":"Dexterity Potion"}],"is_trial":false,"path_per_floor":["M","?","M","?","$","E","R","E","T","R","?","M","E","M","R","B",null,"M","?","M","M","M","R","E","?","T","R","E","M","M","M","R","B",null,"M","?","?","M","$","R","M","R","T","E","$","M","?","E","R","B",null],"character_chosen":"THE_SILENT","items_purchased":["Footwork","Pantograph","DollysMirror","DuplicationPotion"],"campfire_rested":3,"item_purchase_floors":[5,39,39,45],"current_hp_per_floor":[61,54,52,52,52,27,48,38,38,38,70,70,52,50,50,28,60,50,50,51,43,45,45,27,27,27,63,53,44,46,48,48,31,60,62,62,55,50,50,50,66,66,66,67,67,40,30,32,68,54],"gold":132,"neow_bonus":"BOSS_RELIC","is_daily":false,"chose_seed":false,"campfire_upgraded":6,"win_rate":0.0,"timestamp":1609662285,"path_taken":["M","?","M","?","?","E","R","E","T","R","?","?","E","M","R","BOSS","M","?","M","?","M","R","E","?","T","R","E","M","?","M","R","BOSS","M","?","?","M","$","R","M","R","T","E","$","M","?","E","R","BOSS"],"items_purchased_type":["Card","Relic","Relic","Potion"],"build_version":"2020-12-22","purchased_purges":2,"victory":true,"max_hp_per_floor":[70,70,70,70,70,70,70,70,70,70,70,70,70,70,70,70,70,70,70,70,70,70,70,70,70,70,70,70,70,70,70,70,70,70,70,70,70,70,70,70,70,70,70,70,70,70,70,70,70,70],"card_choices":[{"not_picked":["Acrobatics","Flechettes"],"picked":"Dagger Throw","floor":1.0},{"not_picked":["Bane","Eviscerate"],"picked":"Blade Dance","floor":3.0},{"not_picked":["Crippling Poison","Deflect"],"picked":"Poisoned Stab","floor":6.0},{"not_picked":["Deflect","Setup"],"picked":"Corpse Explosion","floor":8.0},{"not_picked":["Bane","Slice"],"picked":"Dash","floor":12.0},{"not_picked":["Acrobatics","Doppelganger"],"picked":"Catalyst","floor":13.0},{"not_picked":["Quick Slash","Flying Knee"],"picked":"Dodge and Roll","floor":14.0},{"not_picked":["Tools of the Trade","Burst"],"picked":"Adrenaline","floor":16.0},{"not_picked":["Dodge and Roll","Leg Sweep"],"picked":"Bouncing Flask","floor":18.0},{"not_picked":["Quick Slash","Underhanded Strike","Deadly Poison"],"picked":"SKIP","floor":20.0},{"not_picked":["Masterful Stab","Dagger Throw","Setup"],"picked":"SKIP","floor":21.0},{"not_picked":["Prepared+1","Eviscerate","Accuracy"],"picked":"SKIP","floor":22.0},{"not_picked":["Underhanded Strike","Concentrate"],"picked":"Dodge and Roll+1","floor":24.0},{"not_picked":["Dagger Throw","Choke","Endless Agony"],"picked":"SKIP","floor":28.0},{"not_picked":["Well Laid Plans","Prepared+1"],"picked":"Backflip","floor":29.0},{"not_picked":["Prepared","Infinite Blades+1"],"picked":"PiercingWail","floor":30.0},{"not_picked":["A Thousand Cuts","Poisoned Stab","Masterful Stab"],"picked":"SKIP","floor":31.0},{"not_picked":["Grand Finale","Storm of Steel"],"picked":"Burst","floor":33.0},{"not_picked":["Crippling Poison","Distraction+1"],"picked":"Acrobatics+1","floor":35.0},{"not_picked":["Reflex+1","Slice+1"],"picked":"Blade Dance+1","floor":37.0},{"not_picked":["Deflect+1","Dagger Throw","Bane"],"picked":"SKIP","floor":38.0},{"not_picked":["Deflect+1","Bane"],"picked":"Dagger Throw","floor":38.0},{"not_picked":["Tactician","Bane+1"],"picked":"Dagger Throw+1","floor":41.0},{"not_picked":["Dagger Throw","Deadly Poison"],"picked":"Venomology","floor":44.0},{"not_picked":["Prepared+1","Dodge and Roll","Flying Knee+1"],"picked":"SKIP","floor":46},{"not_picked":["Dash","Poisoned Stab","All Out Attack"],"picked":"SKIP","floor":48}],"player_experience":59024,"relics_obtained":[{"floor":6.0,"key":"War Paint"},{"floor":8.0,"key":"Bottled Lightning"},{"floor":9.0,"key":"Blood Vial"},{"floor":13.0,"key":"Lantern"},{"floor":24.0,"key":"Regal Pillow"},{"floor":26.0,"key":"Orichalcum"},{"floor":28.0,"key":"Gremlin Horn"},{"floor":37.0,"key":"Gambling Chip"},{"floor":43.0,"key":"Mummified Hand"},{"floor":44.0,"key":"InkBottle"},{"floor":47,"key":"Pocketwatch"},{"floor":48,"key":"Shuriken"}],"event_choices":[{"cards_removed":["Strike_G"],"damage_healed":0.0,"max_hp_gain":0.0,"max_hp_loss":0.0,"gold_gain":0.0,"event_name":"Golden Wing","player_choice":"Card Removal","floor":2.0,"gold_loss":0.0,"damage_taken":7.0},{"damage_healed":0.0,"max_hp_gain":0.0,"max_hp_loss":0.0,"gold_gain":0.0,"cards_transformed":["Strike_G"],"event_name":"Living Wall","player_choice":"Change","floor":4.0,"gold_loss":0.0,"damage_taken":0.0,"cards_obtained":["Prepared"]},{"damage_healed":32.0,"max_hp_gain":0.0,"max_hp_loss":0.0,"gold_gain":0.0,"event_name":"Wheel of Change","player_choice":"Full Heal","floor":11.0,"gold_loss":0.0,"damage_taken":0.0},{"damage_healed":0.0,"max_hp_gain":0.0,"max_hp_loss":0.0,"gold_gain":0.0,"event_name":"Match and Keep!","player_choice":"2 cards matched","floor":19.0,"gold_loss":0.0,"damage_taken":0.0,"cards_obtained":["Flash of Steel","Bane"]},{"cards_removed":["Strike_G"],"damage_healed":0.0,"max_hp_gain":0.0,"max_hp_loss":0.0,"gold_gain":0.0,"event_name":"Purifier","player_choice":"Purged","floor":25.0,"gold_loss":0.0,"damage_taken":0.0},{"cards_removed":["Dagger Throw"],"damage_healed":0.0,"max_hp_gain":0.0,"max_hp_loss":0.0,"gold_gain":0.0,"event_name":"Falling","player_choice":"Removed Attack","floor":36.0,"gold_loss":0.0,"damage_taken":0.0},{"damage_healed":0.0,"max_hp_gain":0.0,"max_hp_loss":0.0,"gold_gain":0.0,"event_name":"MindBloom","player_choice":"Fight","floor":37.0,"gold_loss":0.0,"damage_taken":0.0},{"damage_healed":0,"gold_gain":0,"player_choice":"Fight","damage_taken":0,"max_hp_gain":0,"max_hp_loss":0,"event_name":"Mysterious Sphere","floor":47,"gold_loss":0}],"is_beta":false,"boss_relics":[{"not_picked":["Velvet Choker","Coffee Dripper"],"picked":"WristBlade"},{"not_picked":["Pandora\u0027s Box","HoveringKite"],"picked":"Cursed Key"}],"items_purged_floors":[39,45],"is_endless":false,"potions_floor_spawned":[12,13,14,20,21,29,30,31,33,35,41,48],"ascension_level":10}}