{"host":"mvz90ilxx8epviq1","time":1609635978,"event":{"mods":["2.2 Compatiblity","Act Like it!","BaseMod","Better Note","Better Third Choice","Better Vampires","Clockwork Mod","Colored Map","Colored Powertips","Gensokyo","Hallownest","Hermit","Hubris","Marisa????????","Minty Spire (QoL Compilation)","Replay The Spire","Shop Mod","Spicy Shops","StSLib","The Alterego","The Bug Knight","The Construct","The Cursed","The Mystic","The Senshi","The Servant 0.9.4","The Wild Card","slay the spire mod where everything is the same but ironclad has a cowboy hat"],"gold_per_floor":[118,130,198,210,223,241,241,251,276,286,150,184,196,215,215,312,312,324,335,352,70,87,87,122,137,160,171,141,157,157,181,181,276,276,291,303,303,316,316,343,400,413,413,463,0,0,14,0,0,0,0,0,0,27,27],"floor_reached":56,"playtime":5206,"items_purged":["Parasite"],"score":1282,"play_id":"446ea3c3-e347-4390-8d9c-1ad0e05036fc","local_time":"20210102200618","is_ascension_mode":false,"campfire_choices":[{"data":"Conclude","floor":15.0,"key":"SMITH"},{"data":"Tantrum","floor":23.0,"key":"SMITH"},{"floor":32.0,"key":"DIG"},{"floor":46,"key":"REST"},{"floor":49,"key":"RECALL"},{"data":"Devotion","floor":52,"key":"SMITH"}],"circlet_count":0,"master_deck":["Strike_P","Strike_P+1","Strike_P","Strike_P","Defend_P","Defend_P","Defend_P+1","Defend_P+1","Eruption+1","Vigilance","Weave","SashWhip+1","Fasting2+1","JustLucky","BowlingBash","ThirdEye","CutThroughFate+1","LessonLearned+1","ThirdEye","Conclude+1","Devotion+1","Wallop+1","Tantrum+1","JustLucky","Fasting2+1","Fasting2+1","WheelKick+1","FlyingSleeves+1","Finesse+1","PathToVictory+1","Replay:Cycle+1","Alpha","Ragnarok+1","Replay:Vibes","SashWhip","Scrawl","EmptyFist+1","Replay:DivineShield","Replay:Hum+1","Evaluate","WheelKick","Indignation","Replay:BluntJabs","CarveReality+1","Replay:BasicMightCard+1","CrushJoints+1","Consecrate+1"],"relics":["PureWater","HollowMod:StagPassRelic","Letter Opener","hubris:BlackHole","ReplayFunnel","Tiny Chest","Toy Ornithopter","Orichalcum","Regal Pillow","hubris:SlimyHat","Philosopher\u0027s Stone","hubris:Towel","Dream Catcher","Golden Egg","Dead Branch","Akabeko","MerchantsRug","Red Mask","ReplayTheSpireMod:Ninjato"],"acts_visited":["Exordium","TheCity","TheBeyond","TheEnding"],"potions_floor_usage":[36,55],"damage_taken":[{"damage":0.0,"enemies":"Cultist","floor":1.0,"turns":2.0},{"damage":0.0,"enemies":"Small Slimes","floor":2.0,"turns":2.0},{"damage":3.0,"enemies":"2 Louse","floor":4.0,"turns":2.0},{"damage":8.0,"enemies":"Large Slime","floor":5.0,"turns":3.0},{"damage":3.0,"enemies":"Exordium Wildlife","floor":6.0,"turns":3.0},{"damage":3.0,"enemies":"Exordium Thugs","floor":8.0,"turns":3.0},{"damage":3.0,"enemies":"3 Louse","floor":10.0,"turns":3.0},{"damage":0.0,"enemies":"Gremlin Nob","floor":12.0,"turns":2.0},{"damage":1.0,"enemies":"Looter","floor":13.0,"turns":2.0},{"damage":2.0,"enemies":"2 Fungi Beasts","floor":14.0,"turns":2.0},{"damage":19.0,"enemies":"The Guardian","floor":16.0,"turns":7.0},{"damage":0.0,"enemies":"Spheric Guardian","floor":18.0,"turns":2.0},{"damage":4.0,"enemies":"3 Byrds","floor":19.0,"turns":2.0},{"damage":8.0,"enemies":"3 Cultists","floor":20.0,"turns":3.0},{"damage":0.0,"enemies":"Cultist and Chosen","floor":22.0,"turns":2.0},{"damage":0.0,"enemies":"Replay:Snechameleon","floor":24.0,"turns":4.0},{"damage":0.0,"enemies":"Snecko","floor":25.0,"turns":2.0},{"damage":0.0,"enemies":"Snake Plant","floor":27.0,"turns":1.0},{"damage":0.0,"enemies":"Cultist and Chosen","floor":29.0,"turns":2.0},{"damage":21,"enemies":"Champ","floor":33,"turns":4},{"damage":0,"enemies":"Orb Walker","floor":35,"turns":2},{"damage":2,"enemies":"3 Darklings","floor":36,"turns":2},{"damage":0,"enemies":"4 Shapes","floor":38,"turns":2},{"damage":0,"enemies":"Reptomancer","floor":40,"turns":3},{"damage":0,"enemies":"Writhing Mass","floor":42,"turns":1},{"damage":0,"enemies":"Jaw Worm Horde","floor":47,"turns":1},{"damage":9,"enemies":"Time Eater","floor":50,"turns":3},{"damage":0,"enemies":"Shield and Spear","floor":54,"turns":1},{"damage":5,"enemies":"The Heart","floor":55,"turns":3}],"seed_played":"-7838235309898846912","potions_obtained":[{"floor":2.0,"key":"DuplicationPotion"},{"floor":6.0,"key":"SteroidPotion"},{"floor":12.0,"key":"Block Potion"},{"floor":13.0,"key":"BottledMiracle"},{"floor":16.0,"key":"DuplicationPotion"},{"floor":18.0,"key":"SteroidPotion"},{"floor":19.0,"key":"Energy Potion"},{"floor":24.0,"key":"SneckoOil"},{"floor":28.0,"key":"Doom Potion"},{"floor":28.0,"key":"Swift Potion"},{"floor":38,"key":"Block Potion"},{"floor":40,"key":"Weak Potion"},{"floor":54,"key":"Adrenaline Potion"}],"is_trial":false,"path_per_floor":["M","M","T","M","M","M","?","M","T","M","$","E","M","M","R","B",null,"M","M","M","$","M","R","E","M","T","M","?","M","T","T","R_BF","B",null,"M","M","?","M","?","E","?","M","T","T","$","R","M","?","R","B",null,"R","$","E","B",null],"character_chosen":"WATCHER","items_purchased":["LessonLearned","BargainBundle","Fasting2","WheelKick","FlyingSleeves","Finesse","ReplayFunnel","PathToVictory","Replay:Cycle","MerchantsRug","CarveReality","Replay:BasicMightCard"],"campfire_rested":1,"item_purchase_floors":[11,21,21,21,21,21,21,21,21,45,45,45],"current_hp_per_floor":[72,72,72,69,61,58,58,55,55,52,52,52,51,49,49,30,72,72,68,60,60,60,60,60,60,60,69,69,69,69,69,69,48,69,69,67,67,67,67,67,50,50,50,50,50,69,69,69,69,60,69,69,69,69,65],"gold":27,"neow_bonus":"UPGRADE_CARD","is_daily":false,"chose_seed":false,"campfire_upgraded":3,"win_rate":0.0,"timestamp":1609635978,"path_taken":["M","M","?","?","M","M","?","M","T","?","$","E","M","M","R","BOSS","M","M","M","$","?","R","E","?","T","M","?","M","?","?","R_BF","BOSS","M","M","?","M","?","E","?","M","T","?","$","R","M","?","R","BOSS","R","$","E","BOSS"],"items_purchased_type":["Card","Relic","Card","Card","Card","Card","Relic","Card","Card","Relic","Card","Card"],"build_version":"2020-12-22","purchased_purges":1,"victory":true,"max_hp_per_floor":[72,72,72,72,72,72,72,72,72,72,72,72,72,72,72,72,72,72,72,72,69,69,69,69,69,69,69,69,69,69,69,69,69,69,69,69,69,69,69,69,69,69,69,69,69,69,69,69,69,69,69,69,69,69,69],"card_choices":[{"not_picked":["SashWhip","Crescendo"],"picked":"Weave","floor":1.0},{"not_picked":["Replay:Battleflow","Consecrate"],"picked":"SashWhip","floor":2.0},{"not_picked":["Wallop","WreathOfFlame"],"picked":"Fasting2","floor":4.0},{"not_picked":["Replay:Anticipation","EmptyMind"],"picked":"JustLucky","floor":5.0},{"not_picked":["Protect","WreathOfFlame"],"picked":"BowlingBash","floor":6.0},{"not_picked":["EmptyFist","Worship"],"picked":"ThirdEye","floor":8.0},{"not_picked":["Fasting2","EmptyFist"],"picked":"CutThroughFate","floor":10.0},{"not_picked":["DeceiveReality","Replay:Vibes","Replay:AtTheReady"],"picked":"SKIP","floor":12.0},{"not_picked":["WheelKick","LikeWater"],"picked":"ThirdEye","floor":13.0},{"not_picked":["FollowUp","Perseverance"],"picked":"Conclude","floor":14.0},{"not_picked":["Scrawl","LessonLearned"],"picked":"Devotion","floor":16.0},{"not_picked":["WreathOfFlame","CutThroughFate"],"picked":"Wallop","floor":18.0},{"not_picked":["Crescendo","FlurryOfBlows"],"picked":"Tantrum","floor":19.0},{"not_picked":["EmptyBody","Replay:AtTheReady"],"picked":"JustLucky","floor":20.0},{"not_picked":["Crescendo+1","Replay:Anticipation+1"],"picked":"Alpha","floor":22.0},{"not_picked":["Consecrate","Conclude"],"picked":"Ragnarok","floor":24.0},{"not_picked":["Halt","Conclude"],"picked":"Replay:Vibes","floor":25.0},{"not_picked":["Nirvana","Consecrate"],"picked":"SashWhip","floor":27.0},{"not_picked":["FlyingSleeves","Halt","WaveOfTheHand"],"picked":"SKIP","floor":29.0},{"not_picked":["Devotion","Brilliance"],"picked":"Scrawl","floor":33},{"not_picked":["Prostrate+1","ClearTheMind"],"picked":"EmptyFist+1","floor":35},{"not_picked":["EmptyFist","Protect"],"picked":"Replay:DivineShield","floor":36},{"not_picked":["DeceiveReality+1","EmptyBody"],"picked":"Replay:Hum+1","floor":38},{"not_picked":["Prostrate+1","MentalFortress"],"picked":"Evaluate","floor":40},{"not_picked":["TalkToTheHand+1","Evaluate"],"picked":"WheelKick","floor":41},{"not_picked":["SpiritShield","JustLucky"],"picked":"Indignation","floor":41},{"not_picked":["Replay:ManipulateFuture","WreathOfFlame"],"picked":"Replay:BluntJabs","floor":42},{"not_picked":["Replay:BluntJabs","JustLucky+1"],"picked":"CrushJoints+1","floor":46},{"not_picked":["FearNoEvil","EmptyBody"],"picked":"Consecrate+1","floor":47},{"not_picked":["FlurryOfBlows+1","Collect","CrushJoints"],"picked":"SKIP","floor":54}],"player_experience":419433,"relics_obtained":[{"floor":3.0,"key":"HollowMod:StagPassRelic"},{"floor":12.0,"key":"Letter Opener"},{"floor":24.0,"key":"Tiny Chest"},{"floor":26.0,"key":"Toy Ornithopter"},{"floor":30.0,"key":"Orichalcum"},{"floor":31.0,"key":"Regal Pillow"},{"floor":32.0,"key":"hubris:SlimyHat"},{"floor":40,"key":"Dream Catcher"},{"floor":41,"key":"Golden Egg"},{"floor":43,"key":"Dead Branch"},{"floor":44,"key":"Akabeko"},{"floor":54,"key":"ReplayTheSpireMod:Ninjato"}],"event_choices":[{"damage_healed":0.0,"max_hp_gain":0.0,"max_hp_loss":0.0,"gold_gain":0.0,"event_name":"Accursed Blacksmith","player_choice":"Forge","floor":7.0,"gold_loss":0.0,"damage_taken":0.0,"cards_upgraded":["Fasting2"]},{"damage_healed":0.0,"max_hp_gain":0.0,"max_hp_loss":0.0,"gold_gain":0.0,"event_name":"The Woman in Blue","player_choice":"Bought 2 Potions","floor":28.0,"gold_loss":0.0,"damage_taken":0.0},{"damage_healed":0,"gold_gain":0,"player_choice":"Paid","damage_taken":0,"relics_obtained":["Red Mask"],"max_hp_gain":0,"max_hp_loss":0,"event_name":"Tomb of Lord Red Mask","floor":48,"gold_loss":14}],"is_beta":false,"boss_relics":[{"not_picked":["ChewingGum","Replay:Bronze Core"],"picked":"hubris:BlackHole"},{"not_picked":["Runic Dome","hubris:RunicObelisk"],"picked":"Philosopher\u0027s Stone"}],"items_purged_floors":[21],"is_endless":false,"potions_floor_spawned":[2,6,12,13,16,18,19,24,25,38,40,54],"ascension_level":0}}