{"host":"xu0zbcebhy6w9mdv","time":1609702445,"event":{"mods":["AchievementEnabler","Act Like it!","Aspiration","BaseMod","Better Match","Better Third Choice","BetterRewards","Colored Powertips","Downfall","Duelist Mod","Friendly Minions","Gensokyo","Hallownest","Hubris","Infinite Spire","Marisa????????","Minty Spire (QoL Compilation)","Potionbrewer","Quick Restart","READ ME - Guardian Mod","READ ME - Snecko Mod","Rare Cards Sparkle","Replay The Spire","Shop Mod","StSLib","The Animator","The Blackbeard","The Bug Knight","The Cursed","The Hierophant","The Necromancer","The Runesmith","The Servant 0.9.4"],"gold_per_floor":[138,138,63,63,63,97,113,128,128,128,145,156,156,135,135,209,209,228,247,94,94,94,127,127,141,189,199,211,211,222,237,237,309,309,320,320,339,339,339,339,354,354,354,354,354,50,81,100,100,100],"floor_reached":51,"playtime":2760,"items_purged":["theDuelist:Sparks"],"score":2091,"play_id":"eaea9fa3-9a25-453f-81b3-017a7a916de1","local_time":"20210103143405","is_ascension_mode":true,"campfire_choices":[{"floor":10,"key":"REST"},{"data":"theDuelist:RainbowKuribohBasic","floor":15,"key":"SMITH"},{"floor":24,"key":"REST"},{"data":"infinitespire:Oblivion","floor":29,"key":"SMITH"},{"floor":32,"key":"REST"},{"floor":40,"key":"REST"},{"data":"theDuelist:CallGrave","floor":42,"key":"SMITH"},{"data":"theDuelist:KamionTimelord","floor":45,"key":"SMITH"},{"data":"theDuelist:HappyLover","floor":49,"key":"SMITH"}],"circlet_count":0,"master_deck":["theDuelist:TyrantWing+1","theDuelist:Eva","theDuelist:CallGrave+1","theDuelist:IrisEarthMother","theDuelist:CastleWalls","theDuelist:CastleWalls","theDuelist:Wiretap","theDuelist:RainbowKuribohBasic+1","theDuelist:KamionTimelord+1","theDuelist:Illusionist","infinitespire:Oblivion+1","theDuelist:RainbowNeos","theDuelist:RainbowFlower+1","theDuelist:GravekeeperCurse","theDuelist:RainbowKuriboh","AscendersBane","theDuelist:HappyLover+1","theDuelist:Hayate+1","theDuelist:DunamesDarkWitch","theDuelist:MagicSparks+1"],"relics":["theDuelist:MillenniumPuzzle","theDuelist:CardPoolRelic","theDuelist:CardPoolBasicRelic","theDuelist:BoosterPackPoolRelic","theDuelist:CardPoolAddRelic","theDuelist:CardPoolMinusRelic","theDuelist:CardPoolSaveRelic","theDuelist:CardPoolOptionsRelic","infinitespire:Freezer","theDuelist:MetronomeRelicB","theDuelist:WhiteBowlRelic","infinitespire:WardingShard","hubris:SphereOfDissonance","theDuelist:NamelessPowerRelicA","TwistedFunnel","theDuelist:ResummonBranch","theDuelist:SolderToken","Oddly Smooth Stone","Runic Cube","aspiration:SeaSaltIceCream","theDuelist:MerchantNecklace","Bag of Preparation","theDuelist:SummonAnchor","Whetstone","infinitespire:CheckeredPen"],"acts_visited":["Exordium","TheCity","TheBeyond"],"potions_floor_usage":[6,16,16,25,28,28,30],"damage_taken":[{"damage":0,"enemies":"2 Louse","floor":1,"turns":2},{"damage":0,"enemies":"Replay:BlueRogue","floor":6,"turns":5},{"damage":0,"enemies":"Cultist","floor":7,"turns":3},{"damage":0,"enemies":"Small Slimes","floor":8,"turns":2},{"damage":0,"enemies":"Exordium Thugs","floor":11,"turns":4},{"damage":0,"enemies":"3 Louse","floor":12,"turns":1},{"damage":0,"enemies":"Slime Boss","floor":16,"turns":5},{"damage":0,"enemies":"3 Byrds","floor":18,"turns":4},{"damage":22,"enemies":"Nightmare","floor":23,"turns":7},{"damage":0,"enemies":"Spheric Guardian","floor":25,"turns":3},{"damage":0,"enemies":"Shelled Parasite and Fungi","floor":27,"turns":4},{"damage":8,"enemies":"Snake Plant","floor":28,"turns":5},{"damage":0,"enemies":"Centurion and Healer","floor":30,"turns":4},{"damage":0,"enemies":"Shelled Parasite and Fungi","floor":31,"turns":3},{"damage":0,"enemies":"Champ","floor":33,"turns":6},{"damage":6,"enemies":"Orb Walker","floor":35,"turns":3},{"damage":15,"enemies":"3 Darklings","floor":37,"turns":3},{"damage":0,"enemies":"Transient","floor":41,"turns":5},{"damage":0,"enemies":"HollowMod:StalkingDevout","floor":47,"turns":2},{"damage":0,"enemies":"4 Shapes","floor":48,"turns":3},{"damage":0,"enemies":"Donu and Deca","floor":50,"turns":4}],"seed_played":"-1704900374454082006","potions_obtained":[{"floor":1,"key":"theDuelist:BigTributeBottle"},{"floor":11,"key":"Adrenaline Potion"},{"floor":12,"key":"theDuelist:MegaupgradePotion"},{"floor":16,"key":"theDuelist:SealedPackB"},{"floor":18,"key":"Dexterity Potion"},{"floor":27,"key":"theDuelist:WaterBottle"},{"floor":28,"key":"theDuelist:SolderPotionB"},{"floor":47,"key":"Fire Potion"}],"is_trial":false,"path_per_floor":["M","?","$","T","$","E","M","M","T","R","M","M","?","?","R","B",null,"M","?","$","?","?","NM","R","M","T","M","M","R","M","M","R","B",null,"M","?","M","?","?","R","M","R","T","AVR","R","$","E","M","R","B",null],"character_chosen":"THE_DUELIST","items_purchased":["infinitespire:Freezer","theDuelist:Illusionist","TwistedFunnel","theDuelist:SummonAnchor","Whetstone"],"campfire_rested":4,"item_purchase_floors":[0,0,20,46,46],"current_hp_per_floor":[63,55,55,55,55,55,55,55,55,70,70,70,70,70,70,70,70,70,70,70,70,54,32,53,53,53,53,45,45,45,45,66,66,69,63,63,48,48,48,69,69,69,69,69,69,69,69,69,69,69],"gold":100,"neow_bonus":"","is_daily":false,"chose_seed":false,"campfire_upgraded":5,"win_rate":0.0,"timestamp":1609702445,"path_taken":["M","?","$","?","$","E","M","M","T","R","?","M","?","?","R","BOSS","M","?","$","?","?","NM","R","M","T","M","M","R","M","M","R","BOSS","M","?","M","?","?","R","M","R","T","AVR","R","?","E","M","R","BOSS"],"items_purchased_type":["Relic","Card","Relic","Relic","Relic"],"build_version":"2020-12-22","purchased_purges":1,"victory":true,"max_hp_per_floor":[70,70,70,70,70,70,70,70,70,70,70,70,70,70,70,70,70,70,70,70,70,70,70,70,70,70,70,70,70,70,70,70,70,70,70,70,70,70,70,70,70,70,70,70,70,70,70,70,70,70],"card_choices":[{"not_picked":["theDuelist:Lajinn","theDuelist:FiendMegacyber","theDuelist:BlizzardWarrior","theDuelist:BlacklandFireDragon"],"picked":"theDuelist:ZombieWarrior","floor":1},{"not_picked":["theDuelist:HammerShot","theDuelist:EarthGiant","theDuelist:DummyGolem","theDuelist:GiantTrapHole","theDuelist:WingedKuribohLv9"],"picked":"SKIP","floor":6},{"not_picked":["theDuelist:CosmicHorrorGangiel","theDuelist:BlizzardWarrior","theDuelist:LegendaryFisherman","theDuelist:HorusServant","theDuelist:CommandKnight"],"picked":"SKIP","floor":7},{"not_picked":["theDuelist:WhiteMagicalHat","theDuelist:RainbowNeos","theDuelist:DunamesDarkWitch","theDuelist:MaleficRainbowDragon"],"picked":"theDuelist:RainbowKuriboh","floor":8},{"not_picked":["theDuelist:Pumpking","theDuelist:OhFish","theDuelist:Illusionist","theDuelist:SuperSolarNutrient","theDuelist:DragonPiper"],"picked":"SKIP","floor":11},{"not_picked":["theDuelist:GilfordLegend","theDuelist:GoldenApples","theDuelist:WormApocalypse","theDuelist:JamBreeding","theDuelist:DarklordSuperbia"],"picked":"SKIP","floor":12},{"not_picked":["theDuelist:Eva","theDuelist:RainbowDragon","theDuelist:RainbowKuriboh","theDuelist:RainbowOverdragon"],"picked":"theDuelist:HappyLover","floor":16},{"not_picked":["theDuelist:OhFish","theDuelist:StatueAnguishPattern+1","theDuelist:TyrantWing","theDuelist:RainbowGravity","theDuelist:RainbowLife"],"picked":"SKIP","floor":18},{"not_picked":["infinitespire:UltimateForm","infinitespire:Fortify"],"picked":"infinitespire:Oblivion","floor":22},{"not_picked":["theDuelist:RainbowNeos","theDuelist:MaleficRainbowDragon","theDuelist:RainbowMagician+1","theDuelist:RainbowDarkDragon"],"picked":"theDuelist:KamionTimelord","floor":23},{"not_picked":["theDuelist:KingYami","theDuelist:BetaMagnet","theDuelist:CurseDragon+1","theDuelist:ShallowGrave","theDuelist:DarkMagician"],"picked":"SKIP","floor":25},{"not_picked":["theDuelist:Sangan+1","theDuelist:HarpieFeather","theDuelist:DummyGolem","theDuelist:AttackTheMoon"],"picked":"theDuelist:Wiretap","floor":27},{"not_picked":["theDuelist:Lajinn","theDuelist:BookSecret+1","theDuelist:DesLacooda","theDuelist:VampireLord","theDuelist:Yami"],"picked":"SKIP","floor":28},{"not_picked":["theDuelist:CharcoalInpachi","theDuelist:SpiralSpearStrike+1","theDuelist:ClearKuriboh+1","theDuelist:SphereKuriboh"],"picked":"theDuelist:TyrantWing+1","floor":30},{"not_picked":["theDuelist:SangaThunder+1","theDuelist:RainbowNeos","theDuelist:MysticalElf","theDuelist:Eva","theDuelist:WanderingKing"],"picked":"SKIP","floor":31},{"not_picked":["theDuelist:RainbowFlower","theDuelist:RainbowNeos","theDuelist:RainbowDarkDragon","theDuelist:KamionTimelord"],"picked":"theDuelist:IrisEarthMother","floor":33},{"not_picked":["theDuelist:WhiteHowling","theDuelist:OhFish","theDuelist:IronDraw","theDuelist:RainbowLife"],"picked":"theDuelist:CallGrave","floor":35},{"not_picked":["theDuelist:CosmicHorrorGangiel+1","theDuelist:SpiritPharaoh+1","theDuelist:GravityBlaster"],"picked":"SKIP","floor":37},{"not_picked":["theDuelist:CallGrave+1","theDuelist:MonsterReborn","theDuelist:GateGuardian"],"picked":"SKIP","floor":41},{"not_picked":["theDuelist:CharcoalInpachi","theDuelist:ClearKuriboh","theDuelist:Cloning+1","theDuelist:SphereKuriboh+1","theDuelist:Wiretap"],"picked":"SKIP","floor":47},{"not_picked":["theDuelist:WanderingKing","theDuelist:Boneheimer+1","theDuelist:AmphibiousBugroth+1","theDuelist:FrillerRabca","theDuelist:SevenColoredFish"],"picked":"SKIP","floor":48}],"player_experience":538583,"relics_obtained":[{"floor":4,"key":"theDuelist:WhiteBowlRelic"},{"floor":6,"key":"infinitespire:WardingShard"},{"floor":9,"key":"hubris:SphereOfDissonance"},{"floor":23,"key":"theDuelist:SolderToken"},{"floor":26,"key":"Oddly Smooth Stone"},{"floor":43,"key":"aspiration:SeaSaltIceCream"},{"floor":47,"key":"infinitespire:CheckeredPen"}],"event_choices":[{"damage_healed":0,"gold_gain":0,"player_choice":"Dig - random Duelist relic","duelist":true,"damage_taken":0,"max_hp_gain":0,"max_hp_loss":0,"event_name":"Aknamkanon\u0027s Tomb","floor":2,"gold_loss":0},{"damage_healed":0,"gold_gain":0,"player_choice":"Leave","duelist":true,"damage_taken":0,"max_hp_gain":0,"max_hp_loss":0,"event_name":"Battle City","floor":13,"gold_loss":0},{"power_reward":2,"total_magic_score":38,"gold_gain":0,"duelist":true,"damage_taken":0,"relics_obtained":["theDuelist:NamelessPowerRelicA"],"points":2,"max_hp_gain":0,"max_hp_loss":0,"spent_points":{"magic":0,"greed":0,"war":0,"power":2,"hunger":0},"event_name":"Nameless Tomb","floor":14,"gold_loss":21,"cards_obtained":[]},{"damage_healed":0,"gold_gain":0,"player_choice":"Sold Zombie Warrior for 19 Gold.","duelist":true,"damage_taken":0,"max_hp_gain":0,"max_hp_loss":0,"event_name":"Card Trader","floor":19,"gold_loss":0},{"damage_healed":0,"gold_gain":0,"player_choice":"Took item - Received: Millennium Branch","duelist":true,"damage_taken":0,"max_hp_gain":0,"max_hp_loss":0,"event_name":"Millennium Items","floor":21,"gold_loss":0}],"is_beta":false,"boss_relics":[{"not_picked":["Runic Pyramid","ChewingGum","Runesmith:UraniumAnvil"]},{"not_picked":["hubris:RunicObelisk","Coffee Dripper"],"picked":"Runic Cube"}],"items_purged_floors":[3],"is_endless":false,"potions_floor_spawned":[1,11,12,16,18,27,28,41,47],"ascension_level":15}}