{"host":"3popq6h3e9zwx3f8","time":1609647931,"event":{"mods":["BaseMod","Colored Map","Minty Spire (QoL Compilation)","Replay The Spire","StSLib","The Cursed","The IronCluck","The Marked","everything is the same but u backflip on backflip"],"gold_per_floor":[109,129,129,129,79,109,109,109,190,216,229,243,318,329,329,428,428,428,428],"floor_reached":18,"playtime":935,"items_purged":[],"score":243,"play_id":"6bc717ff-358a-4e9d-b312-327780b41268","local_time":"20210102202531","is_ascension_mode":false,"campfire_choices":[{"data":"theMarked:MysticalArsenal","floor":8,"key":"SMITH"},{"data":"Offering","floor":15,"key":"SMITH"}],"circlet_count":0,"master_deck":["theMarked:Strike","theMarked:Strike","theMarked:Strike","theMarked:Strike","theMarked:Strike","theMarked:Defend","theMarked:Defend","theMarked:Defend","theMarked:Defend","theMarked:SoldierOfQuellstein","theMarked:MysticalArsenal+1","Sneak Up","theMarked:Parkour","Infernal Blade","theMarked:GodGivenPower","Offering+1","Replay:Many Hands"],"relics":["theMarked:ArtifactOfAir","NeowsBlessing","Gambling Chip","PrismaticShard","Mango","Pear","Letter Opener","SlaversCollar"],"acts_visited":["Exordium","TheCity"],"potions_floor_usage":[16],"damage_taken":[{"damage":0,"enemies":"Jaw Worm","floor":1,"turns":1},{"damage":0,"enemies":"3 Sentries","floor":6,"turns":2},{"damage":0,"enemies":"Gremlin Nob","floor":10,"turns":2},{"damage":0,"enemies":"Small Slimes","floor":11,"turns":4},{"damage":0,"enemies":"2 Louse","floor":12,"turns":2},{"damage":0,"enemies":"2 Fungi Beasts","floor":14,"turns":3},{"damage":54,"enemies":"Hexaghost","floor":16,"turns":10},{"damage":0,"enemies":"Shell Parasite","floor":18,"turns":1}],"seed_played":"-5736144621630767640","potions_obtained":[{"floor":1,"key":"Dexterity Potion"},{"floor":11,"key":"FearPotion"},{"floor":14,"key":"Strength Potion"},{"floor":16,"key":"Elixir"}],"is_trial":false,"path_per_floor":["M","?","$","?","?","E","?","R","T","E","M","M","?","M","R","B",null,"M"],"character_chosen":"THE_DEFAULT","items_purchased":[],"campfire_rested":0,"item_purchase_floors":[],"current_hp_per_floor":[70,70,70,70,70,84,84,84,94,94,94,94,83,83,83,29,94,94,94],"gold":428,"neow_bonus":"THREE_ENEMY_KILL","is_daily":false,"chose_seed":false,"campfire_upgraded":2,"win_rate":0.0,"timestamp":1609647931,"path_taken":["M","?","$","?","?","E","?","R","T","E","M","?","?","M","R","BOSS","M"],"items_purchased_type":[],"build_version":"2020-12-22","purchased_purges":0,"victory":false,"max_hp_per_floor":[70,70,70,70,70,84,84,84,94,94,94,94,94,94,94,94,94,94,94],"card_choices":[{"not_picked":["theMarked:EmpowerWeapon","theMarked:ResourceFulStrike"],"picked":"theMarked:MysticalArsenal","floor":1},{"not_picked":["theMarked:DeterminationOfTheMarked","theMarked:GodGivenPower"],"picked":"theMarked:ComboAttacks","floor":2},{"not_picked":["TheCursedMod:CursedMace","DevaForm"],"picked":"Sneak Up","floor":6},{"not_picked":["Distraction","FollowUp"],"picked":"theMarked:Parkour","floor":10},{"not_picked":["Redo","Run Through"],"picked":"Infernal Blade","floor":11},{"not_picked":["Thunderclap","Specialist"],"picked":"theMarked:GodGivenPower","floor":12},{"not_picked":["theMarked:WastefulAttack","Iron Wave"],"picked":"Offering","floor":14},{"not_picked":["Envenom","Violence"],"picked":"Replay:Many Hands","floor":16}],"player_experience":375660,"relics_obtained":[{"floor":2,"key":"Gambling Chip"},{"floor":6,"key":"Mango"},{"floor":9,"key":"Pear"},{"floor":10,"key":"Letter Opener"}],"event_choices":[{"cards_removed":["Writhe"],"damage_healed":0,"gold_gain":0,"player_choice":"Card Removal","damage_taken":0,"max_hp_gain":0,"max_hp_loss":0,"event_name":"The Cleric","floor":5,"gold_loss":50},{"cards_removed":["theMarked:ComboAttacks"],"damage_healed":0,"gold_gain":0,"player_choice":"Offered Uncommon","damage_taken":0,"max_hp_gain":0,"max_hp_loss":0,"event_name":"Bonfire Elementals","floor":7,"gold_loss":0},{"damage_healed":0,"gold_gain":75,"player_choice":"Gather Gold","damage_taken":11,"max_hp_gain":0,"max_hp_loss":0,"event_name":"World of Goop","floor":13,"gold_loss":0}],"is_beta":false,"boss_relics":[{"not_picked":["ReplayTheSpireMod:DimensionalGlitch","Replay:Drink Me"],"picked":"SlaversCollar"}],"items_purged_floors":[],"is_endless":false,"potions_floor_spawned":[1,11,14,16],"killed_by":"Shell Parasite","ascension_level":0}}