{"host":"d2y4rmbezebiv8aj","time":1609638973,"event":{"mods":["AchievementEnabler","BaseMod","BetterRewards","Colored Map","Colored Powertips","Custom Start","Highlight Path","Minty Spire (QoL Compilation)","Rare Cards Sparkle","Shop Mod","StSLib","SuperFastMode","Synergy Search"],"gold_per_floor":[110,127,146,160,160,189,207,207,207],"floor_reached":8,"playtime":286,"items_purged":[],"score":69,"play_id":"36a79b14-9256-403d-b1cc-6ddded4887eb","local_time":"20210103025613","is_ascension_mode":true,"campfire_choices":[],"circlet_count":0,"master_deck":["Strike_G","Strike_G","Strike_G+1","Strike_G","Strike_G+1","Defend_G","Defend_G","Defend_G","Defend_G","Defend_G","Survivor","Neutralize","All Out Attack","Sucker Punch","All Out Attack","Blade Dance","Dash","Leg Sweep"],"relics":["Ring of the Snake","Whetstone"],"acts_visited":["Exordium"],"potions_floor_usage":[6,6],"damage_taken":[{"damage":12,"enemies":"Jaw Worm","floor":1,"turns":9},{"damage":1,"enemies":"Cultist","floor":2,"turns":4},{"damage":0,"enemies":"Small Slimes","floor":3,"turns":3},{"damage":27,"enemies":"Gremlin Gang","floor":4,"turns":3},{"damage":16,"enemies":"Lagavulin","floor":6,"turns":6},{"damage":0,"enemies":"2 Fungi Beasts","floor":7,"turns":2},{"damage":30,"enemies":"3 Sentries","floor":8,"turns":6}],"seed_played":"-4535183814397366353","potions_obtained":[{"floor":2,"key":"Dexterity Potion"},{"floor":3,"key":"SteroidPotion"}],"is_trial":false,"path_per_floor":["M","M","M","M","?","E","M","E"],"character_chosen":"THE_SILENT","items_purchased":[],"campfire_rested":0,"item_purchase_floors":[],"current_hp_per_floor":[72,71,71,44,44,28,28,0,0],"gold":207,"neow_bonus":"TWENTY_PERCENT_HP_BONUS","is_daily":false,"chose_seed":false,"campfire_upgraded":0,"win_rate":0.0,"timestamp":1609638973,"path_taken":["M","M","M","M","?","E","M","E"],"items_purchased_type":[],"build_version":"2020-12-22","purchased_purges":0,"victory":false,"max_hp_per_floor":[84,84,84,84,84,84,84,84,84],"card_choices":[{"not_picked":["PiercingWail","Escape Plan"],"picked":"All Out Attack","floor":1},{"not_picked":["Quick Slash","Dagger Spray"],"picked":"Sucker Punch","floor":2},{"not_picked":["Sucker Punch","Reflex"],"picked":"All Out Attack","floor":3},{"not_picked":["Underhanded Strike","Poisoned Stab"],"picked":"Blade Dance","floor":4},{"not_picked":["Dagger Throw","Cloak And Dagger"],"picked":"Dash","floor":6},{"not_picked":["Concentrate","Deadly Poison"],"picked":"Leg Sweep","floor":7}],"player_experience":330065,"relics_obtained":[{"floor":6,"key":"Whetstone"}],"event_choices":[{"cards_removed":["Regret"],"damage_healed":0,"gold_gain":0,"player_choice":"Removed Curses","damage_taken":0,"max_hp_gain":0,"max_hp_loss":0,"event_name":"Fountain of Cleansing","floor":5,"gold_loss":0}],"is_beta":false,"boss_relics":[],"items_purged_floors":[],"is_endless":false,"potions_floor_spawned":[2,3],"killed_by":"3 Sentries","ascension_level":3}}