{"host":"uxx7prhn9zlu6i2v","time":1609634547,"event":{"mods":["2.2 Compatiblity","AchievementEnabler","Act Like it!","Bard","BaseMod","Better Altar","Better Match","Better Note","Better Sensory Stone","Better Skull","Better Third Choice","CapriCore","ChefMod","Colored Powertips","Conspire","Faster Ascension Climbing","Gensokyo","GifTheSpireLib","Hermit","Hubris","KomeijiMod","Lobotomy","LobotomyExtend","Marisa????????","Minty Spire (QoL Compilation)","Permanent Neow","Quick Restart","RNG Fix","Rare Cards Sparkle","Reimu??????","Relic Filter","Relic Sorter","Relic Stats","Replay The Spire","Reworked Bosses","Spicy Shops","StSLib","Stuff the Spire","The Administrix","The Blue Laboratory","The Bug Knight","The Immortal","Yakumo Yukari mod","??????REMEMod"],"gold_per_floor":[118,131,131,150,47,78,78,3,3,18,213,225,36,17,17,96,96,96,66,66,15,15,15,15,15],"floor_reached":24,"playtime":1898,"items_purged":["Clumsy"],"score":372,"play_id":"48a78ba9-9fda-4eb2-9b13-f5979c92216a","local_time":"20210102184227","is_ascension_mode":true,"campfire_choices":[{"data":"Revelation:ReiMu","floor":12,"key":"SMITH"},{"data":"AlertArray:ReiMu","floor":15,"key":"SMITH"},{"data":"KyokaiOfKami:ReiMu","floor":23,"key":"SMITH"}],"circlet_count":0,"master_deck":["AscendersBane","Strike_Lin:ReiMu","Strike_Lin:ReiMu","Strike_Lin:ReiMu","Strike_Lin:ReiMu","Defend_Lin:ReiMu","Defend_Lin:ReiMu","Defend_Lin:ReiMu","Defend_Lin:ReiMu+1","NB:ReiMu","Stagnation:ReiMu","SpiderBud","Revelation:ReiMu+1","FairyFestival","BlastKick2:ReiMu+1","Revelation:ReiMu","RainPray2:ReiMu+1","RainPray2:ReiMu","Bandage Up+1","PrayRite:ReiMu","Authority:ReiMu","CareerPray:ReiMu+1","BlastKick2:ReiMu","MHz","AlertArray:ReiMu+1","KyokaiOfKami:ReiMu+1","SpreadBorder2:ReiMu"],"relics":["FlyPower:ReiMu","REME_ComplimentaryCards","CogitoBucket","RabbitCall","LetterFromLob","Gensokyo:NagashiBinaDoll","InkBottle","hubris:Icosahedron","conspire:Dentures","MawBank","Eternal Feather","DollysMirror","AdjustmentMirror","hubris:RunicObelisk","Ring of Panic","Frozen Eye"],"acts_visited":["Gensokyo:Gensokyo","Gensokyo:Gensokyoer"],"potions_floor_usage":[6,14,16,24],"damage_taken":[{"damage":7,"enemies":"Gensokyo:Gryphon","floor":1,"turns":7},{"damage":8,"enemies":"Gensokyo:2_Kodama","floor":2,"turns":6},{"damage":6,"enemies":"Gensokyo:3_Fairies","floor":4,"turns":7},{"damage":32,"enemies":"Gensokyo:Cirno","floor":6,"turns":7},{"damage":16,"enemies":"Gensokyo:Gryphon_and_Rabbit","floor":10,"turns":8},{"damage":0,"enemies":"Gensokyo:Mamizou","floor":11,"turns":9},{"damage":19,"enemies":"Gensokyo:LivingMonolith","floor":14,"turns":5},{"damage":65,"enemies":"Gensokyo:Kokoro","floor":16,"turns":13},{"damage":0,"enemies":"Gensokyo:AngelMirror","floor":19,"turns":3},{"damage":61,"enemies":"Gensokyo:Koishi","floor":24,"turns":9}],"seed_played":"-1955105388192813454","potions_obtained":[{"floor":1,"key":"JyouchiReiPotion"},{"floor":11,"key":"FearPotion"},{"floor":14,"key":"blueLaboratory:BubblePotion"}],"is_trial":false,"path_per_floor":["M","M","?","M","COS","E","?","?","T","M","E","R","$","M","R","B",null,"M","M","?","$","?","R","E"],"character_chosen":"REIMU","items_purchased":["CareerPray:ReiMu","DollysMirror","ColorlessPotion"],"campfire_rested":0,"item_purchase_floors":[13,13,21],"current_hp_per_floor":[47,39,39,42,42,18,18,18,18,17,36,48,48,40,55,6,47,60,60,23,23,23,38,0,0],"gold":15,"neow_bonus":"","is_daily":false,"chose_seed":false,"campfire_upgraded":3,"win_rate":0.0,"timestamp":1609634547,"path_taken":["M","M","?","M","COS","E","?","?","T","?","E","R","$","M","R","BOSS","M","M","?","$","?","R","E"],"items_purchased_type":["Card","Relic","Potion"],"build_version":"2020-12-22","purchased_purges":1,"victory":false,"max_hp_per_floor":[60,60,60,60,60,60,60,60,60,60,60,60,60,60,60,60,60,60,60,60,60,60,60,60,60],"relic_stats":{"counters":[11,75],"Eternal Feather":42,"MawBank":36,"obtain_stats":[{"conspire:Dentures":9,"RabbitCall":0,"Eternal Feather":11,"Gensokyo:NagashiBinaDoll":3,"AdjustmentMirror":14,"hubris:RunicObelisk":17,"MawBank":10,"Frozen Eye":24,"CogitoBucket":0,"hubris:Icosahedron":7,"DollysMirror":13,"LetterFromLob":1,"Ring of Panic":22,"FlyPower:ReiMu":0,"InkBottle":6,"REME_ComplimentaryCards":0},{"conspire:Dentures":4,"RabbitCall":0,"Eternal Feather":6,"Gensokyo:NagashiBinaDoll":2,"AdjustmentMirror":8,"hubris:RunicObelisk":9,"MawBank":5,"Frozen Eye":10,"CogitoBucket":0,"hubris:Icosahedron":4,"DollysMirror":6,"LetterFromLob":1,"Ring of Panic":10,"FlyPower:ReiMu":0,"InkBottle":4,"REME_ComplimentaryCards":0},{"conspire:Dentures":27,"RabbitCall":0,"Eternal Feather":44,"Gensokyo:NagashiBinaDoll":13,"AdjustmentMirror":50,"hubris:RunicObelisk":63,"MawBank":29,"Frozen Eye":66,"CogitoBucket":0,"hubris:Icosahedron":27,"DollysMirror":44,"LetterFromLob":7,"Ring of Panic":66,"FlyPower:ReiMu":0,"InkBottle":27,"REME_ComplimentaryCards":0}],"InkBottle":[21]},"card_choices":[{"not_picked":["MeatLantern","VoidDream"],"picked":"SpiderBud","floor":1},{"not_picked":["KamiSacrifice:ReiMu","Enchanting:ReiMu"],"picked":"Revelation:ReiMu","floor":1},{"not_picked":["UniverseFragment","BigBadWolf","CrumblingArmor"],"picked":"Singing Bowl","floor":2},{"not_picked":["LaLuna","NakedNest"],"picked":"FairyFestival","floor":2},{"not_picked":["PayForSelf:ReiMu","CareerPray:ReiMu"],"picked":"BlastKick2:ReiMu","floor":2},{"not_picked":["HappyTeddy","Wellcheers","Scorched"],"picked":"Singing Bowl","floor":4},{"not_picked":["WonderfulDomain:ReiMu","FineLineFantasy:ReiMu"],"picked":"Revelation:ReiMu","floor":4},{"not_picked":["SpringWay:ReiMu+1","WonderfulDomain:ReiMu+1"],"picked":"RainPray2:ReiMu+1","floor":6},{"not_picked":["BeautyBeast","FieryBird","OldLady"],"picked":"Singing Bowl","floor":6},{"not_picked":["FantasyMoon:ReiMu","Authority:ReiMu"],"picked":"RainPray2:ReiMu","floor":6},{"not_picked":["Flash of Steel+1","GradualImprovement+1"],"picked":"Bandage Up+1","floor":8},{"not_picked":["BeautyBeast","SnowQueen","OSAHOGD"],"picked":"Singing Bowl","floor":10},{"not_picked":["RainPray2:ReiMu","AirManeuver:ReiMu"],"picked":"PrayRite:ReiMu","floor":10},{"not_picked":["OldLady","Scarecrow","GalaxyChild"],"picked":"Singing Bowl","floor":11},{"not_picked":["CareerPray:ReiMu","MountainWay:ReiMu"],"picked":"Authority:ReiMu","floor":11},{"not_picked":["WallGazer","CherryBlossoms","Mercenary"],"picked":"Singing Bowl","floor":14},{"not_picked":["DespairKnight","Wellcheers"],"picked":"MHz","floor":14},{"not_picked":["Amulet:ReiMu","UpKicking:ReiMu"],"picked":"AlertArray:ReiMu","floor":14},{"not_picked":["LaLuna","OSAHOGD","Bloodbath"],"picked":"Singing Bowl","floor":16},{"not_picked":["CardOfSanctity:ReiMu","Free:ReiMu"],"picked":"KyokaiOfKami:ReiMu","floor":16},{"not_picked":["LittlePrince","WallGazer","Bloodbath"],"picked":"Singing Bowl","floor":19},{"not_picked":["FantasyBorder:ReiMu","FoulBorder2:ReiMu"],"picked":"SpreadBorder2:ReiMu","floor":19}],"player_experience":1829849,"relics_obtained":[{"floor":1,"key":"LetterFromLob"},{"floor":6,"key":"InkBottle"},{"floor":9,"key":"conspire:Dentures"},{"floor":11,"key":"Eternal Feather"},{"floor":22,"key":"Ring of Panic"}],"event_choices":[{"damage_healed":0,"gold_gain":0,"player_choice":"2","damage_taken":0,"max_hp_gain":0,"max_hp_loss":0,"event_name":"betterMatch:BetterMatch","floor":8,"gold_loss":0,"cards_obtained":["betterMatch:ColorlessUncommonCard"]},{"damage_healed":0,"gold_gain":0,"player_choice":"UP UP UP ","damage_taken":43,"relics_obtained":[],"max_hp_gain":0,"max_hp_loss":0,"event_name":"betterSkull:BetterSkull","floor":20,"gold_loss":0,"cards_upgraded":["Defend_Lin:ReiMu","CareerPray:ReiMu","BlastKick2:ReiMu"]}],"is_beta":false,"boss_relics":[{"not_picked":["Cursed Key","hubris:HollowSoul"],"picked":"hubris:RunicObelisk"}],"items_purged_floors":[13],"is_endless":false,"potions_floor_spawned":[1,11,14],"killed_by":"Gensokyo:Koishi","ascension_level":14}}