{"host":"Kdaddybrian","time":1609649032,"event":{"mods":["AchievementEnabler","BaseMod","Bestiary","Colored Powertips","Minty Spire (QoL Compilation)","Potion Indicator Mod","Quick Restart","Rare Cards Sparkle","Relic Stats","StSLib","Uncapped"],"gold_per_floor":[110,128,139,150,170,170,195,195,195,70,105,105,117,145,145,246,246,260,78,98,98,110,110,137,137,164,190,190,190,17,30,30,131,131,146,146,157,59,109,109,125,172,172,203,216,229,262,278,278,278,278,278,60,91,91,91],"floor_reached":55,"playtime":4825,"items_purged":["Strike_G","Strike_G","Strike_G+1"],"score":1318,"play_id":"256dfa75-0b6b-4782-98e3-781232104716","local_time":"20210102234352","is_ascension_mode":true,"campfire_choices":[{"data":"Bullet Time","floor":6,"key":"SMITH"},{"data":"Blade Dance","floor":8,"key":"SMITH"},{"floor":15,"key":"REST"},{"floor":23,"key":"REST"},{"data":"Catalyst","floor":25,"key":"SMITH"},{"floor":29,"key":"REST"},{"data":"Crippling Poison","floor":32,"key":"SMITH"},{"floor":40,"key":"RECALL"},{"data":"Bullet Time","floor":49,"key":"SMITH"},{"data":"Footwork","floor":52,"key":"SMITH"}],"circlet_count":0,"master_deck":["AscendersBane","Strike_G+1","Strike_G+1","Defend_G+1","Defend_G+1","Defend_G+1","Defend_G+1","Defend_G+1","Survivor","Neutralize","Bullet Time+1","Dash","Flying Knee","Backstab","Blade Dance+1","Predator","Dagger Spray","Crippling Poison+1","Deflect","Tools of the Trade","Acrobatics+1","Catalyst+1","PiercingWail","Dodge and Roll","Finisher","PiercingWail","Corpse Explosion","Envenom","Bullet Time+1","Footwork+1","PiercingWail","Acrobatics","Footwork+1","Acrobatics+1","PiercingWail+1","Blur+1","PiercingWail","Backflip+1","Backflip+1","Caltrops","Prepared","Acrobatics+1"],"relics":["Ring of the Snake","Nunchaku","HornCleat","Bottled Flame","Pear","Runic Pyramid","Akabeko","Vajra","Orichalcum","Mango","Coffee Dripper","Tough Bandages","Du-Vu Doll","Blood Vial","Boot","Art of War"],"acts_visited":["Exordium","TheCity","TheBeyond","TheEnding"],"potions_floor_usage":[7,7,11,16,24,27,33,33,33,37,39,42,42,45,50,54,55],"damage_taken":[{"damage":0,"enemies":"Cultist","floor":1,"turns":5},{"damage":0,"enemies":"2 Louse","floor":2,"turns":3},{"damage":3,"enemies":"Small Slimes","floor":3,"turns":5},{"damage":3,"enemies":"Exordium Wildlife","floor":4,"turns":7},{"damage":0,"enemies":"Large Slime","floor":5,"turns":5},{"damage":8,"enemies":"Lagavulin","floor":7,"turns":5},{"damage":12,"enemies":"Gremlin Nob","floor":11,"turns":4},{"damage":0,"enemies":"Exordium Thugs","floor":13,"turns":3},{"damage":8,"enemies":"Lagavulin","floor":14,"turns":5},{"damage":28,"enemies":"Hexaghost","floor":16,"turns":11},{"damage":13,"enemies":"Spheric Guardian","floor":18,"turns":4},{"damage":10,"enemies":"Shell Parasite","floor":20,"turns":9},{"damage":4,"enemies":"Centurion and Healer","floor":22,"turns":8},{"damage":0,"enemies":"Gremlin Leader","floor":24,"turns":4},{"damage":20,"enemies":"Slavers","floor":27,"turns":5},{"damage":12,"enemies":"Snake Plant","floor":31,"turns":5},{"damage":25,"enemies":"Champ","floor":33,"turns":12},{"damage":0,"enemies":"3 Shapes","floor":35,"turns":6},{"damage":0,"enemies":"3 Darklings","floor":37,"turns":4},{"damage":5,"enemies":"Mind Bloom Boss Battle","floor":39,"turns":8},{"damage":3,"enemies":"Spire Growth","floor":41,"turns":5},{"damage":11,"enemies":"2 Orb Walkers","floor":42,"turns":5},{"damage":24,"enemies":"Giant Head","floor":44,"turns":9},{"damage":15,"enemies":"Transient","floor":45,"turns":5},{"damage":0,"enemies":"Maw","floor":46,"turns":8},{"damage":0,"enemies":"Nemesis","floor":47,"turns":11},{"damage":6,"enemies":"3 Darklings","floor":48,"turns":9},{"damage":1,"enemies":"Awakened One","floor":50,"turns":17},{"damage":11,"enemies":"Shield and Spear","floor":54,"turns":6},{"damage":75,"enemies":"The Heart","floor":55,"turns":5}],"seed_played":"-6324237509078093283","potions_obtained":[{"floor":2,"key":"AttackPotion"},{"floor":3,"key":"SteroidPotion"},{"floor":5,"key":"Block Potion"},{"floor":11,"key":"Ancient Potion"},{"floor":14,"key":"Strength Potion"},{"floor":18,"key":"Dexterity Potion"},{"floor":20,"key":"Fire Potion"},{"floor":22,"key":"EntropicBrew"},{"floor":24,"key":"Explosive Potion"},{"floor":37,"key":"PowerPotion"},{"floor":41,"key":"Swift Potion"},{"floor":45,"key":"CunningPotion"},{"floor":47,"key":"Energy Potion"},{"floor":54,"key":"Poison Potion"}],"is_trial":false,"path_per_floor":["M","M","M","M","M","R","E","R","T","$","E","?","M","E","R","B",null,"M","$","M","?","M","R","E","R","T","E","?","R","$","M","R","B",null,"M","?","M","$","?","R","M","?","T","E","M","M","E","M","R","B",null,"R","$","E","B"],"character_chosen":"THE_SILENT","items_purchased":["PowerPotion","Catalyst","PiercingWail","Corpse Explosion","EntropicBrew","PiercingWail","Acrobatics","Caltrops","Prepared"],"campfire_rested":3,"item_purchase_floors":[10,19,19,30,30,38,38,53,53],"current_hp_per_floor":[63,63,60,57,57,57,49,49,49,49,37,23,23,25,49,21,65,52,52,42,42,38,62,62,62,62,56,56,84,84,72,72,47,82,82,82,82,82,92,92,89,78,78,54,41,43,45,41,41,42,81,81,81,72,0,0],"gold":91,"neow_bonus":"ONE_RANDOM_RARE_CARD","is_daily":false,"chose_seed":false,"campfire_upgraded":6,"win_rate":0.0,"timestamp":1609649032,"path_taken":["M","M","M","M","?","R","E","R","T","?","E","?","M","E","R","BOSS","M","$","M","?","M","R","E","R","T","E","?","R","?","M","R","BOSS","M","?","M","?","?","R","M","?","T","E","M","?","E","M","R","BOSS","R","$","E","BOSS"],"items_purchased_type":["Potion","Card","Card","Card","Potion","Card","Card","Card","Card"],"build_version":"2020-12-18","purchased_purges":3,"victory":false,"max_hp_per_floor":[70,70,70,70,70,70,70,70,70,70,70,70,70,80,80,80,80,80,80,80,80,80,80,80,80,80,94,94,94,94,94,94,94,94,94,94,94,94,94,94,94,94,94,94,94,94,94,94,94,94,94,94,94,94,94,94],"relic_stats":{"Blood Vial":14,"Nunchaku":[40],"Tough Bandages":[258],"counters":[30,198],"Art of War":[1],"Orichalcum":[72],"Boot":[6],"obtain_stats":[{"Pear":14,"Vajra":24,"Mango":27,"Orichalcum":26,"Boot":47,"Akabeko":21,"Du-Vu Doll":42,"Blood Vial":44,"Nunchaku":7,"Bottled Flame":11,"Tough Bandages":39,"HornCleat":9,"Coffee Dripper":34,"Art of War":54,"Ring of the Snake":0,"Runic Pyramid":17},{"Pear":9,"Vajra":14,"Mango":15,"Orichalcum":14,"Boot":26,"Akabeko":12,"Du-Vu Doll":22,"Blood Vial":23,"Nunchaku":6,"Bottled Flame":7,"Tough Bandages":20,"HornCleat":6,"Coffee Dripper":17,"Art of War":29,"Ring of the Snake":0,"Runic Pyramid":10},{"Pear":42,"Vajra":78,"Mango":83,"Orichalcum":78,"Boot":161,"Akabeko":66,"Du-Vu Doll":128,"Blood Vial":137,"Nunchaku":30,"Bottled Flame":34,"Tough Bandages":118,"HornCleat":30,"Coffee Dripper":100,"Art of War":193,"Ring of the Snake":0,"Runic Pyramid":53}],"Ring of the Snake":[60]},"card_choices":[{"not_picked":["Bane","Calculated Gamble"],"picked":"Dash","floor":1},{"not_picked":["Tactician","Deflect"],"picked":"Flying Knee","floor":2},{"not_picked":["Finisher","PiercingWail"],"picked":"Backstab","floor":3},{"not_picked":["Setup","Sucker Punch"],"picked":"Blade Dance","floor":4},{"not_picked":["Concentrate","Outmaneuver"],"picked":"Predator","floor":5},{"not_picked":["Quick Slash","Slice","Doppelganger"],"picked":"SKIP","floor":7},{"not_picked":["Calculated Gamble","Setup"],"picked":"Dagger Spray","floor":11},{"not_picked":["Accuracy","Flying Knee"],"picked":"Crippling Poison","floor":13},{"not_picked":["Outmaneuver","Underhanded Strike"],"picked":"Deflect","floor":14},{"not_picked":["Venomology","Phantasmal Killer"],"picked":"Tools of the Trade","floor":16},{"not_picked":["Bane+1","Dagger Throw+1"],"picked":"Acrobatics+1","floor":18},{"not_picked":["Acrobatics","Dash"],"picked":"Dodge and Roll","floor":20},{"not_picked":["Flying Knee","Outmaneuver"],"picked":"Finisher","floor":22},{"not_picked":["Dagger Throw","Choke","Eviscerate"],"picked":"SKIP","floor":24},{"not_picked":["Deflect+1","Poisoned Stab"],"picked":"PiercingWail","floor":27},{"not_picked":["Flying Knee","Eviscerate"],"picked":"Envenom","floor":31},{"not_picked":["Phantasmal Killer","Storm of Steel"],"picked":"Bullet Time","floor":33},{"not_picked":["Acrobatics+1","Heel Hook+1"],"picked":"Footwork","floor":35},{"not_picked":["Deadly Poison+1","Flying Knee+1","Outmaneuver"],"picked":"SKIP","floor":37},{"not_picked":["Grand Finale","Outmaneuver+1"],"picked":"Footwork+1","floor":39},{"not_picked":["Tactician+1","PiercingWail"],"picked":"Acrobatics+1","floor":41},{"not_picked":["Masterful Stab+1","Infinite Blades+1"],"picked":"PiercingWail+1","floor":42},{"not_picked":["PiercingWail+1","Accuracy+1"],"picked":"Blur+1","floor":44},{"not_picked":["Dagger Throw","Quick Slash+1"],"picked":"PiercingWail","floor":45},{"not_picked":["Skewer+1","Well Laid Plans"],"picked":"Backflip+1","floor":46},{"not_picked":["Skewer+1","PiercingWail"],"picked":"Backflip+1","floor":47},{"not_picked":["Expertise","Flying Knee","Cloak And Dagger+1"],"picked":"SKIP","floor":48},{"not_picked":["Reflex+1","Caltrops+1"],"picked":"Acrobatics+1","floor":54}],"player_experience":2923333,"relics_obtained":[{"floor":7,"key":"Nunchaku"},{"floor":9,"key":"HornCleat"},{"floor":11,"key":"Bottled Flame"},{"floor":14,"key":"Pear"},{"floor":24,"key":"Vajra"},{"floor":26,"key":"Orichalcum"},{"floor":27,"key":"Mango"},{"floor":39,"key":"Tough Bandages"},{"floor":42,"key":"Du-Vu Doll"},{"floor":44,"key":"Blood Vial"},{"floor":47,"key":"Boot"},{"floor":54,"key":"Art of War"}],"event_choices":[{"damage_healed":0,"gold_gain":0,"player_choice":"Entered Light","damage_taken":14,"max_hp_gain":0,"max_hp_loss":0,"event_name":"Shining Light","floor":12,"gold_loss":0,"cards_upgraded":["Strike_G","Strike_G"]},{"damage_healed":0,"gold_gain":0,"player_choice":"Opened","damage_taken":0,"relics_obtained":["Akabeko"],"max_hp_gain":0,"max_hp_loss":0,"event_name":"The Mausoleum","floor":21,"gold_loss":0},{"damage_healed":0,"gold_gain":0,"player_choice":"Simplicity","damage_taken":0,"max_hp_gain":0,"max_hp_loss":0,"event_name":"Back to Basics","floor":28,"gold_loss":0,"cards_upgraded":["Strike_G","Defend_G","Defend_G","Defend_G","Defend_G","Defend_G"]},{"damage_healed":0,"gold_gain":0,"player_choice":"Memory 1","damage_taken":0,"max_hp_gain":0,"max_hp_loss":0,"event_name":"SensoryStone","floor":36,"gold_loss":0},{"damage_healed":0,"gold_gain":0,"player_choice":"Fight","damage_taken":0,"max_hp_gain":0,"max_hp_loss":0,"event_name":"MindBloom","floor":39,"gold_loss":0},{"damage_healed":0,"gold_gain":0,"player_choice":"Fight","damage_taken":0,"max_hp_gain":0,"max_hp_loss":0,"event_name":"Mysterious Sphere","floor":42,"gold_loss":0}],"is_beta":true,"boss_relics":[{"not_picked":["Cursed Key","Black Star"],"picked":"Runic Pyramid"},{"not_picked":["Astrolabe","Pandora\u0027s Box"],"picked":"Coffee Dripper"}],"items_purged_floors":[10,19,53],"is_endless":false,"potions_floor_spawned":[2,3,5,11,14,18,20,22,24,37,41,45,47,54],"killed_by":"The Heart","ascension_level":10}}