{"host":"drk0p5jtlzl1xmwe","time":1609718357,"event":{"mods":["2.2 Compatiblity","AchievementEnabler","Act Like it!","Bard","BaseMod","Better Note","Better Vampires","Ekko","Friendly Minions","Hermit","Hubris","Infinite Spire","Luminous","Marisa????????","Minty Spire (QoL Compilation)","Rare Cards Sparkle","Relic Stats","Replay The Spire","Shade Mod","StSLib","The Animator","The Bug Knight","The Cursed","The Disciple","The Gatherer","The Servant 0.9.4","The Spell Scribe"],"gold_per_floor":[109,129,204,204,223,257,257,281,281,300,300,310,4,28,28,126,126,136,136,155,177,184,184],"floor_reached":22,"playtime":1382,"items_purged":[],"score":228,"play_id":"eae46517-c412-4c3d-9ec4-5fffdf32ba8e","local_time":"20210103235917","is_ascension_mode":true,"campfire_choices":[{"data":"hermit:Scavenge","floor":7,"key":"SMITH"},{"data":"hermit:Strike_Hermit","floor":11,"key":"SMITH"},{"floor":15,"key":"REST"}],"circlet_count":0,"master_deck":["hermit:Strike_Hermit","hermit:Strike_Hermit","hermit:Strike_Hermit","hermit:Strike_Hermit+1","hermit:Defend_Hermit","hermit:Defend_Hermit","hermit:Defend_Hermit","hermit:Defend_Hermit","hermit:Snapshot+1","hermit:Covet","hermit:Scavenge+1","hermit:Dive","hermit:HeroicBravado","hermit:BigShot","hermit:CalledShot+1"],"relics":["hermit:Momento","Bag of Marbles","Vajra","Smiling Mask","ClockworkSouvenir","Akabeko","Black Star","SlaversCollar","hermit:RedScarf"],"acts_visited":["Exordium","TheCity"],"potions_floor_usage":[12,16,16,22],"damage_taken":[{"damage":0,"enemies":"2 Louse","floor":1,"turns":2},{"damage":7,"enemies":"Jaw Worm","floor":2,"turns":4},{"damage":0,"enemies":"Cultist","floor":5,"turns":2},{"damage":18,"enemies":"3 Sentries","floor":6,"turns":10},{"damage":3,"enemies":"3 Louse","floor":8,"turns":4},{"damage":9,"enemies":"2 Fungi Beasts","floor":10,"turns":2},{"damage":16,"enemies":"Large Slime","floor":12,"turns":6},{"damage":0,"enemies":"3 Louse","floor":14,"turns":3},{"damage":21,"enemies":"The Guardian","floor":16,"turns":15},{"damage":10,"enemies":"Spheric Guardian","floor":18,"turns":5},{"damage":18,"enemies":"Shell Parasite","floor":20,"turns":7},{"damage":37,"enemies":"Centurion and Healer","floor":21,"turns":8},{"damage":11,"enemies":"3 Cultists","floor":22,"turns":3}],"seed_played":"5912889288057797434","potions_obtained":[{"floor":1,"key":"Ancient Potion"},{"floor":6,"key":"Milkshake"},{"floor":10,"key":"Dexterity Potion"},{"floor":12,"key":"Swift Potion"},{"floor":21,"key":"hermit:Tonic"}],"is_trial":false,"path_per_floor":["M","M","?","T","M","E","R","M","T","M","R","M","$","M","R","B",null,"M","AVR","M","M","M"],"character_chosen":"HERMIT","items_purchased":["ClockworkSouvenir","Akabeko"],"campfire_rested":1,"item_purchase_floors":[13,13],"current_hp_per_floor":[75,68,57,57,57,39,39,36,36,27,27,11,11,11,33,12,75,65,65,47,10,0,0],"gold":184,"neow_bonus":"UPGRADE_CARD","is_daily":false,"chose_seed":false,"campfire_upgraded":2,"win_rate":0.0,"timestamp":1609718357,"path_taken":["M","M","?","?","M","E","R","M","T","M","R","M","$","M","R","BOSS","M","AVR","M","M","M"],"items_purchased_type":["Relic","Relic"],"build_version":"2020-12-22","purchased_purges":0,"victory":false,"max_hp_per_floor":[75,75,75,75,75,75,75,75,75,75,75,75,75,75,75,75,75,75,75,75,75,75,75],"relic_stats":{"counters":[13,71],"Black Star":0,"Smiling Mask":0,"obtain_stats":[{"SlaversCollar":19,"Vajra":6,"Bag of Marbles":4,"Black Star":17,"hermit:RedScarf":19,"Smiling Mask":9,"hermit:Momento":0,"Akabeko":13,"ClockworkSouvenir":13},{"SlaversCollar":10,"Vajra":4,"Bag of Marbles":2,"Black Star":9,"hermit:RedScarf":10,"Smiling Mask":5,"hermit:Momento":0,"Akabeko":7,"ClockworkSouvenir":7},{"SlaversCollar":53,"Vajra":18,"Bag of Marbles":6,"Black Star":48,"hermit:RedScarf":53,"Smiling Mask":22,"hermit:Momento":0,"Akabeko":30,"ClockworkSouvenir":30}]},"card_choices":[{"not_picked":["hermit:WideOpen","hermit:HoleUp"],"picked":"hermit:Scavenge","floor":1},{"not_picked":["hermit:Quickdraw","hermit:Feint","hermit:SprayPray"],"picked":"SKIP","floor":2},{"not_picked":["hermit:Snipe","hermit:Vantage","hermit:Combo"],"picked":"SKIP","floor":5},{"not_picked":["hermit:Feint","hermit:LuckOfTheDraw","hermit:TrackingShot"],"picked":"SKIP","floor":6},{"not_picked":["hermit:Ricochet","hermit:LoneWolf","hermit:Feint"],"picked":"SKIP","floor":8},{"not_picked":["hermit:Vantage","hermit:TrackingShot","hermit:SprayPray"],"picked":"SKIP","floor":10},{"not_picked":["hermit:WideOpen","hermit:Misfire","hermit:Horror"],"picked":"SKIP","floor":12},{"not_picked":["hermit:DeadMansHand","hermit:Midnight"],"picked":"hermit:Dive","floor":14},{"not_picked":["hermit:Reprieve","hermit:DeadOrAlive"],"picked":"hermit:HeroicBravado","floor":16},{"not_picked":["hermit:Brawl+1","hermit:Ricochet"],"picked":"hermit:BigShot","floor":18},{"not_picked":["hermit:BigShot","hermit:Roulette"],"picked":"hermit:CalledShot+1","floor":20},{"not_picked":["hermit:Virtue","hermit:Combo","hermit:GhostlyPresence"],"picked":"SKIP","floor":21}],"player_experience":663269,"relics_obtained":[{"floor":4,"key":"Bag of Marbles"},{"floor":6,"key":"Vajra"},{"floor":9,"key":"Smiling Mask"}],"event_choices":[{"damage_healed":0,"gold_gain":75,"player_choice":"Gather Gold","damage_taken":11,"max_hp_gain":0,"max_hp_loss":0,"event_name":"World of Goop","floor":3,"gold_loss":0}],"is_beta":false,"boss_relics":[{"not_picked":["Replay:Ancient Bell","Kintsugi"],"picked":"Black Star"}],"items_purged_floors":[],"is_endless":false,"potions_floor_spawned":[1,6,10,12,21],"killed_by":"3 Cultists","ascension_level":4}}