{"host":"be3r5d8qs4ku9xfy","time":1609633828,"event":{"mods":["2.2 Compatiblity","AchievementEnabler","Act Like it!","Aspiration","BaseMod","Better Altar","Better Note","Better Sensory Stone","Better Skull","Better Third Choice","BetterRewards","Card Forge","Colored Map","Colored Powertips","DNKmod","DeckTracker","Defuse TimeMaze Blight","Downfall","Friendly Minions","Gensokyo","Hallownest","Highlight Path","Hubris","Infinite Spire","Keyboard Shortcuts","Lobotomy","Minty Spire (QoL Compilation)","Quick Restart","Rare Cards Sparkle","Replay The Spire","Shop Mod","StSLib","SuperFastMode","Synergy Search","The Animator","The Construct","The Jungle"],"gold_per_floor":[1012,1012,1012,284,62,96,131,160,160,160,173,173,173,189,189,287,287,297,297,315,315,9,44,85,99,99,139,163,172,172,184,184,303,321,342,664,691,691,711,750,750,750,777,53,53,99,99,113,122,127],"floor_reached":51,"playtime":2621,"items_purged":["Sunder"],"score":800,"play_id":"c62a8882-9921-4cb2-85a2-0c100b1d4d98","local_time":"20210102193028","daily_mods":["Draft","Specialized","Vintage","Heirloom","Time Dilation","Flight","downfall:Lament"],"is_ascension_mode":false,"campfire_choices":[{"floor":10,"key":"REST"},{"floor":15,"key":"REST"},{"floor":30,"key":"REST"},{"floor":32,"key":"REST"},{"floor":42,"key":"REST"}],"circlet_count":0,"master_deck":["Stack+1","Conserve Battery","BootSequence","Darkness+1","Barrage","Sweeping Beam","Go for the Eyes","Melter","White Noise+1","Compile Driver","Aggregate+1","Rebound","Fusion","Beam Cell","Chill","Genetic Algorithm+1","Flash of Steel+1","Chrysalis","Gensokyo:LittleGreenMen+1","Rebound","Sweeping Beam","FTL","Guardian:Defend_Guardian","animator:Strike_Kancolle","ReplayTheSpireMod:GoodbyeWorld","hubris:Counter","Hidden Blade","Finisher","Doom and Gloom","Thunder Strike","Hallucinations","Doubt","animator:Defend_Elsword","hexamod:Defend","ReplayTheSpireMod:Omega Cannon","Quick Slash","Panache","expansioncontent:Torchfire","expansioncontent:Corrupt","expansioncontent:QuickStudy","Replay:SS_fish_2","Stack+1","Compile Driver"],"relics":["Cracked Core","Hammer of Thor","Seething Fire","Anvil of the Gods","replay:Trail_Library","NeowsBlessing","Replay:Kaleidoscope","Happy Flower","infinitespire:BottledMercury","OrangePellets","aspiration:ChemicalBlood","champ:DuelingGlove","Toy Ornithopter","hubris:DisguiseKit","Turnip","NeowsBlessing","War Paint","Lantern","Busted Crown","CeramicFish","hubris:BundleOfHerbs","Counterbalance","Pocketwatch","hubris:TinFlute","Vajra","Replay:Multitool","Eternal Feather","Kintsugi","Tiny Chest","Replay:Baseball","PreservedInsect","infinitespire:Lucky Rock","aspiration:Nostalgia","animator:LivingPicture","Bag of Preparation","Blue Doll","infinitespire:Freezer","ReplayTheSpireMod:ShopPack","Omamori","aspiration:TomeofQuesting","Guardian:PocketSentry"],"acts_visited":["Gensokyo:Gensokyo","Gensokyo:Gensokyo","Hallownest:KingdomsEdge"],"potions_floor_usage":[18,23,24,31,33,33,40,40,50],"damage_taken":[{"damage":0,"enemies":"Gensokyo:2_Kodama","floor":1,"turns":1},{"damage":0,"enemies":"Gensokyo:Aya","floor":6,"turns":1},{"damage":0,"enemies":"Gensokyo:Cirno","floor":7,"turns":2},{"damage":41,"enemies":"Gensokyo:Aya","floor":8,"turns":6},{"damage":4,"enemies":"Gensokyo:3_Fairies","floor":11,"turns":3},{"damage":0,"enemies":"Gensokyo:Python","floor":14,"turns":1},{"damage":0,"enemies":"Gensokyo:Yukari","floor":16,"turns":1},{"damage":13,"enemies":"theJungle:5_Spyders","floor":18,"turns":3},{"damage":0,"enemies":"theJungle:2_Phrogs","floor":23,"turns":5},{"damage":9,"enemies":"theJungle:Cassacara","floor":24,"turns":5},{"damage":0,"enemies":"theJungle:MUSHROOMGANG","floor":25,"turns":4},{"damage":47,"enemies":"Nightmare","floor":27,"turns":8},{"damage":41,"enemies":"theJungle:2_Flameangoes","floor":28,"turns":4},{"damage":25,"enemies":"theJungle:Snecko_Cultist_And_Trap","floor":31,"turns":4},{"damage":11,"enemies":"theJungle:QueenSpyder","floor":33,"turns":10},{"damage":10,"enemies":"Hallownest:2_Littles","floor":35,"turns":4},{"damage":18,"enemies":"Hallownest:3_Siblings","floor":39,"turns":6},{"damage":49,"enemies":"Nightmare","floor":40,"turns":5},{"damage":6,"enemies":"Hallownest:eliteHiveKnight","floor":46,"turns":3},{"damage":6,"enemies":"Hallownest:2_Soldiers_and_1_Guardian","floor":48,"turns":6},{"damage":41,"enemies":"Hallownest:BossGreyPrinceZote","floor":50,"turns":7}],"seed_played":"5059268237270946881","potions_obtained":[{"floor":6,"key":"LiquidBronze"},{"floor":7,"key":"SkillPotion"},{"floor":18,"key":"ColorlessPotion"},{"floor":24,"key":"Venom Potion"},{"floor":25,"key":"SteroidPotion"},{"floor":28,"key":"AttackPotion"},{"floor":31,"key":"Fire Potion"},{"floor":31,"key":"DuplicationPotion"},{"floor":40,"key":"Block Potion"},{"floor":40,"key":"BlessingOfTheForge"},{"floor":46,"key":"champ:CounterPotion"},{"floor":50,"key":"Fire Potion"}],"is_trial":true,"path_per_floor":["M","WH","WH","$","COS","E","E","E","T","R","M","WH","?","M","R","B",null,"M","AVR","WH","WH","WH","E","E","M","T","NM","M","R","R","M","R","B",null,"M","?","WH","WH","M","NM","WH","R","T","$","?","E","T","M","R","B",null],"character_chosen":"DEFECT","items_purchased":["Genetic Algorithm+1","infinitespire:BottledMercury","OrangePellets","Flash of Steel","Chrysalis","Blue Doll","infinitespire:Freezer","ReplayTheSpireMod:ShopPack","Panache","expansioncontent:Torchfire"],"campfire_rested":5,"item_purchase_floors":[4,4,4,4,4,44,44,44,44,44],"current_hp_per_floor":[100,110,110,110,110,110,110,69,69,102,98,98,56,56,89,89,110,97,97,119,119,119,124,120,120,120,73,32,71,110,90,132,121,132,122,79,79,79,61,22,22,82,82,82,85,79,79,73,135,109],"gold":127,"neow_bonus":"NOSTALGIA","is_daily":false,"chose_seed":false,"campfire_upgraded":0,"win_rate":0.0,"timestamp":1609633828,"path_taken":["M","WH","WH","$","COS","E","E","E","T","R","M","WH","?","M","R","BOSS","M","AVR","WH","WH","WH","E","E","M","T","NM","M","R","R","M","R","BOSS","M","?","WH","WH","?","NM","WH","R","T","$","?","E","?","M","R","BOSS"],"items_purchased_type":["Card","Relic","Relic","Card","Card","Relic","Relic","Relic","Card","Card"],"build_version":"2020-12-22","purchased_purges":1,"victory":true,"max_hp_per_floor":[100,110,110,110,110,110,110,110,110,110,110,110,110,110,110,110,110,110,110,132,132,132,132,132,132,132,132,132,132,132,132,132,132,132,132,132,132,132,132,132,132,132,132,132,135,135,135,135,135,135],"card_choices":[{"not_picked":["Steam","Crystallizer"],"picked":"Stack","floor":0},{"not_picked":["Turbo","Defragment"],"picked":"Conserve Battery","floor":0},{"not_picked":["Streamline","hubris:Ukulele"],"picked":"BootSequence","floor":0},{"not_picked":["Coolheaded","Blizzard"],"picked":"Darkness","floor":0},{"not_picked":["ReplayTheSpireMod:GoodbyeWorld","Reprogram"],"picked":"Barrage","floor":0},{"not_picked":["Streamline","hubris:PowerSurge"],"picked":"Sweeping Beam","floor":0},{"not_picked":["Steam Power","Compile Driver"],"picked":"Go for the Eyes","floor":0},{"not_picked":["Reinforced Body","Hologram"],"picked":"Melter","floor":0},{"not_picked":["Leap","Gash"],"picked":"White Noise","floor":0},{"not_picked":["Capacitor","Hologram"],"picked":"Compile Driver","floor":0},{"not_picked":["Force Field","Lockon"],"picked":"Aggregate","floor":0},{"not_picked":["Hologram","ReplayGash"],"picked":"Rebound","floor":0},{"not_picked":["Recycle","BasicCrystalCard"],"picked":"Fusion","floor":0},{"not_picked":["Conserve Battery","Panic Button"],"picked":"Beam Cell","floor":0},{"not_picked":["Turbo","Cold Snap"],"picked":"Chill","floor":0},{"not_picked":["Heatsinks","Melter"],"picked":"Rebound","floor":6},{"not_picked":["Steam Power","FTL"],"picked":"Sweeping Beam","floor":7},{"not_picked":["Turbo","Panic Button"],"picked":"FTL","floor":8},{"not_picked":["Steam"],"picked":"hubris:Counter","floor":23},{"not_picked":["Steam Power"],"picked":"Hidden Blade","floor":24},{"not_picked":["Coolheaded+1"],"picked":"Finisher","floor":27},{"not_picked":["ReplayTheSpireMod:Necrosis"],"picked":"Thunder Strike","floor":33},{"not_picked":["ReplayRNGCard","Rainbow"],"picked":"ReplayTheSpireMod:Omega Cannon","floor":37},{"not_picked":["Genetic Algorithm"],"picked":"Quick Slash","floor":40},{"not_picked":["ReplayTheSpireMod:Necrogeddon"],"picked":"expansioncontent:Corrupt","floor":44},{"not_picked":["Purity"],"picked":"expansioncontent:QuickStudy","floor":44},{"not_picked":["expansioncontent:DefensiveStance"],"picked":"Replay:SS_fish_2","floor":44},{"not_picked":["Riddle With Holes"],"picked":"Stack+1","floor":46}],"player_experience":40756,"relics_obtained":[{"floor":1,"key":"Happy Flower"},{"floor":6,"key":"aspiration:ChemicalBlood"},{"floor":7,"key":"champ:DuelingGlove"},{"floor":8,"key":"Toy Ornithopter"},{"floor":9,"key":"hubris:DisguiseKit"},{"floor":11,"key":"Turnip"},{"floor":14,"key":"Lantern"},{"floor":18,"key":"CeramicFish"},{"floor":23,"key":"hubris:BundleOfHerbs"},{"floor":24,"key":"Counterbalance"},{"floor":25,"key":"Pocketwatch"},{"floor":26,"key":"hubris:TinFlute"},{"floor":27,"key":"Vajra"},{"floor":28,"key":"Replay:Multitool"},{"floor":31,"key":"Eternal Feather"},{"floor":35,"key":"Tiny Chest"},{"floor":39,"key":"PreservedInsect"},{"floor":40,"key":"infinitespire:Lucky Rock"},{"floor":43,"key":"Bag of Preparation"},{"floor":46,"key":"Omamori"},{"floor":47,"key":"aspiration:TomeofQuesting"},{"floor":48,"key":"Guardian:PocketSentry"}],"event_choices":[{"damage_healed":0,"gold_gain":0,"player_choice":"UP RE ","damage_taken":46,"relics_obtained":["War Paint"],"max_hp_gain":0,"max_hp_loss":0,"event_name":"betterSkull:BetterSkull","floor":13,"gold_loss":0,"cards_upgraded":["Flash of Steel"]},{"damage_healed":0,"gold_gain":0,"player_choice":"Gold","damage_taken":0,"max_hp_gain":0,"max_hp_loss":0,"event_name":"Wheel of Change","floor":21,"gold_loss":0},{"damage_healed":0,"gold_gain":322,"player_choice":"GO GO GO ","damage_taken":46,"relics_obtained":[],"max_hp_gain":0,"max_hp_loss":0,"event_name":"betterSkull:BetterSkull","floor":36,"gold_loss":0,"cards_upgraded":[]}],"is_beta":false,"boss_relics":[{"not_picked":["Coffee Dripper","Cursed Key"],"picked":"Busted Crown"},{"not_picked":["Philosopher\u0027s Stone","Runic Dome"],"picked":"Kintsugi"}],"items_purged_floors":[44],"is_endless":false,"potions_floor_spawned":[6,7,11,16,18,24,25,27,31,46,48],"ascension_level":0}}