{"host":"b4oqa93y40rb9616","time":1609643254,"event":{"mods":["BaseMod","Colored Map","Custom Start","DeckTracker","Keyboard Shortcuts","Minty Spire (QoL Compilation)","Permanent Neow","Quick Restart","StSLib","SuperFastMode","everything is the same but u backflip on backflip"],"gold_per_floor":[113,25,38,38,38,38,73,29,77,95,109,109,121,152,152,224,224,235,235,245,170,189,189,89,122,122,122,134,9,9,9,9,85,85,97,97,114,134,134,166,166,182,182,182,207,207,57,105,105,105,105,105,105,105,135,135],"floor_reached":57,"playtime":2196,"items_purged":["Strike_P","Strike_P","Strike_P","Strike_P"],"score":2987,"play_id":"3a6c097d-3ee7-4d8b-b9b5-a87a2c2018e2","local_time":"20210103120734","is_ascension_mode":true,"campfire_choices":[{"data":"Eruption","floor":6.0,"key":"SMITH"},{"floor":12.0,"key":"REST"},{"data":"Adaptation","floor":15.0,"key":"SMITH"},{"floor":23.0,"key":"REST"},{"floor":27.0,"key":"REST"},{"data":"Vault","floor":30.0,"key":"SMITH"},{"floor":32.0,"key":"REST"},{"floor":41.0,"key":"RECALL"},{"data":"Scrawl","floor":44.0,"key":"SMITH"},{"data":"MentalFortress","floor":46.0,"key":"SMITH"},{"floor":49.0,"key":"REST"},{"data":"Crescendo","floor":53.0,"key":"SMITH"}],"circlet_count":0,"master_deck":["AscendersBane","Eruption+1","Vigilance","DeusExMachina","Consecrate","EmptyFist","Adaptation+1","Crescendo+1","FearNoEvil","Sanctity","DevaForm","Prostrate","Vault+1","Scrawl+1","Parasite","MentalFortress+1"],"relics":["PureWater","Sundial","Regal Pillow","Singing Bowl","Black Star","HornCleat","Blue Candle","InkBottle","SacredBark","Darkstone Periapt","Meat on the Bone","Kunai","Toy Ornithopter","Lizard Tail","Bird Faced Urn","Shuriken","Bottled Tornado"],"acts_visited":["Exordium","TheCity","TheBeyond","TheEnding"],"potions_floor_usage":[],"damage_taken":[{"damage":9.0,"enemies":"Jaw Worm","floor":1.0,"turns":4.0},{"damage":0.0,"enemies":"Cultist","floor":3.0,"turns":2.0},{"damage":7.0,"enemies":"Lagavulin","floor":7.0,"turns":5.0},{"damage":0.0,"enemies":"Small Slimes","floor":10.0,"turns":2.0},{"damage":15.0,"enemies":"Exordium Wildlife","floor":11.0,"turns":3.0},{"damage":2.0,"enemies":"3 Louse","floor":13.0,"turns":3.0},{"damage":9.0,"enemies":"3 Sentries","floor":14.0,"turns":5.0},{"damage":42.0,"enemies":"The Guardian","floor":16.0,"turns":10.0},{"damage":1.0,"enemies":"Spheric Guardian","floor":18.0,"turns":3.0},{"damage":20.0,"enemies":"3 Byrds","floor":20.0,"turns":5.0},{"damage":22.0,"enemies":"Centurion and Healer","floor":22.0,"turns":5.0},{"damage":44.0,"enemies":"Gremlin Leader","floor":25.0,"turns":5.0},{"damage":16.0,"enemies":"Shelled Parasite and Fungi","floor":28.0,"turns":3.0},{"damage":0.0,"enemies":"Champ","floor":33.0,"turns":5.0},{"damage":3.0,"enemies":"Orb Walker","floor":35.0,"turns":4.0},{"damage":7.0,"enemies":"3 Darklings","floor":37.0,"turns":3.0},{"damage":6.0,"enemies":"Writhing Mass","floor":38.0,"turns":5.0},{"damage":1.0,"enemies":"Nemesis","floor":40.0,"turns":2.0},{"damage":15.0,"enemies":"Sphere and 2 Shapes","floor":42.0,"turns":2.0},{"damage":1.0,"enemies":"Mind Bloom Boss Battle","floor":45.0,"turns":4.0},{"damage":1.0,"enemies":"2 Orb Walkers","floor":48.0,"turns":2.0},{"damage":19.0,"enemies":"Donu and Deca","floor":50.0,"turns":3.0},{"damage":1.0,"enemies":"Awakened One","floor":51.0,"turns":3.0},{"damage":34.0,"enemies":"Shield and Spear","floor":55.0,"turns":3.0},{"damage":102,"enemies":"The Heart","floor":56,"turns":10}],"seed_played":"9198556512126281520","potions_obtained":[{"floor":10.0,"key":"FairyPotion"},{"floor":11.0,"key":"Dexterity Potion"},{"floor":25.0,"key":"Dexterity Potion"},{"floor":28.0,"key":"FairyPotion"}],"is_trial":false,"path_per_floor":["M","$","M","?","$","R","E","$","T","M","M","R","M","E","R","B",null,"M","?","M","$","M","R","$","E","T","R","M","$","R","T","R","B",null,"M","?","M","M","T","E","R","M","T","R","?","R","$","?","R","B","B",null,"R","$","E","B",null],"character_chosen":"WATCHER","items_purchased":["Adaptation","FearNoEvil"],"campfire_rested":5,"item_purchase_floors":[2,8],"current_hp_per_floor":[34,34,34,34,34,34,27,27,27,27,12,47,45,38,38,19,59,60,60,42,42,22,60,60,18,18,57,41,41,41,41,80,80,80,79,78,73,67,67,68,68,55,55,55,56,56,56,57,88,74,77,85,85,85,57,29],"gold":135,"neow_bonus":"TRANSFORM_TWO_CARDS","is_daily":false,"chose_seed":false,"campfire_upgraded":6,"win_rate":0.0,"timestamp":1609643254,"path_taken":["M","$","M","?","$","R","E","?","T","M","M","R","M","E","R","BOSS","M","?","M","$","M","R","$","E","T","R","M","$","R","?","R","BOSS","M","?","M","M","?","E","R","M","T","R","?","R","$","?","R","BOSS","BOSS","R","$","E","BOSS"],"items_purchased_type":["Card","Card"],"build_version":"2020-12-22","purchased_purges":4,"victory":true,"max_hp_per_floor":[68,68,68,68,68,68,68,68,68,68,68,68,68,70,70,72,72,74,74,76,76,78,78,78,80,80,80,80,80,80,80,80,80,80,82,78,80,80,80,82,82,84,84,84,86,86,86,88,88,88,88,88,88,88,90,90],"card_choices":[{"not_picked":["SashWhip","ForeignInfluence"],"picked":"EmptyFist","floor":1.0},{"not_picked":["ThirdEye","PathToVictory"],"picked":"Crescendo","floor":3.0},{"not_picked":["Alpha","PathToVictory","WheelKick"],"picked":"SKIP","floor":7.0},{"not_picked":["Evaluate","Prostrate","EmptyMind"],"picked":"SKIP","floor":10.0},{"not_picked":["Halt","WaveOfTheHand","Sanctity"],"picked":"SKIP","floor":11.0},{"not_picked":["Halt","WaveOfTheHand"],"picked":"Sanctity","floor":11.0},{"not_picked":["EmptyBody","Collect","EmptyFist"],"picked":"SKIP","floor":13.0},{"not_picked":["Nirvana","ForeignInfluence","Establishment"],"picked":"Singing Bowl","floor":14.0},{"not_picked":["Alpha","ConjureBlade","LessonLearned"],"picked":"Singing Bowl","floor":16.0},{"not_picked":["SashWhip","Prostrate+1","Indignation"],"picked":"Singing Bowl","floor":18.0},{"not_picked":["ThirdEye","Worship","FlyingSleeves+1"],"picked":"Singing Bowl","floor":20.0},{"not_picked":["ClearTheMind","BowlingBash+1","Crescendo"],"picked":"Singing Bowl","floor":22.0},{"not_picked":["ThirdEye","PathToVictory","LikeWater"],"picked":"Singing Bowl","floor":25.0},{"not_picked":["SashWhip","Crescendo"],"picked":"Vault","floor":28.0},{"not_picked":["DevaForm","Devotion"],"picked":"Scrawl","floor":33.0},{"not_picked":["Crescendo","FollowUp+1","FlurryOfBlows+1"],"picked":"Singing Bowl","floor":35.0},{"not_picked":["JustLucky","EmptyBody","ReachHeaven"],"picked":"Singing Bowl","floor":37.0},{"not_picked":["LikeWater","Swivel"],"picked":"MentalFortress","floor":38.0},{"not_picked":["WreathOfFlame","CutThroughFate","Protect"],"picked":"Singing Bowl","floor":40.0},{"not_picked":["Vengeance","Perseverance","EmptyMind"],"picked":"Singing Bowl","floor":42.0},{"not_picked":["Halt+1","Crescendo","Prostrate+1"],"picked":"Singing Bowl","floor":45.0},{"not_picked":["PathToVictory+1","Tantrum+1","ReachHeaven"],"picked":"Singing Bowl","floor":48.0},{"not_picked":["WheelKick+1","SandsOfTime","MasterReality"],"picked":"Singing Bowl","floor":55.0}],"player_experience":418576,"relics_obtained":[{"floor":7.0,"key":"Sundial"},{"floor":9.0,"key":"Regal Pillow"},{"floor":14.0,"key":"Singing Bowl"},{"floor":25.0,"key":"HornCleat"},{"floor":25.0,"key":"Blue Candle"},{"floor":31.0,"key":"InkBottle"},{"floor":39.0,"key":"Darkstone Periapt"},{"floor":40.0,"key":"Meat on the Bone"},{"floor":40.0,"key":"Kunai"},{"floor":43.0,"key":"Toy Ornithopter"},{"floor":45.0,"key":"Lizard Tail"},{"floor":48.0,"key":"Bird Faced Urn"},{"floor":55.0,"key":"Shuriken"},{"floor":55.0,"key":"Bottled Tornado"}],"event_choices":[{"damage_healed":0.0,"max_hp_gain":0.0,"max_hp_loss":0.0,"gold_gain":0.0,"event_name":"WeMeetAgain","player_choice":"Ignored","floor":4.0,"gold_loss":0.0,"damage_taken":0.0},{"damage_healed":0.0,"max_hp_gain":0.0,"max_hp_loss":0.0,"gold_gain":0.0,"cards_transformed":["Defend_P","Defend_P"],"event_name":"Drug Dealer","player_choice":"Became Test Subject","floor":19.0,"gold_loss":0.0,"damage_taken":0.0,"cards_obtained":["DevaForm","Prostrate"]},{"damage_healed":0.0,"max_hp_gain":0.0,"max_hp_loss":4.0,"gold_gain":0.0,"event_name":"Winding Halls","player_choice":"Max HP","floor":36.0,"gold_loss":0.0,"damage_taken":0.0},{"damage_healed":0.0,"max_hp_gain":0.0,"max_hp_loss":0.0,"gold_gain":0.0,"event_name":"MindBloom","player_choice":"Fight","floor":45.0,"gold_loss":0.0,"damage_taken":0.0},{"damage_healed":0.0,"max_hp_gain":0.0,"max_hp_loss":0.0,"gold_gain":0.0,"event_name":"Mysterious Sphere","player_choice":"Fight","floor":48.0,"gold_loss":0.0,"damage_taken":0.0}],"is_beta":false,"boss_relics":[{"not_picked":["Velvet Choker","Busted Crown"],"picked":"Black Star"},{"not_picked":["Cursed Key","Fusion Hammer"],"picked":"SacredBark"}],"items_purged_floors":[21,24,29,47],"is_endless":false,"potions_floor_spawned":[10,11,14,25,28,38,42,48],"ascension_level":20}}