{"host":"vm8b3ptwl81uq21f","time":1609652684,"event":{"mods":["Aspiration","BaseMod","BetterRewards","Colored Map","Colored Powertips","Downfall","GifTheSpireLib","Googly Eyes","GungeonMod","Halation","Hubris","Infinite Spire","Minty Spire (QoL Compilation)","Quick Restart","Rare Cards Sparkle","Replay The Spire","Shop Mod","StSLib","Stuff the Spire","The Bug Knight","The IronCluck","[IsaacMod]????"],"gold_per_floor":[115,115,115,125,125,175,175,207,232,273,273,53,103,113,113,217,217,235,252,152,152,162,162,190,190,236,262,362,381,143,143,143,253,253,271,288,288,288,304,304,331,345,345,345,379,130,130,147,147,157,157,157,7,32,37],"floor_reached":56,"playtime":2868,"items_purged":["DemoMod:Strike_Huntress","DemoMod:Defend_Huntress","DemoMod:Defend_Huntress","DemoMod:Roll","DemoMod:DarkMarker"],"score":1548,"play_id":"62e55264-627b-43fc-a130-381371d5ef05","local_time":"20210103004444","is_ascension_mode":false,"campfire_choices":[{"floor":7,"key":"REST"},{"data":"ReplayTheSpireMod:Black Plague","floor":15,"key":"SMITH"},{"data":"DemoMod:Elimentaler","floor":23,"key":"SMITH"},{"data":"hubris:DuctTapeCard","floor":25,"key":"SMITH"},{"data":"DemoMod:Unmoved","floor":32,"key":"SMITH"},{"data":"DemoMod:Polaris","floor":40,"key":"SMITH"},{"data":"DemoMod:SniperShot","floor":44,"key":"SMITH"},{"floor":49,"key":"RECALL"},{"data":"Madness","floor":52,"key":"SMITH"}],"circlet_count":0,"master_deck":["ReplayTheSpireMod:Black Plague+1","DemoMod:SniperShot","hubris:DuctTapeCard+2","DemoMod:MachoBrace+1","DemoMod:SniperShot+1","DemoMod:Unmoved+1","DemoMod:HungryBullets+1","DemoMod:TableSutra+1","DemoMod:Polaris+1","DemoMod:TableSutra+1","DemoMod:ChanceBullets","DemoMod:HardPowerCard+1","Madness+1","Madness","DemoMod:Unmoved+1"],"relics":["DemoMod:Dog","HushsDoor","Chaos","Replay:PocketPolymizer","StuffTheSpire:CocoNut","Vajra","DemoMod:WaxWing","DemoMod:GlassGuonStoneRelic","Question Card","Kunai","Pen Nib","DemoMod:BlueGuonStone","hubris:DuctTape","halation:SwordOfLegend","aspiration:VileToxins","BloodDonationMachine","MerchantsRug","Runic Pyramid","halation:KoshaPiece","hubris:GlazedTorus","hubris:Metronome","infinitespire:Lucky Rock"],"acts_visited":["Exordium","TheCity","TheBeyond","TheEnding"],"potions_floor_usage":[8,16,24,55,55,55],"damage_taken":[{"damage":0,"enemies":"Cultist","floor":1,"turns":4},{"damage":4,"enemies":"infinitespire:Voidling","floor":4,"turns":3},{"damage":13,"enemies":"Replay:BlueRogue","floor":6,"turns":5},{"damage":0,"enemies":"Lagavulin","floor":8,"turns":6},{"damage":0,"enemies":"2 Louse","floor":10,"turns":2},{"damage":0,"enemies":"Hiden Room Battle","floor":13,"turns":2},{"damage":0,"enemies":"Exordium Wildlife","floor":14,"turns":4},{"damage":0,"enemies":"Slime Boss","floor":16,"turns":5},{"damage":0,"enemies":"Shell Parasite","floor":18,"turns":5},{"damage":0,"enemies":"2 Thieves","floor":19,"turns":4},{"damage":0,"enemies":"Centurion and Healer","floor":22,"turns":6},{"damage":0,"enemies":"Slavers","floor":24,"turns":5},{"damage":0,"enemies":"Replay:Snechameleon","floor":27,"turns":4},{"damage":0,"enemies":"Snecko","floor":29,"turns":3},{"damage":0,"enemies":"Automaton","floor":33,"turns":7},{"damage":0,"enemies":"3 Shapes","floor":35,"turns":3},{"damage":0,"enemies":"Orb Walker","floor":36,"turns":2},{"damage":0,"enemies":"4 Shapes","floor":39,"turns":3},{"damage":0,"enemies":"Maw","floor":41,"turns":5},{"damage":0,"enemies":"Sphere and 2 Shapes","floor":42,"turns":2},{"damage":0,"enemies":"Reptomancer","floor":45,"turns":4},{"damage":0,"enemies":"Writhing Mass","floor":48,"turns":3},{"damage":0,"enemies":"hubris:GrandSnecko","floor":50,"turns":9},{"damage":0,"enemies":"Shield and Spear","floor":54,"turns":3},{"damage":0,"enemies":"The Heart","floor":55,"turns":6}],"seed_played":"-6242865559089842567","potions_obtained":[{"floor":1,"key":"SpeedPotion"},{"floor":10,"key":"Swift Potion"},{"floor":14,"key":"PowerPotion"},{"floor":29,"key":"BlessingOfTheForge"},{"floor":33,"key":"GamblersBrew"},{"floor":36,"key":"Venom Potion"},{"floor":41,"key":"Strength Potion"}],"is_trial":false,"path_per_floor":["M","?","?","M","?","E","R","E","T","M","T","$","?","M","R","B",null,"M","M","$","?","M","R","E","R","T","E","?","M","$","?","R","B",null,"M","M","?","AVR","M","R","M","M","T","R","E","$","?","M","R","B",null,"R","$","E","B",null],"character_chosen":"HUNTRESS","items_purchased":["Replay:PocketPolymizer","Vajra","DemoMod:Purify","Pen Nib","MerchantsRug","hubris:Metronome"],"campfire_rested":1,"item_purchase_floors":[0,0,0,12,30,46],"current_hp_per_floor":[45,45,26,26,26,13,36,36,36,36,36,36,43,43,43,43,84,84,84,84,84,84,84,84,83,83,83,83,83,83,83,84,84,84,84,84,84,84,84,84,84,84,84,84,84,84,73,73,79,79,84,84,84,84,84],"gold":37,"neow_bonus":"","is_daily":false,"chose_seed":false,"campfire_upgraded":7,"win_rate":0.0,"timestamp":1609652684,"path_taken":["M","?","?","M","?","E","R","E","T","M","?","$","?","M","R","BOSS","M","M","$","?","M","R","E","R","T","E","?","M","$","?","R","BOSS","M","?","?","AVR","?","R","M","?","T","R","E","$","?","M","R","BOSS","R","$","E","BOSS"],"items_purchased_type":["Relic","Relic","Card","Relic","Relic","Relic"],"build_version":"2020-12-22","purchased_purges":5,"victory":true,"max_hp_per_floor":[77,77,77,77,77,77,77,77,77,77,77,77,84,84,84,84,84,84,84,84,84,84,84,84,84,84,84,84,84,84,84,84,84,84,84,84,84,84,84,84,84,84,84,84,84,84,84,84,84,84,84,84,84,84,84],"card_choices":[{"not_picked":[],"picked":"ChaosCard","floor":0},{"not_picked":["DemoMod:SAA","DemoMod:StickyCrossBow","DemoMod:HuntsMan"],"picked":"SKIP","floor":1},{"not_picked":["ReplayTheSpireMod:Echoes of Time","infinitespire:SealOfDarkness+"],"picked":"ReplayTheSpireMod:Black Plague","floor":3},{"not_picked":["DemoMod:DirectionalPad","DemoMod:AbyssalTentacle"],"picked":"DemoMod:BlackHoleGun","floor":4},{"not_picked":["DemoMod:MachoBrace","DemoMod:Casey","DemoMod:HuntsMan"],"picked":"SKIP","floor":6},{"not_picked":["DemoMod:MegaHand","DemoMod:DoubleSwitch"],"picked":"Bomb","floor":8},{"not_picked":["DemoMod:JK47","DemoMod:PotionOfGunFriendShip","DemoMod:Unity"],"picked":"Bomb","floor":10},{"not_picked":["DemoMod:TeaPot","DemoMod:FeignSurrender","DemoMod:MegaHand"],"picked":"DemoMod:SniperShot","floor":13},{"not_picked":["Bomb","DemoMod:ConditionalReflex","DemoMod:BattleInHaste"],"picked":"DemoMod:Purify","floor":14},{"not_picked":["DemoMod:BulletBore","DemoMod:FullFirepower","DemoMod:Slinger"],"picked":"DemoMod:DarkMarker","floor":16},{"not_picked":["DemoMod:JK47+1","DemoMod:Replace+1","DemoMod:RadGun"],"picked":"DemoMod:MachoBrace+1","floor":18},{"not_picked":["DemoMod:AC15","DemoMod:CursedBullets","DemoMod:SAA","DemoMod:BoxingGlove+1"],"picked":"SKIP","floor":19},{"not_picked":["DemoMod:FortunesFavor","DemoMod:BoxingGlove","DemoMod:HighKaliber"],"picked":"DemoMod:Elimentaler","floor":22},{"not_picked":["DemoMod:RadGun","DemoMod:ConditionalReflex","DemoMod:FullFirepower"],"picked":"DemoMod:Purify","floor":24},{"not_picked":["DemoMod:SAA","DemoMod:FortunesFavor","DemoMod:PotionOfGunFriendShip"],"picked":"DemoMod:Unmoved","floor":27},{"not_picked":["DemoMod:DoubleSwitch","DemoMod:TableSutra","DemoMod:FightSabre"],"picked":"DemoMod:HungryBullets+1","floor":27},{"not_picked":["DemoMod:CursedBullets","DemoMod:DirectionalPad","DemoMod:HardPowerCard"],"picked":"DemoMod:TableSutra+1","floor":29},{"not_picked":["DemoMod:TeaPot+1","DemoMod:CombinedRifle","DemoMod:BoxingGlove+1","DemoMod:Unmoved"],"picked":"SKIP","floor":35},{"not_picked":["DemoMod:AC15+1","DemoMod:Casey","DemoMod:Ejector","DemoMod:DirectionalPad+1"],"picked":"SKIP","floor":36},{"not_picked":["DemoMod:AC15","DemoMod:BattleInHaste+1","DemoMod:ProbeStrike","DemoMod:Unmoved"],"picked":"SKIP","floor":39},{"not_picked":["DemoMod:TripleGun","DemoMod:TeaPot","DemoMod:AbyssalTentacle+1","DemoMod:Polaris+1"],"picked":"SKIP","floor":41},{"not_picked":["DemoMod:SuppressiveFire","DemoMod:Replace+1","DemoMod:Unmoved","DemoMod:DoubleSwitch"],"picked":"SKIP","floor":42},{"not_picked":["DemoMod:ConditionalReflex+1","DemoMod:FeignSurrender","DemoMod:StickyCrossBow+1"],"picked":"DemoMod:HardPowerCard+1","floor":45},{"not_picked":["DemoMod:FastSwitch","DemoMod:SniperShot+1","DemoMod:TeaPot","DemoMod:Ejector+1"],"picked":"SKIP","floor":48},{"not_picked":["DemoMod:FortunesFavor","DemoMod:SAA+1","DemoMod:AC15+1"],"picked":"DemoMod:Unmoved+1","floor":54}],"player_experience":350109,"relics_obtained":[{"floor":6,"key":"DemoMod:WaxWing"},{"floor":8,"key":"Question Card"},{"floor":9,"key":"Kunai"},{"floor":13,"key":"DemoMod:BlueGuonStone"},{"floor":13,"key":"Strawberry"},{"floor":24,"key":"halation:SwordOfLegend"},{"floor":26,"key":"aspiration:VileToxins"},{"floor":27,"key":"BloodDonationMachine"},{"floor":43,"key":"halation:KoshaPiece"},{"floor":45,"key":"hubris:GlazedTorus"},{"floor":54,"key":"infinitespire:Lucky Rock"}],"event_choices":[{"damage_healed":0,"gold_gain":0,"player_choice":"Ignored","damage_taken":0,"max_hp_gain":0,"max_hp_loss":0,"event_name":"Shining Light","floor":5,"gold_loss":0},{"damage_healed":0,"gold_gain":0,"player_choice":"Fight","damage_taken":0,"max_hp_gain":0,"max_hp_loss":0,"event_name":"HidenRoomEvent","floor":13,"gold_loss":0},{"damage_healed":0,"gold_gain":0,"player_choice":"Ignored","damage_taken":0,"max_hp_gain":0,"max_hp_loss":0,"event_name":"The Mausoleum","floor":21,"gold_loss":0},{"damage_healed":0,"gold_gain":100,"player_choice":"Pray","damage_taken":0,"max_hp_gain":0,"max_hp_loss":0,"event_name":"Golden Shrine","floor":28,"gold_loss":0},{"damage_healed":0,"gold_gain":0,"player_choice":"Copied","damage_taken":0,"max_hp_gain":0,"max_hp_loss":0,"event_name":"Duplicator","floor":37,"gold_loss":0,"cards_obtained":["DemoMod:TableSutra"]},{"damage_healed":0,"gold_gain":0,"player_choice":"Embrace Madness","damage_taken":11,"max_hp_gain":0,"max_hp_loss":0,"event_name":"Winding Halls","floor":47,"gold_loss":0,"cards_obtained":["Madness","Madness"]}],"is_beta":false,"boss_relics":[{"not_picked":["hubris:VirtuousBlindfold","Golden Egg"],"picked":"hubris:DuctTape"},{"not_picked":[]},{"not_picked":["DemoMod:MeltedRock","aspiration:ChemicalBlood"],"picked":"Runic Pyramid"},{"not_picked":[]}],"items_purged_floors":[12,20,30,38,53],"is_endless":false,"potions_floor_spawned":[1,10,14,29,33,36,41],"ascension_level":0}}