{"host":"uflv0e3ja7hvnij7","time":1609633742,"event":{"mods":["BaseMod","Better Altar","Better Match","Better Note","Better Sensory Stone","Better Skull","Better Third Choice","Hubris","Infinite Spire","Minty Spire (QoL Compilation)","Permanent Neow","StSLib"],"gold_per_floor":[115,461,475,400,411,411,411,411,463,479,495,515,542,556,556,655,655,669,689,149,187,220,273,273,304,331,331,383,383,258,283,283,398,398,429,475,475,201,233,284,284,330,330,16,16,26,26,66,66,187,187,214,214,214,214,164,486,486,499,499,499,505,575,400,444,444,431,431],"floor_reached":67,"playtime":3215,"items_purged":["Strike_P","Strike_P","Defend_P","Defend_P","Strike_P","Consecrate"],"score":1335,"play_id":"d9cd18cd-318f-4fee-9d40-22b773c118d0","local_time":"20210102192902","is_ascension_mode":true,"campfire_choices":[{"floor":6,"key":"REST"},{"floor":8,"key":"REST"},{"data":"Eruption","floor":15,"key":"SMITH"},{"data":"Vault","floor":29,"key":"SMITH"},{"data":"BattleHymn","floor":32,"key":"SMITH"},{"data":"1","floor":41,"key":"LIFT"},{"data":"Adaptation","floor":47,"key":"SMITH"},{"data":"2","floor":49,"key":"LIFT"},{"data":"3","floor":58,"key":"LIFT"},{"data":"MasterReality","floor":61,"key":"SMITH"},{"data":"HandOfGreed","floor":66,"key":"SMITH"}],"circlet_count":0,"master_deck":["Eruption+1","Vigilance","FearNoEvil","Vengeance","Wallop","Tantrum","FlurryOfBlows","FlurryOfBlows","Vault+1","Crescendo","HandOfGreed+1","FearNoEvil","FlurryOfBlows","Crescendo+1","SpiritShield","FlurryOfBlows","MentalFortress","infinitespire:Execution","Adaptation+1","Wallop+1","Wallop+1","FlurryOfBlows+1","DevaForm","hubris:DuctTapeCard"],"relics":["HolyWater","PreservedInsect","Pantograph","Sozu","Ornamental Fan","Vajra","infinitespire:Satchel","Shuriken","Kunai","Black Star","Pen Nib","Girya","hubris:BundleOfHerbs","Lizard Tail","Bottled Tornado","Molten Egg 2","Prayer Wheel","hubris:Potato","hubris:Towel","Mercury Hourglass","hubris:TerracottaHorce","hubris:MobiusCoin","Old Coin","Frozen Egg 2","hubris:DuctTape","Nunchaku","hubris:OldNail","Centennial Puzzle"],"acts_visited":["Exordium","TheCity","TheBeyond","Exordium"],"potions_floor_usage":[10,16,31],"damage_taken":[{"damage":0,"enemies":"Jaw Worm","floor":1,"turns":4},{"damage":0,"enemies":"Cultist","floor":3,"turns":2},{"damage":0,"enemies":"2 Louse","floor":5,"turns":2},{"damage":5,"enemies":"Gremlin Gang","floor":10,"turns":2},{"damage":0,"enemies":"2 Fungi Beasts","floor":11,"turns":3},{"damage":0,"enemies":"Large Slime","floor":12,"turns":2},{"damage":16,"enemies":"3 Sentries","floor":13,"turns":3},{"damage":3,"enemies":"Gremlin Gang","floor":14,"turns":3},{"damage":0,"enemies":"Slime Boss","floor":16,"turns":4},{"damage":0,"enemies":"3 Byrds","floor":18,"turns":3},{"damage":0,"enemies":"Spheric Guardian","floor":19,"turns":3},{"damage":0,"enemies":"Cultist and Chosen","floor":21,"turns":4},{"damage":0,"enemies":"Chosen and Byrds","floor":22,"turns":3},{"damage":0,"enemies":"Book of Stabbing","floor":23,"turns":3},{"damage":0,"enemies":"Snecko","floor":25,"turns":3},{"damage":14,"enemies":"Gremlin Leader","floor":28,"turns":4},{"damage":14,"enemies":"Slavers","floor":31,"turns":2},{"damage":33,"enemies":"hubris:MusketHawk","floor":33,"turns":5},{"damage":0,"enemies":"Orb Walker","floor":35,"turns":3},{"damage":15,"enemies":"3 Shapes","floor":39,"turns":3},{"damage":0,"enemies":"Nightmare","floor":40,"turns":4},{"damage":69,"enemies":"Nemesis","floor":42,"turns":3},{"damage":0,"enemies":"Spire Growth","floor":46,"turns":3},{"damage":17,"enemies":"Transient","floor":48,"turns":5},{"damage":24,"enemies":"Donu and Deca","floor":50,"turns":5},{"damage":0,"enemies":"Small Slimes","floor":52,"turns":2},{"damage":0,"enemies":"Nightmare","floor":57,"turns":1},{"damage":0,"enemies":"Jaw Worm","floor":59,"turns":1},{"damage":0,"enemies":"Cultist","floor":62,"turns":2},{"damage":0,"enemies":"Gremlin Nob","floor":63,"turns":2},{"damage":20,"enemies":"3 Sentries","floor":65,"turns":2},{"damage":77,"enemies":"Hexaghost","floor":67,"turns":2}],"seed_played":"7190664424637319590","potions_obtained":[{"floor":5,"key":"SteroidPotion"},{"floor":13,"key":"PowerPotion"},{"floor":14,"key":"Ancient Potion"}],"is_trial":false,"path_per_floor":["M","?","M","$","M","R","?","R","T","M","M","M","E","M","R","B",null,"M","M","$","M","M","E","?","M","T","?","E","R","$","E","R","B",null,"M","T","T","$","M","NM","R","E","T","$","?","M","R","M","R","B",null,"M","$","?","AVR","?","NM","R","M","T","R","M","E","$","E","R","B"],"character_chosen":"WATCHER","items_purchased":["Ornamental Fan","HandOfGreed","FlurryOfBlows","MentalFortress","hubris:Potato"],"campfire_rested":2,"item_purchase_floors":[20,20,38,38,44],"current_hp_per_floor":[51,23,23,23,23,44,44,65,65,60,60,60,44,41,41,66,72,72,72,72,72,72,72,72,72,72,72,58,58,58,44,44,36,72,72,72,72,72,57,57,57,54,54,54,54,54,54,37,37,44,72,72,72,72,72,72,72,72,72,72,72,72,72,72,52,52,0,0],"gold":431,"neow_bonus":"REMOVE_TWO","is_daily":false,"chose_seed":false,"campfire_upgraded":6,"win_rate":0.0,"timestamp":1609633742,"path_taken":["M","?","M","$","?","R","?","R","T","M","M","M","E","M","R","BOSS","M","M","$","M","?","E","?","?","T","?","E","R","?","E","R","BOSS","M","?","?","?","?","NM","R","E","T","?","?","M","R","M","R","BOSS","M","$","?","AVR","?","NM","R","M","T","R","M","E","?","E","R","BOSS"],"items_purchased_type":["Relic","Card","Card","Card","Relic"],"build_version":"2020-12-22","purchased_purges":6,"victory":false,"max_hp_per_floor":[72,72,72,72,72,72,72,72,72,72,72,72,72,72,72,72,72,72,72,72,72,72,72,72,72,72,72,72,72,72,72,72,72,72,72,72,72,72,72,72,72,72,72,72,72,72,72,72,72,72,72,72,72,72,72,72,72,72,72,72,72,72,72,72,72,72,72,72],"card_choices":[{"not_picked":["ForeignInfluence","SashWhip"],"picked":"FearNoEvil","floor":1},{"not_picked":["Conclude","ThirdEye"],"picked":"Vengeance","floor":3},{"not_picked":["FollowUp","Crescendo"],"picked":"Wallop","floor":5},{"not_picked":["BowlingBash","WreathOfFlame"],"picked":"Tantrum","floor":10},{"not_picked":["CrushJoints","DevaForm"],"picked":"FlurryOfBlows","floor":11},{"not_picked":["WaveOfTheHand","FollowUp"],"picked":"DeceiveReality","floor":12},{"not_picked":["Evaluate","PathToVictory","Protect"],"picked":"SKIP","floor":13},{"not_picked":["Scrawl","Nirvana"],"picked":"FlurryOfBlows","floor":14},{"not_picked":["Judgement","DeusExMachina"],"picked":"Vault","floor":16},{"not_picked":["Study","BowlingBash+1","EmptyMind"],"picked":"SKIP","floor":18},{"not_picked":["EmptyFist","FlyingSleeves+1"],"picked":"Crescendo","floor":19},{"not_picked":["Weave","BowlingBash"],"picked":"FearNoEvil","floor":21},{"not_picked":["Protect","WheelKick","DeceiveReality"],"picked":"SKIP","floor":22},{"not_picked":["Conclude","CutThroughFate"],"picked":"Consecrate","floor":23},{"not_picked":["WaveOfTheHand","FollowUp"],"picked":"BattleHymn","floor":25},{"not_picked":["CutThroughFate","FlyingSleeves"],"picked":"Crescendo+1","floor":28},{"not_picked":["Consecrate+1","Tantrum+1"],"picked":"SpiritShield","floor":31},{"not_picked":["Brilliance","Blasphemy"],"picked":"MasterReality","floor":33},{"not_picked":["CutThroughFate+1","DeceiveReality","Halt+1"],"picked":"SKIP","floor":35},{"not_picked":["FearNoEvil","JustLucky+1","WreathOfFlame"],"picked":"SKIP","floor":39},{"not_picked":["infinitespire:FutureSight","infinitespire:Oblivion"],"picked":"infinitespire:Execution","floor":40},{"not_picked":["Prostrate","Swivel"],"picked":"Adaptation","floor":40},{"not_picked":["BattleHymn+1","PathToVictory"],"picked":"Wallop+1","floor":42},{"not_picked":["EmptyBody","JustLucky+1"],"picked":"Wallop+1","floor":46},{"not_picked":["Crescendo","Wish","FollowUp+1"],"picked":"SKIP","floor":46},{"not_picked":["Worship","Evaluate+1"],"picked":"FlurryOfBlows+1","floor":48},{"not_picked":["Evaluate+1","JustLucky+1","SignatureMove+1"],"picked":"SKIP","floor":48},{"not_picked":["Worship","SignatureMove+1"],"picked":"DevaForm","floor":52},{"not_picked":["Crescendo","FlyingSleeves+1","Nirvana"],"picked":"SKIP","floor":52},{"not_picked":["Conclude+1","Protect","Prostrate"],"picked":"SKIP","floor":57},{"not_picked":["CrushJoints+1","Vengeance","Indignation"],"picked":"SKIP","floor":59},{"not_picked":["Evaluate","WaveOfTheHand","EmptyBody"],"picked":"SKIP","floor":59},{"not_picked":["PathToVictory","Tantrum+1","ForeignInfluence"],"picked":"SKIP","floor":62},{"not_picked":["Evaluate","FlyingSleeves+1","SashWhip+1"],"picked":"SKIP","floor":62},{"not_picked":["MentalFortress+1","ConjureBlade","WaveOfTheHand"],"picked":"SKIP","floor":63},{"not_picked":["Indignation","FollowUp+1","Establishment+1"],"picked":"SKIP","floor":65}],"player_experience":461116,"relics_obtained":[{"floor":9,"key":"PreservedInsect"},{"floor":13,"key":"Pantograph"},{"floor":23,"key":"Vajra"},{"floor":26,"key":"infinitespire:Satchel"},{"floor":28,"key":"Shuriken"},{"floor":31,"key":"Kunai"},{"floor":36,"key":"Pen Nib"},{"floor":37,"key":"Girya"},{"floor":40,"key":"hubris:BundleOfHerbs"},{"floor":40,"key":"Lizard Tail"},{"floor":42,"key":"Bottled Tornado"},{"floor":42,"key":"Molten Egg 2"},{"floor":43,"key":"Prayer Wheel"},{"floor":57,"key":"hubris:MobiusCoin"},{"floor":57,"key":"Old Coin"},{"floor":60,"key":"Frozen Egg 2"},{"floor":63,"key":"hubris:DuctTape"},{"floor":63,"key":"Nunchaku"},{"floor":65,"key":"hubris:OldNail"},{"floor":65,"key":"Centennial Puzzle"}],"event_choices":[{"damage_healed":0,"gold_gain":346,"player_choice":"GO GO GO ","damage_taken":31,"relics_obtained":[],"max_hp_gain":0,"max_hp_loss":0,"event_name":"betterSkull:BetterSkull","floor":2,"gold_loss":0,"cards_upgraded":[]},{"cards_removed":["Defend_P"],"damage_healed":0,"gold_gain":0,"player_choice":"Purged","damage_taken":0,"max_hp_gain":0,"max_hp_loss":0,"event_name":"Purifier","floor":7,"gold_loss":0},{"damage_healed":0,"gold_gain":0,"player_choice":"Read","damage_taken":0,"max_hp_gain":0,"max_hp_loss":0,"event_name":"The Library","floor":24,"gold_loss":0,"cards_obtained":["FlurryOfBlows"]},{"damage_healed":0,"gold_gain":0,"player_choice":"Ignored","damage_taken":214,"max_hp_gain":0,"max_hp_loss":0,"event_name":"betterThird:BetterSerpent","floor":54,"gold_loss":0},{"cards_removed":["DeceiveReality"],"damage_healed":0,"gold_gain":0,"player_choice":"Card Removal","damage_taken":0,"max_hp_gain":0,"max_hp_loss":0,"event_name":"The Cleric","floor":56,"gold_loss":50}],"is_beta":false,"boss_relics":[{"not_picked":["Calling Bell","SacredBark"],"picked":"Sozu"},{"not_picked":["hubris:Backtick","Busted Crown"],"picked":"Black Star"},{"not_picked":["Cursed Key","hubris:HollowSoul"],"picked":"HolyWater"}],"items_purged_floors":[4,20,30,38,55,64],"is_endless":true,"potions_floor_spawned":[5,13,14,18,19,23,25,31,46,62,63],"killed_by":"Hexaghost","ascension_level":4}}