{"host":"p7j7o00jacnw7qzt","time":1609711794,"event":{"mods":["BaseMod","Colored Map","Colored Powertips","DeckTracker","Highlight Path","Minty Spire (QoL Compilation)","Relic Stats"],"gold_per_floor":[365,290,302,139,153,153,168,187,187,187,215,215,230,261,261,336,336,348,348,367,367,292,292,318,318,318,318,54,66,96,122,134,146,146],"floor_reached":33,"playtime":1302,"items_purged":["Strike_R","Strike_R"],"score":640,"play_id":"7cd6b164-830c-4562-a800-f39d1764bf06","local_time":"20210103170954","is_ascension_mode":true,"campfire_choices":[{"data":"Feed","floor":6.0,"key":"SMITH"},{"data":"Fiend Fire","floor":10.0,"key":"SMITH"},{"data":"Pommel Strike","floor":12.0,"key":"SMITH"},{"data":"Rampage","floor":15.0,"key":"SMITH"},{"floor":23,"key":"RECALL"},{"floor":25,"key":"REST"},{"floor":32,"key":"REST"}],"circlet_count":0,"master_deck":["AscendersBane","Strike_R","Strike_R","Defend_R","Defend_R","Defend_R","Defend_R","Bash","Rampage+1","Fiend Fire+1","Feed+1","Power Through","Shrug It Off","Pommel Strike+1","Evolve","Reaper","Inflame"],"relics":["Burning Blood","Orrery","Gremlin Horn","Blue Candle","Regal Pillow","Mark of Pain","Bird Faced Urn","Lee\u0027s Waffle","MawBank"],"acts_visited":["Exordium","TheCity"],"potions_floor_usage":[30],"damage_taken":[{"damage":5.0,"enemies":"Small Slimes","floor":1.0,"turns":4.0},{"damage":10.0,"enemies":"2 Louse","floor":3.0,"turns":3.0},{"damage":2.0,"enemies":"Jaw Worm","floor":5.0,"turns":4.0},{"damage":4.0,"enemies":"Exordium Thugs","floor":7.0,"turns":10.0},{"damage":8.0,"enemies":"Lots of Slimes","floor":8.0,"turns":4.0},{"damage":20.0,"enemies":"3 Sentries","floor":11.0,"turns":10.0},{"damage":0.0,"enemies":"Large Slime","floor":13.0,"turns":2.0},{"damage":3.0,"enemies":"Gremlin Nob","floor":14.0,"turns":3.0},{"damage":71.0,"enemies":"Hexaghost","floor":16.0,"turns":9.0},{"damage":24.0,"enemies":"Shell Parasite","floor":18.0,"turns":6.0},{"damage":17.0,"enemies":"Spheric Guardian","floor":20.0,"turns":5.0},{"damage":18,"enemies":"Gremlin Leader","floor":24,"turns":6},{"damage":36,"enemies":"Snake Plant","floor":29,"turns":5},{"damage":57,"enemies":"Slavers","floor":30,"turns":9},{"damage":40,"enemies":"Snecko","floor":31,"turns":6},{"damage":0,"enemies":"Collector","floor":33,"turns":1}],"seed_played":"-4647562773269994789","potions_obtained":[{"floor":5.0,"key":"EssenceOfSteel"},{"floor":7.0,"key":"HeartOfIron"},{"floor":8.0,"key":"BloodPotion"},{"floor":14.0,"key":"FearPotion"},{"floor":16.0,"key":"Fire Potion"},{"floor":20.0,"key":"Strength Potion"},{"floor":29,"key":"DuplicationPotion"},{"floor":31,"key":"DistilledChaos"}],"is_trial":false,"path_per_floor":["M","?","M","$","M","R","M","M","T","R","E","R","M","E","R","B",null,"M","?","M","?","$","R","E","R","T","?","$","M","E","M","R","B"],"character_chosen":"IRONCLAD","items_purchased":["Orrery","Lee\u0027s Waffle"],"campfire_rested":2,"item_purchase_floors":[4,28],"current_hp_per_floor":[51,51,47,47,54,54,60,62,62,62,48,48,54,57,57,9,67,53,26,19,19,19,19,7,51,51,51,106,82,37,9,58,60,60],"gold":146,"neow_bonus":"TWO_FIFTY_GOLD","is_daily":false,"chose_seed":false,"campfire_upgraded":4,"win_rate":0.0,"timestamp":1609711794,"path_taken":["M","?","M","$","M","R","M","M","T","R","E","R","M","E","R","BOSS","M","?","M","?","$","R","E","R","T","?","$","M","E","M","R","BOSS"],"items_purchased_type":["Relic","Relic"],"build_version":"2020-12-22","purchased_purges":2,"victory":false,"max_hp_per_floor":[75,75,75,75,78,78,82,86,86,86,86,86,86,86,86,86,86,90,95,99,99,99,99,99,99,99,99,106,110,114,114,114,114,114],"relic_stats":{"Regal Pillow":30,"Lee\u0027s Waffle":55,"Gremlin Horn":[10,10],"counters":[16,87],"Blue Candle":[0],"Bird Faced Urn":[6],"MawBank":36,"obtain_stats":[{"Regal Pillow":14,"Lee\u0027s Waffle":28,"Gremlin Horn":9,"Blue Candle":11,"Bird Faced Urn":24,"Orrery":4,"Mark of Pain":17,"MawBank":30,"Burning Blood":0},{"Regal Pillow":8,"Lee\u0027s Waffle":12,"Gremlin Horn":5,"Blue Candle":6,"Bird Faced Urn":12,"Orrery":2,"Mark of Pain":9,"MawBank":14,"Burning Blood":0},{"Regal Pillow":40,"Lee\u0027s Waffle":66,"Gremlin Horn":25,"Blue Candle":35,"Bird Faced Urn":66,"Orrery":7,"Mark of Pain":49,"MawBank":80,"Burning Blood":0}],"Burning Blood":90},"card_choices":[{"not_picked":["Flex","Thunderclap","Iron Wave"],"picked":"SKIP","floor":1.0},{"not_picked":["Sword Boomerang","Perfected Strike"],"picked":"Rampage","floor":3.0},{"not_picked":["Body Slam","Clash"],"picked":"Fiend Fire","floor":4.0},{"not_picked":["Whirlwind","Anger"],"picked":"Feed","floor":4.0},{"not_picked":["Perfected Strike","Iron Wave"],"picked":"Power Through","floor":4.0},{"not_picked":["Iron Wave","Inflame"],"picked":"Shrug It Off","floor":4.0},{"not_picked":["Perfected Strike","Warcry"],"picked":"Pommel Strike","floor":4.0},{"not_picked":["Infernal Blade","Sever Soul","Blood for Blood"],"picked":"SKIP","floor":5.0},{"not_picked":["Shrug It Off","Rampage","Flex"],"picked":"SKIP","floor":7.0},{"not_picked":["Anger","Entrench","Metallicize"],"picked":"SKIP","floor":8.0},{"not_picked":["Havoc","Entrench","Inflame"],"picked":"SKIP","floor":11.0},{"not_picked":["Twin Strike","Clash","Pummel"],"picked":"SKIP","floor":13.0},{"not_picked":["Clash","Spot Weakness","Searing Blow"],"picked":"SKIP","floor":14.0},{"not_picked":["Reckless Charge","Body Slam","True Grit"],"picked":"SKIP","floor":18.0},{"not_picked":["Heavy Blade","Searing Blow","Ghostly Armor"],"picked":"SKIP","floor":20.0},{"not_picked":["Brutality","Havoc","Perfected Strike"],"picked":"SKIP","floor":24},{"not_picked":["Anger","Warcry","Twin Strike"],"picked":"SKIP","floor":29},{"not_picked":["Heavy Blade+1","Fiend Fire"],"picked":"Reaper","floor":30},{"not_picked":["Warcry","Headbutt"],"picked":"Inflame","floor":31}],"player_experience":971518,"relics_obtained":[{"floor":9.0,"key":"Gremlin Horn"},{"floor":11.0,"key":"Blue Candle"},{"floor":14.0,"key":"Regal Pillow"},{"floor":24,"key":"Bird Faced Urn"},{"floor":30,"key":"MawBank"}],"event_choices":[{"cards_removed":["Strike_R"],"damage_healed":0.0,"max_hp_gain":0.0,"max_hp_loss":0.0,"gold_gain":0.0,"event_name":"The Cleric","player_choice":"Card Removal","floor":2.0,"gold_loss":75.0,"damage_taken":0.0},{"damage_healed":0.0,"max_hp_gain":5.0,"max_hp_loss":0.0,"gold_gain":0.0,"event_name":"Forgotten Altar","player_choice":"Shed Blood","floor":19.0,"gold_loss":0.0,"damage_taken":32.0},{"damage_healed":0,"gold_gain":0,"player_choice":"Ignored","damage_taken":0,"max_hp_gain":0,"max_hp_loss":0,"event_name":"The Mausoleum","floor":21,"gold_loss":0},{"damage_healed":0,"gold_gain":0,"player_choice":"Read","damage_taken":0,"max_hp_gain":0,"max_hp_loss":0,"event_name":"The Library","floor":27,"gold_loss":0,"cards_obtained":["Evolve"]}],"is_beta":false,"boss_relics":[{"not_picked":["Calling Bell","Tiny House"],"picked":"Mark of Pain"}],"items_purged_floors":[22,28],"is_endless":false,"potions_floor_spawned":[5,7,8,14,16,20,24,29,31],"killed_by":"Collector","ascension_level":20}}