{"host":"Noah","time":1609709747,"event":{"mods":["BaseMod","Colored Map","Custom Start","Hermit","Jorbs\u0027s Wanderer Trilogy","Minty Spire (QoL Compilation)","Replay The Spire","StSLib","The Blue Laboratory"],"gold_per_floor":[117,131,81,81,1,30,46,77,101,101,115,134,150,176,176,272,272,284,296,571,584,584,584,584,584,617,634,634,131,161,161,189,129,129,225,225,245,262,262,212,223,258,22,35,59,59,69,103,119,119,119,119],"floor_reached":53,"playtime":3772,"items_purged":["hermit:Strike_Hermit","hermit:Strike_Hermit","hermit:Defend_Hermit"],"score":1099,"play_id":"ef9f4732-40e0-4ef2-bbe6-b0b2e1760b0a","local_time":"20210103163547","is_ascension_mode":true,"campfire_choices":[{"data":"hermit:Grudge","floor":10.0,"key":"SMITH"},{"data":"hermit:Grudge","floor":15.0,"key":"SMITH"},{"data":"hermit:Dissolve","floor":25.0,"key":"SMITH"},{"data":"hermit:FatalDesire","floor":34,"key":"SMITH"},{"data":"hermit:FinalCanter","floor":51,"key":"SMITH"}],"circlet_count":0,"master_deck":["hermit:Strike_Hermit","hermit:Defend_Hermit","hermit:Defend_Hermit","hermit:Snapshot","hermit:Covet","hermit:Misfire","hermit:Grudge+1","hermit:Grudge+1","hermit:WideOpen","hermit:Vantage","hermit:Dissolve+1","hermit:SprayPray","hermit:GhostlyPresence","hermit:Vantage","hermit:Deadeye","hermit:FatalDesire+1","hermit:GoldenBullet","hermit:Snipe+1","hermit:Glare+1","hermit:Deadeye","Discovery+1","hermit:ShadowCloak","hermit:RoundhouseKick","hermit:FinalCanter+1","hermit:Brawl","hermit:SprayPray+1","hermit:Manifest+1","Pot Of Greed+1","Pot Of Greed+1","Pot Of Greed+1","hermit:ShadowCloak+1"],"relics":["hermit:Momento","Strawberry","ReplayFunnel","Quantum Egg","MealTicket","hermit:Spyglass","Coffee Dripper","Letter Opener","Pantograph","Membership Card","Toxic Egg 2","Lantern","StoneCalendar","hermit:RyeStalk","Shovel","Cursed Key","Ice Cream","Molten Egg 2","Replay:Baseball","Grinning Jar"],"acts_visited":["Exordium","TheCity","TheBeyond"],"potions_floor_usage":[27,32,32,38,44,52,52],"damage_taken":[{"damage":6.0,"enemies":"Jaw Worm","floor":1.0,"turns":3.0},{"damage":0.0,"enemies":"Small Slimes","floor":2.0,"turns":3.0},{"damage":3.0,"enemies":"Gremlin Nob","floor":6.0,"turns":3.0},{"damage":0.0,"enemies":"Cultist","floor":7.0,"turns":2.0},{"damage":20.0,"enemies":"3 Sentries","floor":8.0,"turns":4.0},{"damage":0.0,"enemies":"Looter","floor":11.0,"turns":1.0},{"damage":0.0,"enemies":"Lots of Slimes","floor":12.0,"turns":1.0},{"damage":0.0,"enemies":"Exordium Wildlife","floor":13.0,"turns":3.0},{"damage":1.0,"enemies":"Gremlin Nob","floor":14.0,"turns":4.0},{"damage":17.0,"enemies":"Fading Forest","floor":16.0,"turns":11.0},{"damage":0.0,"enemies":"Chosen","floor":18.0,"turns":4.0},{"damage":13.0,"enemies":"Spheric Guardian","floor":19.0,"turns":4.0},{"damage":8.0,"enemies":"3 Cultists","floor":21.0,"turns":5.0},{"damage":24.0,"enemies":"Slavers","floor":26.0,"turns":6.0},{"damage":12,"enemies":"Centurion and Healer","floor":27,"turns":6},{"damage":3,"enemies":"Gremlin Leader","floor":30,"turns":6},{"damage":8,"enemies":"Book of Stabbing","floor":32,"turns":5},{"damage":2,"enemies":"Pondfish","floor":35,"turns":10},{"damage":0,"enemies":"3 Shapes","floor":37,"turns":4},{"damage":0,"enemies":"Orb Walker","floor":38,"turns":2},{"damage":12,"enemies":"4 Shapes","floor":41,"turns":3},{"damage":3,"enemies":"R_Hoarder","floor":42,"turns":6},{"damage":23,"enemies":"Writhing Mass","floor":44,"turns":5},{"damage":4,"enemies":"3 Darklings","floor":47,"turns":4},{"damage":7,"enemies":"Reptomancer","floor":48,"turns":4},{"damage":0,"enemies":"Spire Growth","floor":49,"turns":3},{"damage":1,"enemies":"Awakened One","floor":52,"turns":9}],"seed_played":"8277723866875217374","potions_obtained":[{"floor":2.0,"key":"Block Potion"},{"floor":6.0,"key":"blueLaboratory:LouseDecoction"},{"floor":8.0,"key":"hermit:Tonic"},{"floor":11.0,"key":"blueLaboratory:PhilterOfMotion"},{"floor":14.0,"key":"Weak Potion"},{"floor":18.0,"key":"Swift Potion"},{"floor":21.0,"key":"blueLaboratory:PhilterOfMotion"},{"floor":26.0,"key":"blueLaboratory:PhilterOfMotion"},{"floor":37,"key":"Swift Potion"},{"floor":38,"key":"Reflective Coating"},{"floor":44,"key":"Fruit Juice"},{"floor":48,"key":"Reflective Coating"}],"is_trial":false,"path_per_floor":["M","M","?","?","$","E","M","E","T","R","M","M","M","E","R","B",null,"M","M","?","M","PTL","PTL","?","R","E","M","T","$","E","T","E","?","R","B",null,"M","M","?","$","M","E","$","M","T","?","M","E","M","?","R","B",null],"character_chosen":"HERMIT","items_purchased":["hermit:Grudge","Membership Card","Toxic Egg 2","Discovery+1","GamblersBrew","blueLaboratory:HummingbirdPotion","Lantern","hermit:Brawl","Molten Egg 2","hermit:SprayPray+1"],"campfire_rested":0,"item_purchase_floors":[5,29,29,29,29,29,29,43,43,43],"current_hp_per_floor":[69,69,69,76,76,73,73,53,53,53,53,53,53,52,52,45,82,82,69,69,61,61,61,61,61,37,25,25,40,37,37,29,29,29,52,82,82,82,82,82,70,67,82,64,64,64,60,53,53,53,53,77],"gold":119,"neow_bonus":"REMOVE_CARD","is_daily":false,"chose_seed":false,"campfire_upgraded":5,"win_rate":0.0,"timestamp":1609709747,"path_taken":["M","M","?","?","$","E","M","E","T","R","M","M","?","E","R","BOSS","M","M","?","?","PTL","PTL","?","R","E","M","T","?","E","?","E","?","R","BOSS","M","M","?","$","M","E","$","M","T","?","M","E","?","?","R","BOSS"],"items_purchased_type":["Card","Relic","Relic","Card","Potion","Potion","Relic","Card","Relic","Card"],"build_version":"2020-12-18","purchased_purges":3,"victory":true,"max_hp_per_floor":[75,75,75,82,82,82,82,82,82,82,82,82,82,82,82,82,82,82,82,82,82,82,82,82,82,82,82,82,82,82,82,82,82,82,82,82,82,82,82,82,82,82,82,87,87,87,87,87,87,83,83,83],"card_choices":[{"not_picked":["hermit:HoleUp","hermit:HighCaliber"],"picked":"hermit:Misfire","floor":1.0},{"not_picked":["hermit:HoleUp","hermit:HighCaliber"],"picked":"hermit:Grudge","floor":2.0},{"not_picked":["hermit:Feint","hermit:EyeOfTheStorm"],"picked":"hermit:WideOpen","floor":6.0},{"not_picked":["hermit:Shortfuse","hermit:BodyArmor"],"picked":"hermit:Vantage","floor":7.0},{"not_picked":["hermit:PistolWhip","hermit:TrackingShot"],"picked":"hermit:Dissolve","floor":8.0},{"not_picked":["hermit:PistolWhip","hermit:Headshot"],"picked":"hermit:SprayPray","floor":11.0},{"not_picked":["hermit:TakeAim","hermit:EyeOfTheStorm"],"picked":"hermit:GhostlyPresence","floor":12.0},{"not_picked":["hermit:HighCaliber","hermit:Misfire"],"picked":"hermit:Vantage","floor":13.0},{"not_picked":["hermit:Vantage","hermit:HighCaliber"],"picked":"hermit:Deadeye","floor":14.0},{"not_picked":["hermit:BlackWind","hermit:RoundhouseKick"],"picked":"hermit:FatalDesire","floor":16.0},{"not_picked":["hermit:Headshot","hermit:Ricochet"],"picked":"hermit:GoldenBullet","floor":18.0},{"not_picked":["hermit:Manifest","hermit:Dive"],"picked":"hermit:Snipe+1","floor":19.0},{"not_picked":["hermit:HeroicBravado","hermit:HoleUp"],"picked":"hermit:Glare+1","floor":21.0},{"not_picked":["hermit:Roulette","hermit:Gestalt"],"picked":"hermit:Deadeye","floor":26.0},{"not_picked":["hermit:WideOpen","hermit:CalledShot","hermit:GhostlyPresence"],"picked":"SKIP","floor":27},{"not_picked":["hermit:Enervate","hermit:Dive+1"],"picked":"hermit:ShadowCloak","floor":30},{"not_picked":["hermit:Roulette+1","hermit:Combo+1"],"picked":"hermit:RoundhouseKick","floor":32},{"not_picked":["hermit:Dissolve+1","hermit:OverwhelmingPower"],"picked":"hermit:FinalCanter","floor":35},{"not_picked":["hermit:Quickdraw+1","hermit:Glare+1","hermit:CursedWeapon+1"],"picked":"SKIP","floor":37},{"not_picked":["hermit:Scavenge+1","hermit:Headshot","hermit:Snipe+1"],"picked":"SKIP","floor":38},{"not_picked":["hermit:BodyArmor+1","hermit:EyeOfTheStorm+1","hermit:TakeCover+1"],"picked":"SKIP","floor":41},{"not_picked":["hermit:Feint+1","hermit:Ricochet+1","hermit:Virtue+1"],"picked":"SKIP","floor":42},{"not_picked":["hermit:LowProfile+1","hermit:CursedWeapon+1","hermit:Headshot+1"],"picked":"SKIP","floor":44},{"not_picked":["hermit:Gambit+1","hermit:ItchyTrigger+1"],"picked":"hermit:Manifest+1","floor":47},{"not_picked":["hermit:PistolWhip+1","hermit:FromBeyond+1","hermit:Dive+1"],"picked":"SKIP","floor":48},{"not_picked":["hermit:Coalescence+1","hermit:Virtue+1"],"picked":"hermit:ShadowCloak+1","floor":49}],"player_experience":840587,"relics_obtained":[{"floor":6.0,"key":"ReplayFunnel"},{"floor":8.0,"key":"Quantum Egg"},{"floor":9.0,"key":"MealTicket"},{"floor":14.0,"key":"hermit:Spyglass"},{"floor":26.0,"key":"Letter Opener"},{"floor":28,"key":"Pantograph"},{"floor":30,"key":"StoneCalendar"},{"floor":31,"key":"hermit:RyeStalk"},{"floor":32,"key":"Shovel"},{"floor":42,"key":"Ice Cream"},{"floor":45,"key":"Replay:Baseball"},{"floor":48,"key":"Grinning Jar"}],"event_choices":[{"cards_removed":["hermit:Defend_Hermit"],"damage_healed":0.0,"max_hp_gain":0.0,"max_hp_loss":0.0,"gold_gain":0.0,"event_name":"The Cleric","player_choice":"Card Removal","floor":3.0,"gold_loss":50.0,"damage_taken":0.0},{"damage_healed":0.0,"max_hp_gain":0.0,"max_hp_loss":0.0,"gold_gain":0.0,"event_name":"WeMeetAgain","player_choice":"Gave Potion","floor":4.0,"gold_loss":0.0,"damage_taken":0.0,"relics_obtained":["Strawberry"]},{"damage_healed":0.0,"max_hp_gain":0.0,"max_hp_loss":0.0,"gold_gain":275.0,"event_name":"Golden Shrine","player_choice":"Desecrate","floor":20.0,"gold_loss":0.0,"damage_taken":0.0,"cards_obtained":["Regret"]},{"damage_healed":0.0,"max_hp_gain":0.0,"max_hp_loss":0.0,"gold_gain":0.0,"event_name":"Forgotten Altar","player_choice":"Smashed Altar","floor":24.0,"gold_loss":0.0,"damage_taken":0.0,"cards_obtained":["Decay"]},{"damage_healed":0,"gold_gain":0,"player_choice":"Ignored","damage_taken":0,"max_hp_gain":0,"max_hp_loss":0,"event_name":"Tomb of Lord Red Mask","floor":39,"gold_loss":0},{"cards_removed":["CommonCold","Decay","Regret"],"damage_healed":0,"gold_gain":0,"player_choice":"Removed Curses","damage_taken":0,"max_hp_gain":0,"max_hp_loss":0,"event_name":"Fountain of Cleansing","floor":46,"gold_loss":0},{"damage_healed":0,"gold_gain":0,"player_choice":"Max HP","damage_taken":0,"max_hp_gain":0,"max_hp_loss":4,"event_name":"Winding Halls","floor":50,"gold_loss":0}],"is_beta":true,"boss_relics":[{"not_picked":["Snecko Eye","Empty Cage"],"picked":"Coffee Dripper"},{"not_picked":["Pandora\u0027s Box","Sozu"],"picked":"Cursed Key"}],"items_purged_floors":[29,40,43],"is_endless":false,"potions_floor_spawned":[2,6,8,11,14,18,21,26,37,38,44,48],"ascension_level":1}}