{"host":"9l1knhxfturzliqa","time":1609648762,"event":{"mods":["BaseMod","Colored Map","Colored Powertips","DeckTracker","Highlight Path","Keyboard Shortcuts","Minty Spire (QoL Compilation)","Random Character Button"],"gold_per_floor":[112,132,151,0,175,175,205,205,255,38,57,57,75,27,27,129,129,118,217,233,33,52,52,52],"floor_reached":23,"playtime":1829,"items_purged":["Injury","Doubt"],"score":229,"play_id":"a0610f0e-5d11-4020-b6f7-7c6b0f13eb93","local_time":"20210103133922","is_ascension_mode":true,"campfire_choices":[{"data":"Steam","floor":6.0,"key":"SMITH"},{"data":"Genetic Algorithm","floor":8.0,"key":"SMITH"},{"floor":15.0,"key":"REST"}],"circlet_count":0,"master_deck":["Strike_B","Defend_B","Zap","Dualcast","Capacitor","Force Field","Gash","Gash","Steam+1","Gash","Genetic Algorithm+1","Echo Form","Hologram","Double Energy","Seek","Fission+1","Creative AI+1","Darkness+1","Stack","Rebound+1","Rebound"],"relics":["Cracked Core","DollysMirror","Potion Belt","Tiny Chest","Astrolabe"],"acts_visited":["Exordium","TheCity"],"potions_floor_usage":[22,22,23],"damage_taken":[{"damage":1.0,"enemies":"Cultist","floor":1.0,"turns":3.0},{"damage":4.0,"enemies":"Jaw Worm","floor":2.0,"turns":4.0},{"damage":7.0,"enemies":"Small Slimes","floor":3.0,"turns":2.0},{"damage":45.0,"enemies":"Lagavulin","floor":7.0,"turns":9.0},{"damage":16.0,"enemies":"Looter","floor":11.0,"turns":4.0},{"damage":0.0,"enemies":"3 Louse","floor":13.0,"turns":3.0},{"damage":22.0,"enemies":"Hexaghost","floor":16.0,"turns":9.0},{"damage":20.0,"enemies":"2 Thieves","floor":18.0,"turns":4.0},{"damage":33.0,"enemies":"Chosen","floor":20.0,"turns":6.0},{"damage":20,"enemies":"Snake Plant","floor":22,"turns":3},{"damage":8,"enemies":"Slavers","floor":23,"turns":1}],"seed_played":"970589843800659037","potions_obtained":[{"floor":1.0,"key":"Ancient Potion"},{"floor":11.0,"key":"Energy Potion"},{"floor":13.0,"key":"SpeedPotion"},{"floor":16.0,"key":"DuplicationPotion"},{"floor":22,"key":"FocusPotion"}],"is_trial":false,"path_per_floor":["M","M","M","$","?","R","E","R","T","$","M","?","M","$","R","B",null,"M","?","M","$","M","E"],"character_chosen":"DEFECT","items_purchased":["DollysMirror","Echo Form","FearPotion","Swift Potion","FearPotion"],"campfire_rested":1,"item_purchase_floors":[4,10,14,21,21],"current_hp_per_floor":[74,70,63,63,63,63,18,18,18,18,2,2,2,2,24,2,75,55,55,22,22,2,0,0],"gold":52,"neow_bonus":"TRANSFORM_TWO_CARDS","is_daily":false,"chose_seed":false,"campfire_upgraded":2,"win_rate":0.0,"timestamp":1609648762,"path_taken":["M","M","?","$","?","R","E","R","T","$","M","?","M","$","R","BOSS","M","?","M","$","M","E"],"items_purchased_type":["Relic","Card","Potion","Potion","Potion"],"build_version":"2020-12-22","purchased_purges":2,"victory":false,"max_hp_per_floor":[75,75,75,75,75,75,75,75,75,75,75,75,75,75,75,75,75,75,75,75,75,75,75,75],"card_choices":[{"not_picked":["Beam Cell","Barrage"],"picked":"Gash","floor":1.0},{"not_picked":["Beam Cell","Sweeping Beam"],"picked":"Gash","floor":2.0},{"not_picked":["Defragment","Reinforced Body"],"picked":"Steam","floor":3.0},{"not_picked":["Go for the Eyes","Barrage"],"picked":"Genetic Algorithm","floor":7.0},{"not_picked":["Darkness","Steam","Compile Driver"],"picked":"SKIP","floor":11.0},{"not_picked":["Genetic Algorithm","Ball Lightning"],"picked":"Double Energy","floor":13.0},{"not_picked":["Multi-Cast","Electrodynamics"],"picked":"Seek","floor":16.0},{"not_picked":["Coolheaded","Doom and Gloom+1"],"picked":"Stack","floor":18.0},{"not_picked":["Glacier","Heatsinks"],"picked":"Rebound+1","floor":20.0},{"not_picked":["Cold Snap","Ball Lightning","Rebound"],"picked":"SKIP","floor":22},{"not_picked":["Cold Snap","Ball Lightning"],"picked":"Rebound","floor":22}],"player_experience":319192,"relics_obtained":[{"floor":7.0,"key":"Potion Belt"},{"floor":9.0,"key":"Tiny Chest"}],"event_choices":[{"damage_healed":0.0,"max_hp_gain":0.0,"max_hp_loss":0.0,"gold_gain":175.0,"event_name":"Liars Game","player_choice":"AGREE","floor":5.0,"gold_loss":0.0,"damage_taken":0.0,"cards_obtained":["Doubt"]},{"damage_healed":0.0,"max_hp_gain":0.0,"max_hp_loss":0.0,"gold_gain":0.0,"cards_transformed":["Strike_B"],"event_name":"Living Wall","player_choice":"Change","floor":12.0,"gold_loss":0.0,"damage_taken":0.0,"cards_obtained":["Hologram"]},{"damage_healed":0.0,"max_hp_gain":0.0,"max_hp_loss":0.0,"gold_gain":99.0,"event_name":"Nest","player_choice":"Stole From Cult","floor":19.0,"gold_loss":0.0,"damage_taken":0.0}],"is_beta":false,"boss_relics":[{"not_picked":["Snecko Eye","Fusion Hammer"],"picked":"Astrolabe"}],"items_purged_floors":[10,21],"is_endless":false,"potions_floor_spawned":[1,11,13,16,22],"killed_by":"Slavers","ascension_level":4}}