{"host":"t9wo05e1llrbe5dt","time":1609708283,"event":{"mods":["2.2 Compatiblity","AchievementEnabler","Ascension Unlocker","BaseMod","Bestiary","Better Altar","Better Match","Better Note","Better Sensory Stone","Better Skull","Better Third Choice","Better Vampires","Better-Laid Plans","Block Reminder","Colored Map","Colored Powertips","Curses Come First","DeckTracker","Displayed Cursed Tome","Downfall","Filter the Spire","Googly Eyes","Gremlin Mod","GungeonMod","Hermit","Highlight Path","Marked Mod","Minty Spire (QoL Compilation)","Quick Restart","Random Character Button","Rare Cards Sparkle","Reorder Act Four","Reworked Bosses","Spicy Shops","StSLib","The Bug Knight","The Cursed","The Hierophant","The IronCluck","The Mystic","The Necromancer","The Runesmith","Transform Curses","Uncapped","everything is the same but u backflip on backflip","slay the spire mod where everything is the same but ironclad has a cowboy hat"],"gold_per_floor":[99,113,131,151,166,184,252,262,312,60,76,102,102,3,19,19,19],"floor_reached":16,"playtime":1110,"items_purged":[],"score":141,"play_id":"a51eda78-7634-4931-9812-26bc47b16a61","local_time":"20210103151123","is_ascension_mode":false,"campfire_choices":[{"floor":1,"key":"RECALL"},{"floor":13,"key":"REST"}],"circlet_count":0,"master_deck":["sneckomod:Strike","sneckomod:Strike","sneckomod:Strike","sneckomod:Defend","sneckomod:Defend","sneckomod:Defend","sneckomod:TailWhip","sneckomod:SnekBite","sneckomod:Unknown","sneckomod:Unknown","sneckomod:UnknownCommonSkill","sneckomod:QuickMove","sneckomod:WideSting","sneckomod:UnknownStrike","sneckomod:Unknown1Cost","sneckomod:UnknownClassPURPLE","sneckomod:UnknownClassRUNESMITH_BEIGE","sneckomod:UnknownClassRED+1","sneckomod:UnknownClassRED+1","sneckomod:UnknownStrike+1","sneckomod:UnknownCommonAttack+1","sneckomod:RainOfDice","sneckomod:UnknownCommonAttack","sneckomod:UnknownStrike+1","sneckomod:Nope+1","sneckomod:UnknownUncommonAttack+1","sneckomod:UnknownClassRUNESMITH_BEIGE"],"relics":["sneckomod:SneckoSoul","HollowMod:StagPassRelic","Turnip","Chemical X","WingedGreaves"],"acts_visited":["Exordium"],"potions_floor_usage":[16],"damage_taken":[{"damage":12,"enemies":"Small Slimes","floor":2,"turns":3},{"damage":0,"enemies":"2 Louse","floor":3,"turns":3},{"damage":6,"enemies":"Jaw Worm","floor":4,"turns":4},{"damage":17,"enemies":"Gremlin Gang","floor":5,"turns":3},{"damage":2,"enemies":"2 Fungi Beasts","floor":6,"turns":3},{"damage":0,"enemies":"Blue Slaver","floor":8,"turns":4},{"damage":46,"enemies":"Gremlin Nob","floor":9,"turns":6},{"damage":0,"enemies":"downfall:FleeingMerchant","floor":10,"turns":4},{"damage":1,"enemies":"3 Louse","floor":11,"turns":3},{"damage":20,"enemies":"Lagavulin","floor":12,"turns":5},{"damage":15,"enemies":"downfall:FleeingMerchant","floor":14,"turns":4},{"damage":2,"enemies":"Exordium Wildlife","floor":15,"turns":4},{"damage":33,"enemies":"downfall:Ironclad","floor":16,"turns":3}],"seed_played":"-5944459038074608454","potions_obtained":[{"floor":4,"key":"BlessingOfTheForge"},{"floor":8,"key":"Ancient Potion"},{"floor":9,"key":"BlessingOfTheForge"}],"is_trial":false,"path_per_floor":["R","M","M","M","M","M","T","M","E","$","M","E","R","$","M","B"],"character_chosen":"THE_SNECKO","items_purchased":["sneckomod:UnknownClassRED","Chemical X","sneckomod:UnknownStrike","sneckomod:UnknownCommonAttack","sneckomod:Nope","sneckomod:UnknownUncommonAttack"],"campfire_rested":1,"item_purchase_floors":[10,10,10,10,14,14],"current_hp_per_floor":[99,88,88,82,66,65,65,76,31,35,34,15,47,34,33,0,0],"gold":19,"neow_bonus":"TEN_PERCENT_HP_BONUS","is_daily":false,"chose_seed":false,"campfire_upgraded":0,"win_rate":0.0,"timestamp":1609708283,"path_taken":["R","M","M","M","M","M","T","M","E","$","M","E","R","$","M","BOSS"],"items_purchased_type":["Card","Relic","Card","Card","Card","Card"],"build_version":"2020-12-22","purchased_purges":0,"victory":false,"max_hp_per_floor":[99,100,100,100,101,102,102,103,104,108,108,109,109,111,112,112,112],"card_choices":[{"not_picked":["sneckomod:UnknownCommonAttack","sneckomod:QuickBite"],"picked":"sneckomod:UnknownCommonSkill","floor":2},{"not_picked":["sneckomod:SoulDraw","sneckomod:UnknownClassSLIMEBOUND"],"picked":"sneckomod:QuickMove","floor":3},{"not_picked":["sneckomod:Nope","sneckomod:UnknownStrike"],"picked":"sneckomod:WideSting","floor":4},{"not_picked":["sneckomod:UnknownClassGREMLIN","sneckomod:QuickMove"],"picked":"sneckomod:UnknownStrike","floor":5},{"not_picked":["sneckomod:DiceBlock","sneckomod:UnknownStrike"],"picked":"sneckomod:Unknown1Cost","floor":6},{"not_picked":["sneckomod:UnknownEthereal","sneckomod:QuickMove"],"picked":"sneckomod:UnknownClassPURPLE","floor":8},{"not_picked":["sneckomod:DiceBlock","sneckomod:UnknownClassDEFAULT_GRAY_COLOR"],"picked":"sneckomod:UnknownClassRUNESMITH_BEIGE","floor":9},{"not_picked":["sneckomod:Unknown3Cost","sneckomod:IronFang"],"picked":"sneckomod:UnknownClassRED","floor":10},{"not_picked":["sneckomod:UnknownBlock","sneckomod:UnknownExhaust"],"picked":"sneckomod:RainOfDice","floor":11},{"not_picked":["sneckomod:UnknownClassBUGKNIGHT_GRAY_COLOR","sneckomod:QuickBite"],"picked":"sneckomod:UnknownCommonAttack","floor":12},{"not_picked":["sneckomod:SoulCleanse","sneckomod:QuickBite"],"picked":"sneckomod:UnknownStrike","floor":14},{"not_picked":["sneckomod:UnknownClassPURPLE","sneckomod:UnknownBlock"],"picked":"sneckomod:UnknownClassRUNESMITH_BEIGE","floor":15}],"player_experience":170208,"relics_obtained":[{"floor":7,"key":"HollowMod:StagPassRelic"},{"floor":9,"key":"Turnip"},{"floor":12,"key":"WingedGreaves"}],"event_choices":[],"is_beta":false,"boss_relics":[],"items_purged_floors":[],"is_endless":false,"potions_floor_spawned":[4,8,9,11,15],"killed_by":"downfall:Ironclad","ascension_level":0}}