{"host":"zig6x0mxqzam82fb","time":1609636384,"event":{"mods":["BaseMod","Block Reminder","Colored Map","Colored Powertips","Marisa????????","Minty Spire (QoL Compilation)","Relic Stats","StSLib","The Cursed","The Marked","Waifu the Spire"],"gold_per_floor":[113,113,133,152,171,197,197,232,232,86,117,49,76,88,88,187,187,206,206,206,216,229,240,275,275,275,275,305,324,349,361,361,456,456,473,120,172,19,294,294,304,331,331,356,369,279,298,309,309,309,309,309,68,102,102,102],"floor_reached":55,"playtime":3977,"items_purged":["theMarked:SummonStrength"],"score":970,"play_id":"a14738e7-957f-4ace-9dc4-c47cbd271bda","local_time":"20210102201304","is_ascension_mode":true,"campfire_choices":[{"floor":15,"key":"REST"},{"floor":27,"key":"RECALL"},{"floor":32,"key":"REST"},{"floor":40,"key":"REST"},{"floor":49,"key":"REST"},{"floor":52,"key":"REST"}],"circlet_count":0,"master_deck":["theMarked:SoldierOfQuellstein","theMarked:ResourceFulStrike","theMarked:EmpowerWeapon","theMarked:HeightenedSenses","theMarked:WardOff","theMarked:Reabsorb","theMarked:FavorableWinds","theMarked:ParalyzingBlade","theMarked:BanishingStrike","theMarked:TwofoldDefense","theMarked:EmpowerWeapon","theMarked:TakeOffHeels","theMarked:HeritageOfTheMarked+1","theMarked:Frustration+1","theMarked:Abjuration+1","theMarked:ThrowWeapon+1","theMarked:BanishingStrike+1","theMarked:EmpowerWeapon","theMarked:RepellingDischarge+1","theMarked:KeepCalmAndFightOn+1","theMarked:Overthink","theMarked:HeritageOfTheMarked","theMarked:DispelDoubt+1","theMarked:SoldierForm","theMarked:StartUp+1","theMarked:Frustration+1","theMarked:Frustration+1","theMarked:ElectricStrings+1","theMarked:WardOff+1","theMarked:Seal","theMarked:Abjuration+1","theMarked:TakeOffHeels","theMarked:HeritageOfTheMarked+1","theMarked:DeterminationOfTheMarked","theMarked:WardOff","theMarked:Vacuum+1","theMarked:Panic","theMarked:Panic","theMarked:AttractMetal","Mayhem","theMarked:Panic+1"],"relics":["Fusion Hammer","theMarked:NailFile","MealTicket","Omamori","Molten Egg 2","Blood Vial","Pandora\u0027s Box","Pear","Nloth\u0027s Gift","theMarked:DemonDagger","PreservedInsect","Toy Ornithopter","Velvet Choker","Membership Card","Pocketwatch","TungstenRod","Bird Faced Urn","Nunchaku","StrikeDummy","Oddly Smooth Stone","HornCleat"],"acts_visited":["Exordium","TheCity","TheBeyond","TheEnding"],"potions_floor_usage":[8,8,16,16,33,33,44,50,50,55,55],"damage_taken":[{"damage":2,"enemies":"Jaw Worm","floor":1,"turns":3},{"damage":0,"enemies":"2 Louse","floor":3,"turns":2},{"damage":0,"enemies":"Cultist","floor":4,"turns":3},{"damage":1,"enemies":"2 Fungi Beasts","floor":5,"turns":3},{"damage":21,"enemies":"Gremlin Nob","floor":6,"turns":4},{"damage":12,"enemies":"Lagavulin","floor":8,"turns":5},{"damage":14,"enemies":"3 Sentries","floor":11,"turns":7},{"damage":25,"enemies":"Gremlin Nob","floor":13,"turns":4},{"damage":5,"enemies":"Exordium Thugs","floor":14,"turns":4},{"damage":12,"enemies":"Hexaghost","floor":16,"turns":5},{"damage":7,"enemies":"Chosen","floor":18,"turns":4},{"damage":29,"enemies":"3 Byrds","floor":21,"turns":5},{"damage":22,"enemies":"Shelled Parasite and Fungi","floor":22,"turns":3},{"damage":2,"enemies":"Snecko","floor":23,"turns":4},{"damage":8,"enemies":"Gremlin Leader","floor":24,"turns":7},{"damage":31,"enemies":"Book of Stabbing","floor":28,"turns":4},{"damage":6,"enemies":"Sentry and Sphere","floor":29,"turns":4},{"damage":13,"enemies":"Gremlin Leader","floor":30,"turns":4},{"damage":13,"enemies":"3 Cultists","floor":31,"turns":4},{"damage":67,"enemies":"Champ","floor":33,"turns":8},{"damage":15,"enemies":"Orb Walker","floor":35,"turns":4},{"damage":29,"enemies":"2 Orb Walkers","floor":37,"turns":5},{"damage":9,"enemies":"3 Darklings","floor":41,"turns":4},{"damage":50,"enemies":"Giant Head","floor":42,"turns":7},{"damage":37,"enemies":"Nemesis","floor":44,"turns":5},{"damage":33,"enemies":"Jaw Worm Horde","floor":45,"turns":4},{"damage":11,"enemies":"Transient","floor":47,"turns":5},{"damage":5,"enemies":"Maw","floor":48,"turns":5},{"damage":58,"enemies":"Awakened One","floor":50,"turns":12},{"damage":47,"enemies":"Shield and Spear","floor":54,"turns":5},{"damage":133,"enemies":"The Heart","floor":55,"turns":6}],"seed_played":"-6207130409550198126","potions_obtained":[{"floor":1,"key":"EssenceOfSteel"},{"floor":3,"key":"BlessingOfTheForge"},{"floor":4,"key":"Dexterity Potion"},{"floor":13,"key":"SkillPotion"},{"floor":16,"key":"Dexterity Potion"},{"floor":23,"key":"theMarked:ChargePotion"},{"floor":28,"key":"SteroidPotion"},{"floor":29,"key":"FearPotion"},{"floor":33,"key":"Weak Potion"},{"floor":35,"key":"Energy Potion"},{"floor":48,"key":"Strength Potion"},{"floor":54,"key":"SkillPotion"}],"is_trial":false,"path_per_floor":["M","?","M","M","M","E","?","E","T","$","E","$","E","M","R","B",null,"M","?","?","M","M","M","E","?","T","R","E","M","E","M","R","B",null,"M","$","?","$","?","R","M","E","T","E","M","?","M","M","R","B",null,"R","$","E","B"],"character_chosen":"THE_DEFAULT","items_purchased":["Orrery","theMarked:HeritageOfTheMarked","Membership Card","theMarked:DeterminationOfTheMarked","Pocketwatch","Bird Faced Urn","Oddly Smooth Stone","Mayhem","FairyPotion","Energy Potion"],"campfire_rested":5,"item_purchase_floors":[10,12,36,36,36,38,53,53,53,53],"current_hp_per_floor":[68,54,54,54,53,32,32,20,20,35,21,36,11,8,29,26,70,70,70,70,62,49,49,80,80,80,80,63,66,62,72,80,46,80,72,80,72,80,80,80,80,49,49,48,42,42,60,80,80,60,80,80,80,53,0,0],"gold":102,"neow_bonus":"BOSS_RELIC","is_daily":false,"chose_seed":false,"campfire_upgraded":0,"win_rate":0.0,"timestamp":1609636384,"path_taken":["M","?","M","M","M","E","?","E","T","$","E","$","E","M","R","BOSS","M","?","?","M","?","M","E","?","T","R","E","M","E","M","R","BOSS","M","$","?","$","?","R","?","E","T","E","M","?","M","?","R","BOSS","R","$","E","BOSS"],"items_purchased_type":["Relic","Card","Relic","Card","Relic","Relic","Relic","Card","Potion","Potion"],"build_version":"2020-12-22","purchased_purges":1,"victory":false,"max_hp_per_floor":[70,70,70,70,70,70,70,70,70,70,70,70,70,70,70,70,70,70,70,70,70,70,70,80,80,80,80,80,80,80,80,80,80,80,80,80,80,80,80,80,80,80,80,80,80,80,80,80,80,80,80,80,80,80,80,80],"relic_stats":{"Blood Vial":26,"Nunchaku":[7],"counters":[31,143],"Bird Faced Urn":[50],"MealTicket":46,"Pandora\u0027s Box":["theMarked:BanishingStrike","theMarked:EmpowerWeapon","theMarked:RepellingDischarge","theMarked:KeepCalmAndFightOn","theMarked:Overthink","theMarked:HeritageOfTheMarked","theMarked:DispelDoubt","theMarked:SoldierForm","theMarked:StartUp"],"PreservedInsect":283,"Nloth\u0027s Gift":4,"obtain_stats":[{"theMarked:NailFile":6,"theMarked:DemonDagger":26,"Pear":24,"Velvet Choker":34,"Oddly Smooth Stone":53,"PreservedInsect":28,"Omamori":9,"Blood Vial":13,"theMarked:ArtifactOfAir":0,"Nunchaku":42,"HornCleat":54,"Bird Faced Urn":38,"Orrery":10,"MealTicket":8,"Molten Egg 2":11,"Pandora\u0027s Box":17,"Fusion Hammer":0,"Nloth\u0027s Gift":25,"Membership Card":36,"StrikeDummy":44,"Toy Ornithopter":30,"TungstenRod":37,"Pocketwatch":36},{"theMarked:NailFile":5,"theMarked:DemonDagger":15,"Pear":15,"Velvet Choker":20,"Oddly Smooth Stone":29,"PreservedInsect":16,"Omamori":6,"Blood Vial":8,"theMarked:ArtifactOfAir":0,"Nunchaku":24,"HornCleat":30,"Bird Faced Urn":22,"Orrery":6,"MealTicket":6,"Molten Egg 2":7,"Pandora\u0027s Box":10,"Fusion Hammer":0,"Nloth\u0027s Gift":15,"Membership Card":21,"StrikeDummy":25,"Toy Ornithopter":18,"TungstenRod":22,"Pocketwatch":21},{"theMarked:NailFile":15,"theMarked:DemonDagger":61,"Pear":61,"Velvet Choker":85,"Oddly Smooth Stone":132,"PreservedInsect":65,"Omamori":20,"Blood Vial":31,"theMarked:ArtifactOfAir":0,"Nunchaku":104,"HornCleat":137,"Bird Faced Urn":93,"Orrery":20,"MealTicket":20,"Molten Egg 2":27,"Pandora\u0027s Box":40,"Fusion Hammer":0,"Nloth\u0027s Gift":61,"Membership Card":89,"StrikeDummy":108,"Toy Ornithopter":73,"TungstenRod":93,"Pocketwatch":89}],"Toy Ornithopter":25,"TungstenRod":60,"Pocketwatch":[21]},"card_choices":[{"not_picked":["theMarked:ResourceFulStrike","theMarked:Parkour"],"picked":"theMarked:ElementalBlade","floor":1},{"not_picked":["theMarked:ElementalBlade","theMarked:Improvise"],"picked":"theMarked:ResourceFulStrike","floor":3},{"not_picked":["theMarked:RepellingDischarge","theMarked:ElectricStrings"],"picked":"theMarked:EmpowerWeapon","floor":4},{"not_picked":["theMarked:Static","theMarked:Convert"],"picked":"theMarked:HeightenedSenses","floor":5},{"not_picked":["theMarked:Polarize","theMarked:EmpowerWeapon"],"picked":"theMarked:WardOff","floor":6},{"not_picked":["theMarked:GodGivenPower","theMarked:RogueSparks"],"picked":"theMarked:Reabsorb","floor":8},{"not_picked":["theMarked:Overthink","theMarked:WastefulAttack"],"picked":"theMarked:FavorableWinds","floor":10},{"not_picked":["theMarked:Parry","theMarked:SwordAndMagic"],"picked":"theMarked:ParalyzingBlade","floor":10},{"not_picked":["theMarked:SelfDefenseTraining","theMarked:MysticalArsenal"],"picked":"theMarked:BanishingStrike","floor":10},{"not_picked":["theMarked:ResourceFulStrike","theMarked:EmpowerWeapon"],"picked":"theMarked:TwofoldDefense","floor":10},{"not_picked":["theMarked:LightningStrikesTwice","theMarked:Parry"],"picked":"theMarked:EmpowerWeapon","floor":10},{"not_picked":["theMarked:WastefulAttack+1","theMarked:RepellingDischarge"],"picked":"theMarked:TakeOffHeels","floor":11},{"not_picked":["theMarked:ElectricStrings+1","theMarked:GodGivenPower"],"picked":"theMarked:Frustration+1","floor":13},{"not_picked":["theMarked:SwordAndMagic+1","theMarked:Frustration+1"],"picked":"theMarked:Abjuration+1","floor":14},{"not_picked":["theMarked:Snap+1","theMarked:SummonStrength"],"picked":"theMarked:ThrowWeapon+1","floor":16},{"not_picked":["theMarked:HeightenedSenses","theMarked:WastefulAttack+1"],"picked":"theMarked:Frustration+1","floor":18},{"not_picked":["theMarked:Parkour+1","theMarked:ChainLightning+1"],"picked":"theMarked:Frustration+1","floor":21},{"not_picked":["theMarked:MysticalArsenal","theMarked:ComboAttacks"],"picked":"theMarked:ElectricStrings+1","floor":22},{"not_picked":["theMarked:ChainLightning+1","theMarked:Generate"],"picked":"theMarked:WardOff+1","floor":23},{"not_picked":["theMarked:ElementalBlade","theMarked:HeightenedSenses","theMarked:Generate"],"picked":"SKIP","floor":24},{"not_picked":["theMarked:AttractMetal+1","theMarked:WastefulAttack+1"],"picked":"theMarked:Seal","floor":28},{"not_picked":["theMarked:Electrocute+1","theMarked:UnarmedFury+1"],"picked":"theMarked:SummonStrength","floor":29},{"not_picked":["theMarked:Overthink","theMarked:Standoff"],"picked":"theMarked:Abjuration+1","floor":30},{"not_picked":["theMarked:Standoff","theMarked:ElectricStrings+1"],"picked":"theMarked:MysticalArsenal+1","floor":31},{"not_picked":["theMarked:SoldierForm","theMarked:ThrowWeapon+1"],"picked":"theMarked:TakeOffHeels","floor":33},{"not_picked":["theMarked:Parry+1","theMarked:Frustration+1"],"picked":"theMarked:HeritageOfTheMarked+1","floor":35},{"not_picked":["theMarked:TwofoldDefense+1","theMarked:Parkour+1"],"picked":"theMarked:WardOff","floor":41},{"not_picked":["theMarked:Frustration+1","theMarked:ComboAttacks+1"],"picked":"theMarked:Vacuum+1","floor":42},{"not_picked":["theMarked:Overcharge","theMarked:Frustration+1"],"picked":"theMarked:Panic","floor":44},{"not_picked":["theMarked:Static+1","theMarked:Parry","theMarked:Improvise+1"],"picked":"SKIP","floor":45},{"not_picked":["theMarked:TunnelVision+1","theMarked:SwordAndMagic+1"],"picked":"theMarked:Panic","floor":47},{"not_picked":["theMarked:Parkour+1","theMarked:SelfDefenseTraining+1"],"picked":"theMarked:AttractMetal","floor":48},{"not_picked":["theMarked:Convert","theMarked:Improvise+1"],"picked":"theMarked:Panic+1","floor":54}],"player_experience":428201,"relics_obtained":[{"floor":6,"key":"theMarked:NailFile"},{"floor":8,"key":"MealTicket"},{"floor":9,"key":"Omamori"},{"floor":11,"key":"Molten Egg 2"},{"floor":13,"key":"Blood Vial"},{"floor":24,"key":"Pear"},{"floor":26,"key":"theMarked:DemonDagger"},{"floor":28,"key":"PreservedInsect"},{"floor":30,"key":"Toy Ornithopter"},{"floor":37,"key":"TungstenRod"},{"floor":42,"key":"Nunchaku"},{"floor":44,"key":"StrikeDummy"},{"floor":54,"key":"HornCleat"}],"event_choices":[{"damage_healed":0,"gold_gain":0,"player_choice":"Entered Light","damage_taken":14,"max_hp_gain":0,"max_hp_loss":0,"event_name":"Shining Light","floor":2,"gold_loss":0,"cards_upgraded":["theMarked:Defend","theMarked:Strike"]},{"damage_healed":0,"gold_gain":0,"player_choice":"Ignored","damage_taken":0,"max_hp_gain":0,"max_hp_loss":0,"event_name":"Golden Wing","floor":7,"gold_loss":0},{"cards_removed":["theMarked:ElementalBlade"],"damage_healed":0,"gold_gain":0,"player_choice":"Elegance","damage_taken":0,"max_hp_gain":0,"max_hp_loss":0,"event_name":"Back to Basics","floor":19,"gold_loss":0},{"damage_healed":0,"gold_gain":0,"player_choice":"Forge","damage_taken":0,"max_hp_gain":0,"max_hp_loss":0,"event_name":"Accursed Blacksmith","floor":20,"gold_loss":0,"cards_upgraded":["theMarked:HeritageOfTheMarked"]},{"damage_healed":0,"gold_gain":0,"player_choice":"Traded Relic","damage_taken":0,"relics_obtained":["Nloth\u0027s Gift"],"max_hp_gain":0,"max_hp_loss":0,"event_name":"N\u0027loth","floor":25,"relics_lost":["Orrery"],"gold_loss":0},{"damage_healed":0,"gold_gain":0,"player_choice":"Fight","damage_taken":0,"max_hp_gain":0,"max_hp_loss":0,"event_name":"Mysterious Sphere","floor":37,"gold_loss":0},{"damage_healed":0,"gold_gain":275,"player_choice":"Desecrate","damage_taken":0,"max_hp_gain":0,"max_hp_loss":0,"event_name":"Golden Shrine","floor":39,"gold_loss":0,"cards_obtained":["Regret"]},{"cards_removed":["theMarked:MysticalArsenal"],"damage_healed":0,"gold_gain":0,"player_choice":"Upgrade and Remove","damage_taken":0,"max_hp_gain":0,"max_hp_loss":0,"event_name":"Designer","floor":46,"gold_loss":90,"cards_upgraded":["theMarked:RepellingDischarge"]}],"is_beta":false,"boss_relics":[{"not_picked":["Ectoplasm","SacredBark"],"picked":"Pandora\u0027s Box"},{"not_picked":["Runic Dome","Astrolabe"],"picked":"Velvet Choker"}],"items_purged_floors":[36],"is_endless":false,"potions_floor_spawned":[1,3,4,13,16,23,28,29,30,31,33,35,48,54],"killed_by":"The Heart","ascension_level":4}}