{"host":"5gusigds1c3jyr99","time":1609686864,"event":{"mods":["AchievementEnabler","Arknights The Spire","Astrologer","BaseMod","GungeonMod","Hermit","Marisa£¨Ùöéë¡¡Øª×âÞÞ£©","Minty Spire (QoL Compilation)","Permanent Neow","Replay The Spire","StSLib","The Bug Knight","The Cursed","The Death Knight","The Disciple","The Dragon Tamer","The Hierophant","The Jungle","The Poker Player","The Senshi","TheBandit"],"gold_per_floor":[110,210,226,72,86,86,111,111,111,111,11,186,220,220,220,320,320,336,336,336,336,346,346,377,377,423,454,518,579,579,609,609,709,709,768,768,785,802,850,850,860,891,891,919,919,932,932,306,306,321,321,321,35,70,70],"floor_reached":56,"playtime":3455,"items_purged":["TheCursedMod:Defend_TheCursed","TheCursedMod:Strike_TheCursed","TheCursedMod:Strike_TheCursed"],"score":1678,"play_id":"5730c26e-6f9e-407f-a785-7b7ff5730567","local_time":"20210104001424","is_ascension_mode":true,"campfire_choices":[{"data":"TheCursedMod:CleanUpWorkshop","floor":6,"key":"SMITH"},{"data":"TheCursedMod:CircleOfCorruption","floor":8,"key":"SMITH"},{"data":"TheCursedMod:CursedWand","floor":10,"key":"SMITH"},{"data":"TheCursedMod:HellsGateOpen","floor":15,"key":"SMITH"},{"data":"TheCursedMod:SpitefulPlan","floor":23,"key":"SMITH"},{"data":"TheCursedMod:ManaBullet","floor":25,"key":"SMITH"},{"data":"TheCursedMod:CircleOfAmplification","floor":30,"key":"SMITH"},{"floor":40,"key":"RECALL"},{"data":"TheCursedMod:CollectTribute","floor":47,"key":"SMITH"},{"data":"Metamorphosis","floor":52,"key":"SMITH"}],"circlet_count":0,"master_deck":["TheCursedMod:Defend_TheCursed","TheCursedMod:Defend_TheCursed","TheCursedMod:Defend_TheCursed","TheCursedMod:CursedWand+1","TheCursedMod:CleanUpWorkshop+1","TheCursedMod:Dregs","TheCursedMod:CircleOfAmplification+1","TheCursedMod:WearCloak","TheCursedMod:CircleOfCorruption+1","TheCursedMod:HellsGateOpen+1","TheCursedMod:SurpriseAttack","TheCursedMod:NeowsMight","Doubt","TheCursedMod:BlessingInDisguise","TheCursedMod:ManaBullet+1","Shame","Voices","TheCursedMod:SpitefulPlan+1","TheCursedMod:HellsGateOpen+1","TheCursedMod:SpitefulPray","TheCursedMod:DemonSword","Voices","TheCursedMod:CollectTribute+1","Clumsy","SwitchThreat","Sickly","TheCursedMod:CircleOfCorruption+1","Writhe","TheCursedMod:CircleOfCorruption+1","TheCursedMod:Grudge+1","TheCursedMod:CircleOfAmplification+1","Bandage Up","Master of Strategy","TheCursedMod:HellfireBreathing","TheCursedMod:ReleasedKnowledge","Metamorphosis","Metamorphosis+1","TheCursedMod:Evocation","TheCursedMod:CollectTribute","TheCursedMod:DemonicPact"],"relics":["TheCursedMod:BlackMagic101","Ginger","HornCleat","StrikeDummy","Eternal Feather","Philosopher\u0027s Stone","DeathKnight:PutricidesVial","ReplayTheSpireMod:Ring of Exchange","ReplayTheSpireMod:Ring of Challenge","DemoMod:ChaffGrenade","Blue Doll","ReplayTheSpireMod:TigerMarble","TheCursedMod:CrystalBall","Incense Burner","Replay:Ancient Bell","DemoMod:OrangeGuonStone","Mummified Hand","Calipers","CatCart","Ancient Tea Set","Torii","DemoMod:GlassGuonStoneRelic","StoneCalendar","Oddly Smooth Stone","Turnip"],"acts_visited":["Exordium","TheCity","TheBeyond","TheEnding"],"potions_floor_usage":[7,24,29,33,33,39,55,55],"damage_taken":[{"damage":2,"enemies":"Cultist","floor":1,"turns":4},{"damage":4,"enemies":"Small Slimes","floor":3,"turns":4},{"damage":0,"enemies":"Jaw Worm","floor":5,"turns":3},{"damage":8,"enemies":"Lagavulin","floor":7,"turns":6},{"damage":0,"enemies":"Gremlin Nob","floor":13,"turns":3},{"damage":20,"enemies":"Slime Boss","floor":16,"turns":5},{"damage":3,"enemies":"2 Thieves","floor":18,"turns":2},{"damage":0,"enemies":"Chosen","floor":22,"turns":2},{"damage":0,"enemies":"Book of Stabbing","floor":24,"turns":4},{"damage":0,"enemies":"Slavers","floor":27,"turns":2},{"damage":0,"enemies":"Shelled Parasite and Fungi","floor":28,"turns":3},{"damage":0,"enemies":"Snake Plant","floor":29,"turns":2},{"damage":0,"enemies":"Gremlin Leader","floor":31,"turns":3},{"damage":6,"enemies":"Pondfish","floor":33,"turns":6},{"damage":25,"enemies":"3 Darklings","floor":35,"turns":3},{"damage":0,"enemies":"3 Shapes","floor":37,"turns":1},{"damage":16,"enemies":"Writhing Mass","floor":38,"turns":2},{"damage":5,"enemies":"Orin","floor":39,"turns":6},{"damage":0,"enemies":"Maw","floor":41,"turns":3},{"damage":22,"enemies":"Nemesis","floor":42,"turns":3},{"damage":0,"enemies":"Reptomancer","floor":44,"turns":3},{"damage":0,"enemies":"4 Shapes","floor":46,"turns":1},{"damage":0,"enemies":"Replay:Hell Engine","floor":50,"turns":4},{"damage":0,"enemies":"Shield and Spear","floor":54,"turns":2},{"damage":10,"enemies":"The Heart","floor":55,"turns":4}],"seed_played":"-6782364170142949173","potions_obtained":[{"floor":3,"key":"DeathKnight:RimePotion"},{"floor":5,"key":"PowerPotion"},{"floor":16,"key":"Languid Potion"},{"floor":22,"key":"Elixir"},{"floor":29,"key":"AttackPotion"},{"floor":35,"key":"CultistPotion"},{"floor":38,"key":"GamblersBrew"},{"floor":42,"key":"Energy Potion"},{"floor":54,"key":"Swift Potion"}],"is_trial":false,"path_per_floor":["M","?","M","$","M","R","E","R","T","R","$","?","E","T","R","B",null,"M","?","?","?","M","R","E","R","T","E","M","M","R","E","R","B",null,"M","?","M","M","?","R","M","E","T","E","?","M","R","$","R","B",null,"R","$","E","B",null],"character_chosen":"THE_CURSED","items_purchased":["TheCursedMod:HellsGateOpen","StoneCalendar","TheCursedMod:ReleasedKnowledge","Metamorphosis","Oddly Smooth Stone","TheCursedMod:Evocation","TheCursedMod:CollectTribute"],"campfire_rested":0,"item_purchase_floors":[4,48,48,48,53,53,53],"current_hp_per_floor":[73,73,69,69,69,69,61,61,61,61,61,61,61,61,70,50,75,72,72,72,72,72,75,75,75,75,75,75,75,75,75,75,69,75,50,69,69,53,53,71,71,53,53,53,48,48,69,69,75,75,75,75,75,75,69],"gold":70,"neow_bonus":"TRANSFORM_CARD","is_daily":false,"chose_seed":false,"campfire_upgraded":9,"win_rate":0.0,"timestamp":1609686864,"path_taken":["M","?","M","$","?","R","E","R","T","R","$","?","E","?","R","BOSS","M","?","?","?","M","R","E","R","T","E","M","?","R","E","R","BOSS","M","?","M","M","?","R","M","E","T","E","?","M","R","$","R","BOSS","R","$","E","BOSS"],"items_purchased_type":["Card","Relic","Card","Card","Relic","Card","Card"],"build_version":"2020-12-22","purchased_purges":3,"victory":true,"max_hp_per_floor":[75,75,75,75,75,75,75,75,75,75,75,75,75,75,75,75,75,75,75,75,75,75,75,75,75,75,75,75,75,75,75,75,75,75,75,75,75,75,75,75,75,75,75,75,75,75,75,75,75,75,75,75,75,75,75],"card_choices":[{"not_picked":["TheCursedMod:TacticalStrike","TheCursedMod:Stigma"],"picked":"TheCursedMod:WearCloak","floor":1},{"not_picked":["TheCursedMod:SurpriseAttack","TheCursedMod:Wield"],"picked":"TheCursedMod:CircleOfCorruption","floor":3},{"not_picked":["TheCursedMod:SpitefulPray","TheCursedMod:WearCloak"],"picked":"TheCursedMod:SurpriseAttack","floor":5},{"not_picked":["TheCursedMod:BloodBarrier","TheCursedMod:Stigma"],"picked":"TheCursedMod:NeowsMight","floor":7},{"not_picked":["TheCursedMod:ShockAndAwe","TheCursedMod:CircleOfAmplification"],"picked":"TheCursedMod:BlessingInDisguise","floor":13},{"not_picked":["TheCursedMod:ReleasedStrength","TheCursedMod:Obscuration"],"picked":"TheCursedMod:ManaBullet","floor":18},{"not_picked":["TheCursedMod:SmokeScreen","TheCursedMod:FleshFromBone"],"picked":"TheCursedMod:SpitefulPlan","floor":22},{"not_picked":["TheCursedMod:VitalStrike+1","TheCursedMod:Obscuration","TheCursedMod:SurpriseAttack"],"picked":"SKIP","floor":24},{"not_picked":["TheCursedMod:CircleOfBlood","TheCursedMod:SurpriseAttack"],"picked":"TheCursedMod:HellsGateOpen+1","floor":27},{"not_picked":["TheCursedMod:SpreadPlague+1","TheCursedMod:RapidMovement+1"],"picked":"TheCursedMod:SpitefulPray","floor":28},{"not_picked":["TheCursedMod:TacticalStrike","TheCursedMod:CursedMace","TheCursedMod:TroublousMinions"],"picked":"SKIP","floor":29},{"not_picked":["TheCursedMod:CursedBlade","TheCursedMod:ForbiddenAlchemy"],"picked":"TheCursedMod:DemonSword","floor":31},{"not_picked":["TheCursedMod:DemonSword","TheCursedMod:DarkBarrier"],"picked":"TheCursedMod:CollectTribute","floor":33},{"not_picked":["Replay:Sluggish","Shame"],"picked":"Clumsy","floor":34},{"not_picked":["Replay:Hysterical Blindness","Pain"],"picked":"SwitchThreat","floor":34},{"not_picked":["Regret","ReplayTheSpireMod:Splinters"],"picked":"Sickly","floor":34},{"not_picked":["TheCursedMod:FleshFromBone+1","TheCursedMod:Stigma+1"],"picked":"TheCursedMod:CircleOfCorruption+1","floor":35},{"not_picked":["TheCursedMod:CursedBoomerang","TheCursedMod:Wield+1","TheCursedMod:Torture"],"picked":"SKIP","floor":37},{"not_picked":["TheCursedMod:ShockAndAwe","TheCursedMod:CursedShiv+1","TheCursedMod:CursedMace"],"picked":"SKIP","floor":38},{"not_picked":["TheCursedMod:SaltUponWound+1","TheCursedMod:FleshFromBone"],"picked":"TheCursedMod:CircleOfCorruption+1","floor":39},{"not_picked":["TheCursedMod:StingEye+1","TheCursedMod:Evocation","TheCursedMod:CursedAmulet"],"picked":"SKIP","floor":41},{"not_picked":["TheCursedMod:AbyssShockwave+1","TheCursedMod:SpitefulPlan+1"],"picked":"TheCursedMod:Grudge+1","floor":42},{"not_picked":["TheCursedMod:ForbiddenAlchemy","TheCursedMod:SaltUponWound+1"],"picked":"TheCursedMod:CircleOfAmplification+1","floor":44},{"not_picked":["Deep Breath","PanicButton"],"picked":"Bandage Up","floor":45},{"not_picked":["Deep Breath","Dark Shackles"],"picked":"Master of Strategy","floor":45},{"not_picked":["TheCursedMod:SurpriseAttack","TheCursedMod:CursedShiv"],"picked":"TheCursedMod:HellfireBreathing","floor":46},{"not_picked":["TheCursedMod:Stretching","TheCursedMod:Torture"],"picked":"TheCursedMod:DemonicPact","floor":54}],"player_experience":607327,"relics_obtained":[{"floor":7,"key":"Ginger"},{"floor":9,"key":"HornCleat"},{"floor":13,"key":"StrikeDummy"},{"floor":14,"key":"Eternal Feather"},{"floor":20,"key":"ReplayTheSpireMod:Ring of Exchange"},{"floor":20,"key":"ReplayTheSpireMod:Ring of Challenge"},{"floor":24,"key":"DemoMod:ChaffGrenade"},{"floor":26,"key":"Blue Doll"},{"floor":27,"key":"ReplayTheSpireMod:TigerMarble"},{"floor":31,"key":"TheCursedMod:CrystalBall"},{"floor":39,"key":"CatCart"},{"floor":42,"key":"Ancient Tea Set"},{"floor":44,"key":"Torii"},{"floor":54,"key":"Turnip"}],"event_choices":[{"damage_healed":0,"gold_gain":100,"player_choice":"Pray","damage_taken":0,"max_hp_gain":0,"max_hp_loss":0,"event_name":"Golden Shrine","floor":2,"gold_loss":0},{"damage_healed":0,"gold_gain":175,"player_choice":"AGREE","damage_taken":0,"max_hp_gain":0,"max_hp_loss":0,"event_name":"Liars Game","floor":12,"gold_loss":0,"cards_obtained":["Doubt"]},{"damage_healed":0,"gold_gain":0,"player_choice":"Stole Relic","damage_taken":0,"relics_obtained":["DeathKnight:PutricidesVial"],"max_hp_gain":0,"max_hp_loss":0,"event_name":"Addict","floor":19,"gold_loss":0,"cards_obtained":["Shame"]},{"cards_removed":["TheCursedMod:Strike_TheCursed"],"damage_healed":0,"gold_gain":0,"player_choice":"Card Removal","damage_taken":0,"max_hp_gain":0,"max_hp_loss":0,"event_name":"Wheel of Change","floor":21,"gold_loss":0},{"damage_healed":19,"gold_gain":0,"player_choice":"Writhe","damage_taken":0,"max_hp_gain":0,"max_hp_loss":0,"event_name":"Winding Halls","floor":36,"gold_loss":0,"cards_obtained":["Writhe"]},{"damage_healed":0,"gold_gain":0,"player_choice":"Fight","damage_taken":0,"max_hp_gain":0,"max_hp_loss":0,"event_name":"OrinTheCat","floor":39,"gold_loss":0},{"damage_healed":0,"gold_gain":0,"player_choice":"Memory 2","damage_taken":5,"max_hp_gain":0,"max_hp_loss":0,"event_name":"SensoryStone","floor":45,"gold_loss":0},{"damage_healed":0,"gold_gain":0,"player_choice":"Ignored","damage_taken":0,"max_hp_gain":0,"max_hp_loss":0,"event_name":"Tomb of Lord Red Mask","floor":49,"gold_loss":0}],"is_beta":false,"boss_relics":[{"not_picked":["Runic Dome","Painkiller Herb"],"picked":"Philosopher\u0027s Stone"},{"not_picked":["DemoMod:RiddleOfLead","Honey Jar"],"picked":"Replay:Ancient Bell"},{"not_picked":["TheCursedMod:Tack","Bag of Preparation"],"picked":"DemoMod:WeirdEgg"},{"not_picked":["Replay:Bottled Eggs","White Beast Statue"],"picked":"Mummified Hand"},{"not_picked":["DemoMod:GreenGuonStone","DemoMod:Relodestone"],"picked":"Calipers"}],"items_purged_floors":[4,11,48],"is_endless":false,"potions_floor_spawned":[3,5,16,22,29,35,38,42,54],"ascension_level":2}}