{"host":"3ikutf0nfngyhvfs","time":1609636843,"event":{"mods":["AchievementEnabler","BaseMod","Downfall","Minty Spire (QoL Compilation)","StSLib","The Cursed"],"gold_per_floor":[99,112,127,38,51,65,65,65,98,118,146,71,246,273,292,393,393,393,393,493,511,114,114,114,129,129,162,173,185,185,200,212,313,313,238,255,271,286,286,320,320,320,350,373,298,216,270,294,313,313],"floor_reached":51,"playtime":8662,"items_purged":["TheCursedMod:Dregs"],"score":876,"play_id":"40c5dfe3-7e75-41fb-818a-3209f40d9937","local_time":"20210102192043","is_ascension_mode":false,"campfire_choices":[{"floor":1.0,"key":"RECALL"},{"data":"hexamod:SoulSteal","floor":8.0,"key":"SMITH"},{"data":"hexamod:Float","floor":12.0,"key":"SMITH"},{"data":"hexamod:HexaLevel","floor":18.0,"key":"SMITH"},{"data":"hexamod:CatchUp","floor":23.0,"key":"SMITH"},{"data":"hexamod:Rewind","floor":30.0,"key":"SMITH"},{"data":"hexamod:RainOfEmbers","floor":35,"key":"SMITH"},{"data":"hexamod:PhantomCloak","floor":45,"key":"SMITH"}],"circlet_count":0,"master_deck":["hexamod:Strike+1","hexamod:Strike+1","hexamod:Strike+1","hexamod:Strike+1","hexamod:Defend+1","hexamod:Defend+1","hexamod:Defend+1","hexamod:Defend+1","hexamod:Sear+1","hexamod:Float+1","hexamod:ChargedBarrage+1","hexamod:SoulSteal+1","hexamod:SpectralAdrenaline","hexamod:GhostOfSpirePast+1","hexamod:RainOfEmbers+1","hexamod:GhostflameInferno","hexamod:RetreatToShadows","Doubt","hexamod:HeatCrush+1","hexamod:HexaLevel+1","hexamod:HeatMetal+1","hexamod:CatchUp+1","expansioncontent:YouAreMine","hexamod:Rewind+1","hexamod:GhostflameInferno","hexamod:PhantomFireball","hexamod:PhantomCloak+1","hexamod:Rewind+1","hexamod:TimeOfNeed","hexamod:EmpoweredFlame+1","hexamod:RadiantFlame+1","hexamod:Rewind+1","expansioncontent:Chronoboost","hexamod:RadiantFlame+1","hexamod:AdvancingGuard+1","hexamod:TimeOfNeed+1","hexamod:HeatCrush+1","hexamod:AdvancingGuard+1","hexamod:Hexaguard+1","hexamod:NightmareGuise+1","hexamod:GhostflameBarrier+1"],"relics":["hexamod:SpiritBrand","Singing Bowl","Toy Ornithopter","downfall:HeartBlessingRed","TungstenRod","hexamod:IceCube","Oddly Smooth Stone","Pear","Pocketwatch","Cursed Key","downfall:HeartBlessingBlue","Orichalcum","Eternal Feather","PreservedInsect","downfall:HeartBlessingGreen","Shovel","hexamod:TheBrokenSeal"],"acts_visited":["Exordium","TheCity","TheBeyond"],"potions_floor_usage":[38,40,40,43,44,47,49,49,50,50],"damage_taken":[{"damage":0.0,"enemies":"Cultist","floor":2.0,"turns":3.0},{"damage":0.0,"enemies":"Small Slimes","floor":3.0,"turns":4.0},{"damage":4.0,"enemies":"downfall:FleeingMerchant","floor":4.0,"turns":4.0},{"damage":0.0,"enemies":"2 Louse","floor":5.0,"turns":3.0},{"damage":2.0,"enemies":"Lots of Slimes","floor":6.0,"turns":3.0},{"damage":4.0,"enemies":"Lagavulin","floor":9.0,"turns":6.0},{"damage":11.0,"enemies":"Exordium Wildlife","floor":10.0,"turns":4.0},{"damage":2.0,"enemies":"Gremlin Nob","floor":11.0,"turns":3.0},{"damage":7.0,"enemies":"Lagavulin","floor":14.0,"turns":4.0},{"damage":0.0,"enemies":"Large Slime","floor":15.0,"turns":6.0},{"damage":62.0,"enemies":"downfall:Defect","floor":16.0,"turns":7.0},{"damage":0.0,"enemies":"Chosen","floor":21.0,"turns":6.0},{"damage":6.0,"enemies":"downfall:FleeingMerchant","floor":22.0,"turns":4.0},{"damage":10.0,"enemies":"Shelled Parasite and Fungi","floor":25.0,"turns":5.0},{"damage":39.0,"enemies":"Gremlin Leader","floor":27.0,"turns":9.0},{"damage":11.0,"enemies":"Sentry and Sphere","floor":28.0,"turns":5.0},{"damage":0.0,"enemies":"Snecko","floor":29.0,"turns":4.0},{"damage":14.0,"enemies":"Snake Plant","floor":31.0,"turns":4.0},{"damage":12.0,"enemies":"3 Cultists","floor":32.0,"turns":5.0},{"damage":30.0,"enemies":"downfall:Ironclad","floor":33.0,"turns":7.0},{"damage":14,"enemies":"3 Shapes","floor":36,"turns":5},{"damage":11,"enemies":"Orb Walker","floor":37,"turns":4},{"damage":42,"enemies":"Transient","floor":38,"turns":5},{"damage":35,"enemies":"Giant Head","floor":40,"turns":8},{"damage":41,"enemies":"Reptomancer","floor":43,"turns":7},{"damage":27,"enemies":"3 Darklings","floor":44,"turns":14},{"damage":10,"enemies":"downfall:FleeingMerchant","floor":46,"turns":4},{"damage":19,"enemies":"2 Orb Walkers","floor":47,"turns":6},{"damage":4,"enemies":"Jaw Worm Horde","floor":48,"turns":6},{"damage":21,"enemies":"Maw","floor":49,"turns":8},{"damage":0,"enemies":"downfall:Watcher","floor":50,"turns":8}],"seed_played":"-5738609329301448094","potions_obtained":[{"floor":2.0,"key":"Fire Potion"},{"floor":10.0,"key":"Strength Potion"},{"floor":15.0,"key":"Energy Potion"},{"floor":16.0,"key":"champ:CounterPotion"},{"floor":27.0,"key":"Swift Potion"},{"floor":28.0,"key":"sneckomod:MuddlingPotion"},{"floor":31.0,"key":"Strength Potion"},{"floor":31.0,"key":"PowerPotion"},{"floor":32.0,"key":"Strength Potion"},{"floor":33.0,"key":"PowerPotion"},{"floor":36,"key":"FairyPotion"},{"floor":37,"key":"Regen Potion"},{"floor":38,"key":"Block Potion"},{"floor":40,"key":"DistilledChaos"},{"floor":43,"key":"Regen Potion"},{"floor":44,"key":"Energy Potion"},{"floor":48,"key":"ColorlessPotion"},{"floor":48,"key":"Weak Potion"},{"floor":49,"key":"Fire Potion"},{"floor":49,"key":"champ:CounterPotion"}],"is_trial":false,"path_per_floor":["R","M","M","$","M","M","T","R","E","M","E","R","?","E","M","B",null,"R","?","?","M","$","R","T","M","?","E","M","M","R","M","M","B",null,"R","M","M","M","?","E","T","?","E","M","R","$","?","M","M","B",null],"character_chosen":"THE_SPIRIT","items_purchased":["hexamod:GhostOfSpirePast","hexamod:ThirdSeal","hexamod:CatchUp","expansioncontent:YouAreMine","Oddly Smooth Stone"],"campfire_rested":0,"item_purchase_floors":[4,22,22,22,22],"current_hp_per_floor":[77,77,77,73,73,71,71,71,67,58,56,56,56,54,54,2,79,79,79,79,79,81,81,91,90,64,25,26,35,35,28,30,17,99,109,104,93,65,65,64,64,64,35,28,55,47,44,44,40,135],"gold":313,"neow_bonus":"TEN_PERCENT_HP_BONUS","is_daily":false,"chose_seed":false,"campfire_upgraded":7,"win_rate":0.0,"timestamp":1609636843,"path_taken":["R","M","M","$","?","M","T","R","E","M","E","R","?","E","M","BOSS","R","?","?","M","$","R","T","M","?","E","?","M","R","M","M","BOSS","R","M","M","M","?","E","T","?","E","M","R","$","?","M","M","BOSS"],"items_purchased_type":["Card","Card","Card","Card","Relic"],"build_version":"2020-12-22","purchased_purges":1,"victory":true,"max_hp_per_floor":[77,77,77,77,77,77,77,77,77,79,79,79,79,79,79,79,79,79,79,79,79,81,81,91,93,93,93,93,95,95,95,99,99,99,109,111,111,113,113,115,115,115,115,115,115,117,121,125,125,135],"card_choices":[{"not_picked":["hexamod:NecessarySacrifice","hexamod:InspiringFlames"],"picked":"hexamod:ChargedBarrage","floor":2.0},{"not_picked":["hexamod:SwordOfDarkness","hexamod:InspiringFlames"],"picked":"hexamod:SoulSteal","floor":3.0},{"not_picked":["hexamod:ShieldOfDarkness","hexamod:InspiringFlames"],"picked":"hexamod:SpectralAdrenaline","floor":4.0},{"not_picked":["hexamod:GhostShield","hexamod:BurningTouch"],"picked":"hexamod:RainOfEmbers","floor":5.0},{"not_picked":["hexamod:PhantomCloak","hexamod:AdvancingGuard","hexamod:ThermalTransfer"],"picked":"SKIP","floor":6.0},{"not_picked":["hexamod:ShieldOfDarkness","hexamod:RainOfEmbers"],"picked":"hexamod:GhostflameInferno","floor":9.0},{"not_picked":["hexamod:AdvancingGuard","hexamod:ShieldOfDarkness","hexamod:SpectersWail"],"picked":"Singing Bowl","floor":10.0},{"not_picked":["hexamod:SpectralAdrenaline","hexamod:GhostShield"],"picked":"hexamod:RetreatToShadows","floor":11.0},{"not_picked":["hexamod:BacktrackSmack","hexamod:RainOfEmbers"],"picked":"hexamod:HeatCrush","floor":14.0},{"not_picked":["hexamod:StepThrough","hexamod:ChargedBarrage"],"picked":"hexamod:FirstSeal","floor":15.0},{"not_picked":["hexamod:TimeOfNeed","hexamod:UnleashSpirits"],"picked":"hexamod:HexaLevel","floor":16.0},{"not_picked":["hexamod:SwordOfDarkness","hexamod:DynamicBlow"],"picked":"hexamod:HeatMetal+1","floor":21.0},{"not_picked":["hexamod:EtherealExpedition","hexamod:NightmareStrike+1","hexamod:Firestarter"],"picked":"Singing Bowl","floor":22.0},{"not_picked":["hexamod:AdvancingGuard","hexamod:ChargedBarrage"],"picked":"hexamod:Rewind","floor":25.0},{"not_picked":["hexamod:NightmareStrike","hexamod:ThermalTransfer","hexamod:HauntingEcho+1"],"picked":"Singing Bowl","floor":25.0},{"not_picked":["hexamod:GhostShield","hexamod:ChargedBarrage"],"picked":"hexamod:GhostflameInferno","floor":27.0},{"not_picked":["hexamod:Firestarter+1","hexamod:RainOfEmbers"],"picked":"hexamod:PhantomFireball","floor":28.0},{"not_picked":["hexamod:RecurringNightmare","hexamod:AdvancingGuard"],"picked":"hexamod:FourthSeal","floor":29.0},{"not_picked":["hexamod:SwordOfDarkness","hexamod:NightmareGuise","hexamod:SpectersWail"],"picked":"Singing Bowl","floor":29.0},{"not_picked":["hexamod:HeatCrush","hexamod:RainOfEmbers"],"picked":"hexamod:PhantomCloak","floor":31.0},{"not_picked":["hexamod:RecurringNightmare","hexamod:FastForward"],"picked":"hexamod:Rewind+1","floor":31.0},{"not_picked":["hexamod:HauntingEcho","hexamod:ShieldOfDarkness","hexamod:BacktrackSmack+1"],"picked":"Singing Bowl","floor":32.0},{"not_picked":["hexamod:GhostShield","hexamod:FastForward","hexamod:RainOfEmbers+1"],"picked":"Singing Bowl","floor":32.0},{"not_picked":["hexamod:TimeOfNeed","hexamod:TurnItUp"],"picked":"hexamod:FifthSeal","floor":33.0},{"not_picked":["hexamod:EmpoweringStance","hexamod:TurnItUp"],"picked":"hexamod:TimeOfNeed","floor":33.0},{"not_picked":["hexamod:FourthSeal","hexamod:FirstSeal","hexamod:ThirdSeal"],"picked":"Singing Bowl","floor":36},{"not_picked":["hexamod:NecessarySacrifice+1","hexamod:SecondSeal"],"picked":"hexamod:EmpoweredFlame+1","floor":36},{"not_picked":["hexamod:FirstSeal","hexamod:TurnItUp"],"picked":"hexamod:RadiantFlame+1","floor":37},{"not_picked":["hexamod:FirstSeal","hexamod:ThirdSeal"],"picked":"hexamod:SixthSeal","floor":38},{"not_picked":["hexamod:Firestarter","hexamod:BurningTouch+1"],"picked":"hexamod:Rewind+1","floor":38},{"not_picked":["hexamod:ThermalTransfer+1","hexamod:RainOfEmbers","hexamod:BacktrackSmack+1"],"picked":"Singing Bowl","floor":38},{"not_picked":["expansioncontent:AwakenDeath","expansioncontent:Flail"],"picked":"expansioncontent:Chronoboost","floor":39},{"not_picked":["hexamod:GhostShield","hexamod:SwordOfDarkness"],"picked":"hexamod:RadiantFlame+1","floor":40},{"not_picked":["hexamod:SixthSeal","hexamod:FirstSeal","hexamod:FourthSeal"],"picked":"Singing Bowl","floor":40},{"not_picked":["hexamod:CrushingStance","hexamod:GhostflameInferno"],"picked":"hexamod:AdvancingGuard+1","floor":40},{"not_picked":["hexamod:GhostOfSpirePresent+1","hexamod:NightmareStrike+1"],"picked":"hexamod:TimeOfNeed","floor":43},{"not_picked":["hexamod:FourthSeal","hexamod:FirstSeal"],"picked":"hexamod:SecondSeal","floor":43},{"not_picked":["hexamod:RainOfEmbers","hexamod:SearingWound"],"picked":"hexamod:HeatCrush+1","floor":43},{"not_picked":["hexamod:NightmareStrike","hexamod:Firestarter+1"],"picked":"hexamod:AdvancingGuard+1","floor":44},{"not_picked":["hexamod:AdvancingGuard","hexamod:TimeOfNeed"],"picked":"hexamod:Hexaguard+1","floor":46},{"not_picked":["hexamod:Incineration","hexamod:NightmareStrike","hexamod:GhostShield"],"picked":"Singing Bowl","floor":46},{"not_picked":["hexamod:BacktrackSmack+1","hexamod:ExtraCrispy","hexamod:ThermalTransfer+1"],"picked":"Singing Bowl","floor":47},{"not_picked":["hexamod:GhostLash","hexamod:Firestarter+1","hexamod:ThermalTransfer"],"picked":"Singing Bowl","floor":47},{"not_picked":["hexamod:FourthSeal","hexamod:BurningTouch+1","hexamod:EmpoweredFlame+1"],"picked":"Singing Bowl","floor":48},{"not_picked":["hexamod:BurningTouch+1","hexamod:FirstSeal","hexamod:ShieldOfDarkness"],"picked":"Singing Bowl","floor":48},{"not_picked":["hexamod:ChargedBarrage+1","hexamod:GhostOfSpirePast"],"picked":"hexamod:NightmareGuise+1","floor":49},{"not_picked":["hexamod:ShieldOfDarkness+1","hexamod:AdvancingGuard"],"picked":"hexamod:GhostflameBarrier+1","floor":49}],"player_experience":400995,"relics_obtained":[{"floor":9.0,"key":"Singing Bowl"},{"floor":11.0,"key":"Toy Ornithopter"},{"floor":14.0,"key":"TungstenRod"},{"floor":24.0,"key":"Pear"},{"floor":27.0,"key":"Pocketwatch"},{"floor":40,"key":"Orichalcum"},{"floor":41,"key":"Eternal Feather"},{"floor":43,"key":"PreservedInsect"},{"floor":47,"key":"Shovel"}],"event_choices":[{"damage_healed":0.0,"max_hp_gain":0.0,"max_hp_loss":0.0,"gold_gain":0.0,"event_name":"Back to Basics","player_choice":"Simplicity","floor":19.0,"gold_loss":0.0,"damage_taken":0.0,"cards_upgraded":["hexamod:Strike","hexamod:Strike","hexamod:Strike","hexamod:Strike","hexamod:Defend","hexamod:Defend","hexamod:Defend","hexamod:Defend"]},{"damage_healed":0,"gold_gain":0,"player_choice":"Fight","damage_taken":0,"max_hp_gain":0,"max_hp_loss":0,"event_name":"Mysterious Sphere","floor":47,"gold_loss":0}],"is_beta":false,"boss_relics":[{"not_picked":["Fusion Hammer","Tiny House"],"picked":"hexamod:IceCube"},{"not_picked":["Runic Dome","Black Star"],"picked":"Cursed Key"}],"items_purged_floors":[46],"is_endless":false,"potions_floor_spawned":[2,10,15,16,27,28,31,44,48,49],"ascension_level":0}}