{"host":"udyc8f81k2jocuhg","time":1609696709,"event":{"mods":["2.2 Compatiblity","BaseMod","Better Third Choice","Colored Powertips","Conspire","Custom Start","GifTheSpireLib","Hermit","Minty Spire (QoL Compilation)","Permanent Neow","Quick Restart","Relic Filter","Relic Stats","Replay The Spire","Shop Mod","Spikes Relics","StSLib","Stuff the Spire"],"gold_per_floor":[367,367,64,75,94,94,112,140,140,171,189,208,234,249,249,323,323,340,358,358,358],"floor_reached":20,"playtime":1282,"items_purged":[],"score":372,"play_id":"29340386-6997-4903-85f5-daafdc19ab9b","local_time":"20210103185829","is_ascension_mode":true,"campfire_choices":[{"data":"conspire:Banana","floor":6.0,"key":"SMITH"},{"floor":15.0,"key":"REST"}],"circlet_count":0,"master_deck":["AscendersBane","Strike_G","Strike_G","Defend_G","Defend_G","Defend_G","Defend_G","Defend_G","Survivor","Neutralize","Cloak And Dagger","Sadistic Nature","conspire:Banana+1","Dash","Sucker Punch","Infinite Blades","Poisoned Stab","A Thousand Cuts","Accuracy","Terror","Wraith Form v2","Backflip","Deadly Poison+1","Night Terror+1","Storm of Steel+1","ReplayTheSpireMod:Speed Training","Footwork"],"relics":["Sizzling Blood","Blue Doll","The Courier","SpikesRelics:DaevaFist","conspire:GiftBox","Astrolabe"],"acts_visited":["Exordium","TheCity"],"potions_floor_usage":[20],"damage_taken":[{"damage":0.0,"enemies":"Jaw Worm","floor":1.0,"turns":7.0},{"damage":1.0,"enemies":"Cultist","floor":4.0,"turns":4.0},{"damage":0.0,"enemies":"2 Louse","floor":5.0,"turns":3.0},{"damage":0.0,"enemies":"Blue Slaver","floor":7.0,"turns":3.0},{"damage":30.0,"enemies":"3 Sentries","floor":8.0,"turns":10.0},{"damage":12.0,"enemies":"Gremlin Nob","floor":10.0,"turns":4.0},{"damage":7.0,"enemies":"Large Slime","floor":11.0,"turns":6.0},{"damage":11.0,"enemies":"Exordium Wildlife","floor":12.0,"turns":6.0},{"damage":12.0,"enemies":"Lagavulin","floor":13.0,"turns":7.0},{"damage":17.0,"enemies":"Lots of Slimes","floor":14.0,"turns":5.0},{"damage":41.0,"enemies":"Fading Forest","floor":16.0,"turns":11.0},{"damage":20.0,"enemies":"Shell Parasite","floor":18.0,"turns":7.0},{"damage":43.0,"enemies":"conspire:FuzzyDice","floor":19.0,"turns":12.0},{"damage":21,"enemies":"Snake Plant","floor":20,"turns":6}],"seed_played":"-2738928757574040542","potions_obtained":[{"floor":5.0,"key":"Cursed Concoction"},{"floor":7.0,"key":"Languid Potion"},{"floor":10.0,"key":"Dexterity Potion"}],"is_trial":false,"path_per_floor":["M","?","$","M","M","R","M","E","T","E","M","M","E","M","R","B",null,"M","M","M"],"character_chosen":"THE_SILENT","items_purchased":["Sadistic Nature","conspire:Banana","Dash"],"campfire_rested":1,"item_purchase_floors":[3,3,3],"current_hp_per_floor":[59,63,63,65,66,66,68,44,44,38,37,32,26,15,39,12,65,51,14,0,0],"gold":358,"neow_bonus":"TWO_FIFTY_GOLD","is_daily":false,"chose_seed":false,"campfire_upgraded":1,"win_rate":0.0,"timestamp":1609696709,"path_taken":["M","?","$","M","M","R","M","E","T","E","M","M","E","M","R","BOSS","M","M","M"],"items_purchased_type":["Card","Card","Card"],"build_version":"2020-12-22","purchased_purges":0,"victory":false,"max_hp_per_floor":[60,64,64,65,66,66,68,70,70,72,74,76,78,80,80,82,82,84,86,88,88],"relic_stats":{"counters":[14,91],"Astrolabe":["Deadly Poison","Night Terror","Storm of Steel"],"obtain_stats":[{"conspire:GiftBox":13,"Astrolabe":17,"Blue Doll":8,"The Courier":9,"Sizzling Blood":2,"SpikesRelics:DaevaFist":10,"Ring of the Snake":0},{"conspire:GiftBox":9,"Astrolabe":11,"Blue Doll":5,"The Courier":5,"Sizzling Blood":1,"SpikesRelics:DaevaFist":6,"Ring of the Snake":0},{"conspire:GiftBox":50,"Astrolabe":66,"Blue Doll":27,"The Courier":27,"Sizzling Blood":7,"SpikesRelics:DaevaFist":31,"Ring of the Snake":0}]},"card_choices":[{"not_picked":["Poisoned Stab","Sucker Punch"],"picked":"Cloak And Dagger","floor":1.0},{"not_picked":["Dagger Throw","Slice"],"picked":"Sucker Punch","floor":4.0},{"not_picked":["Underhanded Strike","Choke"],"picked":"Infinite Blades","floor":5.0},{"not_picked":["Backstab","ReplayTheSpireMod:The Works"],"picked":"Poisoned Stab","floor":7.0},{"not_picked":["StuffTheSpire:Python","Slice","Prepared"],"picked":"SKIP","floor":8.0},{"not_picked":["Acrobatics","Deadly Poison"],"picked":"A Thousand Cuts","floor":10.0},{"not_picked":["Tactician","Dagger Spray"],"picked":"Accuracy","floor":11.0},{"not_picked":["StuffTheSpire:Injection","Choke"],"picked":"Terror","floor":12.0},{"not_picked":["Doppelganger","Unload"],"picked":"Wraith Form v2","floor":13.0},{"not_picked":["PiercingWail","Choke"],"picked":"Backflip","floor":13.0},{"not_picked":["Outmaneuver","Bane","StuffTheSpire:ClusterCrunch"],"picked":"SKIP","floor":14.0},{"not_picked":["All Out Attack","Acrobatics"],"picked":"ReplayTheSpireMod:Speed Training","floor":18.0},{"not_picked":["Outmaneuver","Fluid Movement"],"picked":"Footwork","floor":19.0}],"player_experience":1939963,"relics_obtained":[{"floor":8.0,"key":"Blue Doll"},{"floor":9.0,"key":"The Courier"},{"floor":10.0,"key":"SpikesRelics:DaevaFist"},{"floor":13.0,"key":"conspire:GiftBox"}],"event_choices":[],"is_beta":false,"boss_relics":[{"not_picked":["Replay:Wanted Poster","SacredBark"],"picked":"Astrolabe"}],"items_purged_floors":[],"is_endless":false,"potions_floor_spawned":[5,7,10,12,13,18],"killed_by":"Snake Plant","ascension_level":15}}