{"host":"pf5oese4ka0eje7d","time":1609667334,"event":{"mods":["AchievementEnabler","BaseMod","Colored Map","Minty Spire (QoL Compilation)","StSLib","SuperFastMode"],"gold_per_floor":[109,109,109,64,77,107,127,127,197,197,94,109,119,131,131,235,235,251,251,262,262,262],"floor_reached":21,"playtime":680,"items_purged":["Perfected Strike"],"score":278,"play_id":"01436fa5-acb9-46bf-a6fa-28a3e5b06ada","local_time":"20210103104854","is_ascension_mode":true,"campfire_choices":[{"floor":8,"key":"REST"},{"data":"Armaments","floor":10,"key":"SMITH"},{"data":"Armaments","floor":15,"key":"SMITH"}],"circlet_count":0,"master_deck":["Strike_R+1","Strike_R+1","Strike_R","Strike_R","Strike_R+1","Defend_R+1","Defend_R","Defend_R","Bash","Armaments+1","Searing Blow","Twin Strike","Armaments+1","Armaments","Armaments","Inflame"],"relics":["Burning Blood","Whetstone","Smiling Mask","Question Card","Sozu"],"acts_visited":["Exordium","TheCity"],"potions_floor_usage":[16,16,16],"damage_taken":[{"damage":5,"enemies":"2 Louse","floor":1,"turns":3},{"damage":7,"enemies":"Jaw Worm","floor":5,"turns":4},{"damage":34,"enemies":"3 Sentries","floor":6,"turns":11},{"damage":1,"enemies":"Cultist","floor":7,"turns":3},{"damage":9,"enemies":"Red Slaver","floor":12,"turns":3},{"damage":4,"enemies":"Exordium Thugs","floor":13,"turns":6},{"damage":12,"enemies":"Large Slime","floor":14,"turns":9},{"damage":44,"enemies":"The Guardian","floor":16,"turns":20},{"damage":7,"enemies":"Chosen","floor":18,"turns":6},{"damage":42,"enemies":"3 Byrds","floor":20,"turns":9},{"damage":28,"enemies":"Shelled Parasite and Fungi","floor":21,"turns":5}],"seed_played":"-4173555653680570650","potions_obtained":[{"floor":1,"key":"SteroidPotion"},{"floor":12,"key":"Weak Potion"},{"floor":14,"key":"SkillPotion"}],"is_trial":false,"path_per_floor":["M","?","?","$","M","E","M","R","T","R","$","M","M","M","R","B",null,"M","?","M","M"],"character_chosen":"IRONCLAD","items_purchased":["Armaments","Twin Strike"],"campfire_rested":1,"item_purchase_floors":[4,11],"current_hp_per_floor":[73,73,57,57,56,28,33,57,57,57,57,54,56,50,50,12,63,62,62,26,0,0],"gold":262,"neow_bonus":"RANDOM_COMMON_RELIC","is_daily":false,"chose_seed":false,"campfire_upgraded":2,"win_rate":0.0,"timestamp":1609667334,"path_taken":["M","?","?","$","M","E","M","R","T","R","?","?","M","M","R","BOSS","M","?","?","M"],"items_purchased_type":["Card","Card"],"build_version":"2020-12-22","purchased_purges":1,"victory":false,"max_hp_per_floor":[80,80,80,80,80,80,80,80,80,80,80,80,80,80,80,80,80,80,80,80,80,80],"card_choices":[{"not_picked":["True Grit","Sword Boomerang"],"picked":"Perfected Strike","floor":1},{"not_picked":["Warcry","Dropkick","Second Wind"],"picked":"SKIP","floor":5},{"not_picked":["Evolve","Offering","Clothesline"],"picked":"SKIP","floor":6},{"not_picked":["Pummel","Clash"],"picked":"Searing Blow","floor":7},{"not_picked":["Seeing Red","Iron Wave","True Grit"],"picked":"Armaments","floor":12},{"not_picked":["Impervious","Cleave","Shrug It Off"],"picked":"Armaments","floor":13},{"not_picked":["Burning Pact","True Grit","Thunderclap"],"picked":"Armaments","floor":14},{"not_picked":["Pummel","Rampage+1","Iron Wave+1","Clash"],"picked":"SKIP","floor":18},{"not_picked":["Iron Wave","Entrench+1","Pommel Strike","Shockwave+1"],"picked":"SKIP","floor":20}],"player_experience":309727,"relics_obtained":[{"floor":6,"key":"Smiling Mask"},{"floor":9,"key":"Question Card"}],"event_choices":[{"damage_healed":0,"gold_gain":0,"player_choice":"Leave","damage_taken":0,"max_hp_gain":0,"max_hp_loss":0,"event_name":"The Cleric","floor":2,"gold_loss":0},{"damage_healed":0,"gold_gain":0,"player_choice":"Entered Light","damage_taken":16,"max_hp_gain":0,"max_hp_loss":0,"event_name":"Shining Light","floor":3,"gold_loss":0,"cards_upgraded":["Strike_R","Defend_R"]},{"damage_healed":0,"gold_gain":0,"cards_transformed":["Defend_R"],"player_choice":"Transformed","damage_taken":0,"max_hp_gain":0,"max_hp_loss":0,"event_name":"Transmorgrifier","floor":19,"gold_loss":0,"cards_obtained":["Inflame"]}],"is_beta":false,"boss_relics":[{"not_picked":["Empty Cage","Astrolabe"],"picked":"Sozu"}],"items_purged_floors":[11],"is_endless":false,"potions_floor_spawned":[1,12,14,20],"killed_by":"Shelled Parasite and Fungi","ascension_level":8}}