{"host":"2e3z4r48quhw80cc","time":1609679267,"event":{"mods":["BaseMod","Minty Spire (QoL Compilation)","Quick Restart","StSLib","SuperFastMode"],"gold_per_floor":[112,287,237,256,256,291,291,291,314,349,359,359,359,359,359,456,456,475,475,495,236,236,236,236,236,236,252,268,281,306,306,306,410,410,420,420,177,177,192,192,209,209,259,259,275,126,126,144,144,144],"floor_reached":51,"playtime":1597,"items_purged":["Defend_B","Pain"],"score":972,"play_id":"059e4d08-fa2b-4279-a9df-1fd42e2b0718","local_time":"20210103220747","is_ascension_mode":true,"campfire_choices":[{"data":"Chaos","floor":8.0,"key":"SMITH"},{"data":"White Noise","floor":12.0,"key":"SMITH"},{"data":"Zap","floor":15.0,"key":"SMITH"},{"data":"Rainbow","floor":23.0,"key":"SMITH"},{"data":"Buffer","floor":25.0,"key":"SMITH"},{"floor":32.0,"key":"REST"},{"data":"Creative AI","floor":40.0,"key":"SMITH"},{"floor":42.0,"key":"REST"},{"data":"Fission","floor":49.0,"key":"SMITH"}],"circlet_count":0,"master_deck":["Defend_B+1","Zap+1","Dualcast","White Noise+1","Ball Lightning+1","Chaos+1","BootSequence","Buffer+1","Compile Driver","Static Discharge","Rainbow+1","White Noise+1","Conserve Battery","Auto Shields","Self Repair","Creative AI+1","Fission+1","Capacitor+1","Consume","Doom and Gloom+1","Recycle+1","Go for the Eyes+1","Buffer+1","Leap"],"relics":["Cracked Core","NeowsBlessing","Question Card","Juzu Bracelet","Happy Flower","Philosopher\u0027s Stone","DollysMirror","Pantograph","Ancient Tea Set","Inserter","WarpedTongs","Orrery","Bag of Preparation","Toolbox","Pear"],"acts_visited":["Exordium","TheCity","TheBeyond"],"potions_floor_usage":[50,50,50,50,50],"damage_taken":[{"damage":0.0,"enemies":"Small Slimes","floor":1.0,"turns":1.0},{"damage":0.0,"enemies":"2 Louse","floor":4.0,"turns":1.0},{"damage":0.0,"enemies":"Gremlin Nob","floor":6.0,"turns":1.0},{"damage":8.0,"enemies":"Lagavulin","floor":10.0,"turns":7.0},{"damage":0.0,"enemies":"Cultist","floor":11.0,"turns":4.0},{"damage":9.0,"enemies":"Slime Boss","floor":16.0,"turns":8.0},{"damage":10.0,"enemies":"2 Thieves","floor":18.0,"turns":4.0},{"damage":0.0,"enemies":"Chosen","floor":20.0,"turns":3.0},{"damage":0.0,"enemies":"Snake Plant","floor":27.0,"turns":3.0},{"damage":14.0,"enemies":"Shelled Parasite and Fungi","floor":28.0,"turns":5.0},{"damage":11.0,"enemies":"Chosen and Byrds","floor":29.0,"turns":5.0},{"damage":21.0,"enemies":"Slavers","floor":30.0,"turns":6.0},{"damage":2.0,"enemies":"Champ","floor":33.0,"turns":10.0},{"damage":6.0,"enemies":"3 Shapes","floor":35.0,"turns":3.0},{"damage":53.0,"enemies":"3 Darklings","floor":39.0,"turns":4.0},{"damage":12.0,"enemies":"Sphere and 2 Shapes","floor":41.0,"turns":5.0},{"damage":0.0,"enemies":"Jaw Worm Horde","floor":45.0,"turns":1.0},{"damage":0.0,"enemies":"Transient","floor":48.0,"turns":5.0},{"damage":78,"enemies":"Awakened One","floor":50,"turns":9}],"seed_played":"-6704696082411037700","potions_obtained":[{"floor":1.0,"key":"DistilledChaos"},{"floor":7.0,"key":"Fruit Juice"},{"floor":7.0,"key":"DistilledChaos"},{"floor":7.0,"key":"FocusPotion"},{"floor":20.0,"key":"SpeedPotion"},{"floor":33.0,"key":"EssenceOfSteel"},{"floor":41.0,"key":"EntropicBrew"}],"is_trial":false,"path_per_floor":["M","?","?","M","?","E","?","R","T","E","M","R","?","?","R","B",null,"M","?","M","$","?","R","?","R","T","M","M","M","E","?","R","B",null,"M","?","$","?","M","R","M","R","T","?","M","$","T","M","R","B",null],"character_chosen":"DEFECT","items_purchased":["DollysMirror","Conserve Battery","Orrery","Toolbox"],"campfire_rested":2,"item_purchase_floors":[21,21,37,46],"current_hp_per_floor":[68,68,68,68,61,61,66,66,66,58,58,58,58,42,42,33,68,58,58,58,58,58,58,58,58,58,58,44,40,26,26,50,80,80,80,80,80,80,37,37,32,56,56,56,63,63,73,80,80,19],"gold":144,"neow_bonus":"THREE_ENEMY_KILL","is_daily":false,"chose_seed":false,"campfire_upgraded":7,"win_rate":0.0,"timestamp":1609679267,"path_taken":["M","?","?","M","?","E","?","R","T","E","M","R","?","?","R","BOSS","M","?","M","$","?","R","?","R","T","M","M","M","E","?","R","BOSS","M","?","?","?","M","R","M","R","T","?","M","?","?","M","R","BOSS"],"items_purchased_type":["Relic","Card","Relic","Relic"],"build_version":"2020-12-22","purchased_purges":2,"victory":true,"max_hp_per_floor":[75,75,75,75,75,75,80,80,80,80,80,80,80,80,80,80,80,80,80,80,80,80,80,80,80,80,80,80,80,80,80,80,80,80,80,80,80,80,80,80,80,80,80,80,80,80,90,90,90,90],"card_choices":[{"not_picked":["Blizzard","Capacitor"],"picked":"White Noise","floor":1.0},{"not_picked":["Rebound","Skim"],"picked":"Ball Lightning","floor":4.0},{"not_picked":["Scrape","FTL"],"picked":"Chaos","floor":6.0},{"not_picked":["Gash","Skim","Hello World"],"picked":"BootSequence","floor":10.0},{"not_picked":["Beam Cell","Turbo","Stack","Go for the Eyes"],"picked":"SKIP","floor":11.0},{"not_picked":["Seek","Reboot","Hyperbeam"],"picked":"Buffer","floor":16.0},{"not_picked":["Go for the Eyes","Barrage","Hologram","Redo"],"picked":"SKIP","floor":18.0},{"not_picked":["Conserve Battery","Gash","Turbo"],"picked":"Rainbow","floor":20.0},{"not_picked":["Auto Shields","Static Discharge","Barrage","Rebound"],"picked":"SKIP","floor":27.0},{"not_picked":["Static Discharge","Barrage","Rebound"],"picked":"Auto Shields","floor":27.0},{"not_picked":["FTL","Rebound+1","Conserve Battery"],"picked":"Self Repair","floor":28.0},{"not_picked":["Fusion","Go for the Eyes","Turbo","Rebound"],"picked":"SKIP","floor":29.0},{"not_picked":["Steam","Force Field","Reboot"],"picked":"Creative AI","floor":30.0},{"not_picked":["Rainbow","Machine Learning","Thunder Strike"],"picked":"Fission","floor":33.0},{"not_picked":["Conserve Battery+1","Darkness+1","Cold Snap"],"picked":"Capacitor+1","floor":35.0},{"not_picked":["Ball Lightning","Rebound","Barrage"],"picked":"Consume","floor":37.0},{"not_picked":["Barrage","Electrodynamics","Go for the Eyes+1"],"picked":"Doom and Gloom+1","floor":37.0},{"not_picked":["Loop","Conserve Battery","Undo"],"picked":"Recycle+1","floor":37.0},{"not_picked":["Reprogram+1","Hologram+1","Aggregate"],"picked":"Go for the Eyes+1","floor":37.0},{"not_picked":["Leap","Hello World","Tempest","Barrage+1"],"picked":"SKIP","floor":39.0},{"not_picked":["Sunder+1","BootSequence+1","Ball Lightning+1","Conserve Battery+1"],"picked":"SKIP","floor":41.0},{"not_picked":["Leap+1","Genetic Algorithm","Coolheaded","Meteor Strike"],"picked":"SKIP","floor":45.0},{"not_picked":["Rip and Tear+1","Chill","Steam+1","Auto Shields"],"picked":"SKIP","floor":48.0}],"player_experience":33244,"relics_obtained":[{"floor":6.0,"key":"Question Card"},{"floor":9.0,"key":"Juzu Bracelet"},{"floor":10.0,"key":"Happy Flower"},{"floor":26.0,"key":"Pantograph"},{"floor":30.0,"key":"Ancient Tea Set"},{"floor":43.0,"key":"Bag of Preparation"},{"floor":47.0,"key":"Pear"}],"event_choices":[{"damage_healed":0.0,"max_hp_gain":0.0,"max_hp_loss":0.0,"gold_gain":175.0,"event_name":"Liars Game","player_choice":"AGREE","floor":2.0,"gold_loss":0.0,"damage_taken":0.0,"cards_obtained":["Doubt"]},{"cards_removed":["Doubt"],"damage_healed":0.0,"max_hp_gain":0.0,"max_hp_loss":0.0,"gold_gain":0.0,"event_name":"The Cleric","player_choice":"Card Removal","floor":3.0,"gold_loss":50.0,"damage_taken":0.0},{"cards_removed":["Strike_B"],"damage_healed":0.0,"max_hp_gain":0.0,"max_hp_loss":0.0,"gold_gain":0.0,"event_name":"Golden Wing","player_choice":"Card Removal","floor":5.0,"gold_loss":0.0,"damage_taken":7.0},{"damage_healed":0.0,"max_hp_gain":0.0,"max_hp_loss":0.0,"gold_gain":0.0,"event_name":"Lab","player_choice":"Got Potions","floor":7.0,"gold_loss":0.0,"damage_taken":0.0},{"damage_healed":0.0,"max_hp_gain":0.0,"max_hp_loss":0.0,"gold_gain":0.0,"event_name":"The Woman in Blue","player_choice":"Bought 0 Potions","floor":13.0,"gold_loss":0.0,"damage_taken":0.0},{"damage_healed":0.0,"max_hp_gain":0.0,"max_hp_loss":0.0,"gold_gain":0.0,"event_name":"Shining Light","player_choice":"Entered Light","floor":14.0,"gold_loss":0.0,"damage_taken":16.0,"cards_upgraded":["Ball Lightning","Defend_B"]},{"damage_healed":0.0,"max_hp_gain":0.0,"max_hp_loss":0.0,"gold_gain":0.0,"cards_transformed":["Strike_B","Strike_B"],"event_name":"Drug Dealer","player_choice":"Became Test Subject","floor":19.0,"gold_loss":0.0,"damage_taken":0.0,"cards_obtained":["Compile Driver","Static Discharge"]},{"damage_healed":0.0,"max_hp_gain":0.0,"max_hp_loss":0.0,"gold_gain":0.0,"event_name":"Vampires","player_choice":"Ignored","floor":22.0,"gold_loss":0.0,"damage_taken":0.0},{"cards_removed":["Strike_B"],"damage_healed":0.0,"max_hp_gain":0.0,"max_hp_loss":0.0,"gold_gain":0.0,"event_name":"Back to Basics","player_choice":"Elegance","floor":24.0,"gold_loss":0.0,"damage_taken":0.0},{"cards_removed":["Defend_B"],"damage_healed":0.0,"max_hp_gain":0.0,"max_hp_loss":0.0,"gold_gain":0.0,"event_name":"Bonfire Elementals","player_choice":"Offered Basic","floor":31.0,"gold_loss":0.0,"damage_taken":0.0},{"damage_healed":0.0,"max_hp_gain":0.0,"max_hp_loss":0.0,"gold_gain":0.0,"event_name":"Accursed Blacksmith","player_choice":"Rummage","floor":36.0,"gold_loss":0.0,"damage_taken":0.0,"relics_obtained":["WarpedTongs"],"cards_obtained":["Pain"]},{"damage_healed":0.0,"max_hp_gain":0.0,"max_hp_loss":0.0,"gold_gain":0.0,"event_name":"Duplicator","player_choice":"Copied","floor":38.0,"gold_loss":0.0,"damage_taken":0.0,"cards_obtained":["Buffer"]},{"damage_healed":0.0,"max_hp_gain":0.0,"max_hp_loss":0.0,"gold_gain":0.0,"cards_transformed":["Defend_B"],"event_name":"Transmorgrifier","player_choice":"Transformed","floor":44.0,"gold_loss":0.0,"damage_taken":0.0,"cards_obtained":["Leap"]}],"is_beta":false,"boss_relics":[{"not_picked":["Ectoplasm","Snecko Eye"],"picked":"Philosopher\u0027s Stone"},{"not_picked":["Astrolabe","Busted Crown"],"picked":"Inserter"}],"items_purged_floors":[21,37],"is_endless":false,"potions_floor_spawned":[1,10,11,20,33,41,48],"ascension_level":7}}