{"host":"sum4dy402bbv9y4o","time":1609639622,"event":{"mods":["Aspiration","BaseMod","Conspire","Highlight Path","Minty Spire (QoL Compilation)","StSLib"],"gold_per_floor":[115,5,5,5,18,50,50,50,103,132,14,42,60,74,74,148,148,166,0,0,0,18,18,18],"floor_reached":23,"playtime":671,"items_purged":["Strike_B"],"score":414,"play_id":"27df79de-94ed-42f5-96bc-38a5e028d94e","local_time":"20210103050702","is_ascension_mode":true,"campfire_choices":[{"floor":7,"key":"REST"},{"floor":15,"key":"REST"}],"circlet_count":0,"master_deck":["AscendersBane","Defend_B","Defend_B","Defend_B","Zap","Dualcast","Beam Cell","Ball Lightning","Conserve Battery","Die Die Die","Blur","conspire:SharedLibrary","Coolheaded","Melter","Lockon","Creative AI","Chill","Lockon","Electrodynamics","Ball Lightning","Self Repair+1"],"relics":["Cracked Core","aspiration:Nostalgia","PureWater","Unceasing Top","Art of War","aspiration:Lifesprig","Strawberry","Empty Cage","Toy Ornithopter"],"acts_visited":["Exordium","TheCity"],"potions_floor_usage":[10,10,16,16,23],"damage_taken":[{"damage":4,"enemies":"Jaw Worm","floor":1,"turns":3},{"damage":0,"enemies":"Small Slimes","floor":5,"turns":2},{"damage":39,"enemies":"Gremlin Nob","floor":6,"turns":4},{"damage":18,"enemies":"Lagavulin","floor":10,"turns":5},{"damage":2,"enemies":"Gremlin Nob","floor":12,"turns":3},{"damage":0,"enemies":"Cultist","floor":13,"turns":2},{"damage":2,"enemies":"3 Louse","floor":14,"turns":4},{"damage":38,"enemies":"Slime Boss","floor":16,"turns":7},{"damage":25,"enemies":"Chosen","floor":18,"turns":6},{"damage":6,"enemies":"3 Byrds","floor":22,"turns":2},{"damage":36,"enemies":"Slavers","floor":23,"turns":2}],"seed_played":"645688024740472438","potions_obtained":[{"floor":1,"key":"Weak Potion"},{"floor":6,"key":"PotionOfCapacity"},{"floor":12,"key":"Strength Potion"},{"floor":14,"key":"AttackPotion"},{"floor":16,"key":"SteroidPotion"}],"is_trial":false,"path_per_floor":["M","$","?","?","M","E","R","?","T","E","$","E","M","M","R","B",null,"M","$","?","?","M","E"],"character_chosen":"DEFECT","items_purchased":["Ball Lightning","Conserve Battery","Lockon","Toy Ornithopter"],"campfire_rested":2,"item_purchase_floors":[2,2,11,19],"current_hp_per_floor":[60,60,60,56,56,17,38,38,38,20,20,25,25,23,46,8,61,36,36,36,36,30,0,0],"gold":18,"neow_bonus":"NOSTALGIA","is_daily":false,"chose_seed":false,"campfire_upgraded":0,"win_rate":0.0,"timestamp":1609639622,"path_taken":["M","$","?","?","M","E","R","?","T","E","$","E","M","M","R","BOSS","M","$","?","?","M","E"],"items_purchased_type":["Card","Card","Card","Relic"],"build_version":"2020-12-22","purchased_purges":1,"victory":false,"max_hp_per_floor":[71,71,71,71,71,71,71,71,71,71,71,78,78,78,78,78,78,78,78,78,78,78,78,78],"card_choices":[{"not_picked":["Hello World","Reinforced Body"],"picked":"Beam Cell","floor":1},{"not_picked":["Turbo","Darkness"],"picked":"conspire:SharedLibrary","floor":5},{"not_picked":["Skim","Heatsinks"],"picked":"Coolheaded","floor":6},{"not_picked":["FTL","Leap"],"picked":"Melter","floor":10},{"not_picked":["Loop","Sunder"],"picked":"Creative AI","floor":12},{"not_picked":["Leap","Hologram"],"picked":"Chill","floor":13},{"not_picked":["Leap","Force Field"],"picked":"Lockon","floor":14},{"not_picked":["Core Surge","Multi-Cast"],"picked":"Electrodynamics","floor":16},{"not_picked":["Melter","Rebound"],"picked":"Ball Lightning","floor":18},{"not_picked":["Scrape","Conserve Battery"],"picked":"Self Repair+1","floor":22}],"player_experience":2893089,"relics_obtained":[{"floor":6,"key":"Unceasing Top"},{"floor":9,"key":"Art of War"},{"floor":10,"key":"aspiration:Lifesprig"},{"floor":12,"key":"Strawberry"}],"event_choices":[{"damage_healed":0,"gold_gain":0,"player_choice":"Leave","damage_taken":0,"max_hp_gain":0,"max_hp_loss":0,"event_name":"conspire:Investor","floor":4,"gold_loss":0},{"damage_healed":0,"gold_gain":0,"player_choice":"Ignored","damage_taken":0,"max_hp_gain":0,"max_hp_loss":0,"event_name":"Golden Idol","floor":8,"gold_loss":0}],"is_beta":false,"boss_relics":[{"not_picked":["Nuclear Battery","Velvet Choker"],"picked":"Empty Cage"}],"items_purged_floors":[11],"is_endless":false,"potions_floor_spawned":[1,6,12,14,16],"killed_by":"Slavers","ascension_level":20}}