{"host":"6pfj0wha12yu6wq3","time":1609700229,"event":{"mods":["BaseMod","Colored Map","Colored Powertips","Curses Come First","DeckTracker","Minty Spire (QoL Compilation)","RNG Fix","Relic Sorter","Relic Stats","StSLib","ojb\u0027s Better Paths Mod","ojb\u0027s Info Mod"],"gold_per_floor":[117,136,150,168,183,183,212,212,212,212,225,251,251,289,289,384,384,400,418,418,437,437,467,467,492,492,505,525,538,573,280,280,354,354,371,389,181,181,200,225,241,257,338,366,382,413,433,451,451,451,451,451,451,40,67,67,67],"floor_reached":56,"playtime":5440,"items_purged":["Strike_G","Defend_G","Pain"],"score":2100,"play_id":"c4b914b8-4f1c-44f8-9124-6b561782659d","local_time":"20210103135709","is_ascension_mode":true,"campfire_choices":[{"data":"Predator","floor":6.0,"key":"SMITH"},{"floor":8.0,"key":"REST"},{"data":"Deadly Poison","floor":10.0,"key":"SMITH"},{"data":"Outmaneuver","floor":15,"key":"SMITH"},{"data":"Corpse Explosion","floor":24,"key":"SMITH"},{"data":"Outmaneuver","floor":32,"key":"SMITH"},{"floor":49,"key":"RECALL"},{"data":"Wraith Form v2","floor":53,"key":"SMITH"}],"circlet_count":0,"master_deck":["AscendersBane","Defend_G","Defend_G","Survivor","Neutralize","Quick Slash","Blade Dance","Deadly Poison+1","Predator+1","Terror","Underhanded Strike","Eviscerate","Phantasmal Killer","Outmaneuver+1","Corpse Explosion+1","Skewer+1","Well Laid Plans","Dagger Throw","Dash","Backflip","Outmaneuver+1","Tools of the Trade","Backflip+1","PiercingWail+1","Reflex+1","Acrobatics","Underhanded Strike+1","Wraith Form v2+1","Reflex+1","Outmaneuver+1","Backflip","Wraith Form v2"],"relics":["Snecko Eye","InkBottle","Sundial","Meat on the Bone","Art of War","Bloody Idol","Eternal Feather","Empty Cage","Mercury Hourglass","Pear","Frozen Eye","Astrolabe","Membership Card","WarpedTongs","Dream Catcher","Ninja Scroll","Gremlin Horn","Bag of Preparation","Medical Kit","Lantern","White Beast Statue"],"acts_visited":["Exordium","TheCity","TheBeyond","TheEnding"],"potions_floor_usage":[14,19,25,30,33,39,40,40,50,51,56,56],"damage_taken":[{"damage":0.0,"enemies":"Jaw Worm","floor":1.0,"turns":4.0},{"damage":0.0,"enemies":"2 Louse","floor":2.0,"turns":3.0},{"damage":0.0,"enemies":"Small Slimes","floor":3.0,"turns":3.0},{"damage":24.0,"enemies":"Exordium Wildlife","floor":4.0,"turns":6.0},{"damage":14.0,"enemies":"Blue Slaver","floor":5.0,"turns":5.0},{"damage":7.0,"enemies":"Lagavulin","floor":7.0,"turns":4.0},{"damage":1.0,"enemies":"Looter","floor":11.0,"turns":2.0},{"damage":11.0,"enemies":"3 Sentries","floor":12.0,"turns":7.0},{"damage":20,"enemies":"Gremlin Nob","floor":14,"turns":4},{"damage":22,"enemies":"The Guardian","floor":16,"turns":9},{"damage":0,"enemies":"Chosen","floor":18,"turns":3},{"damage":12,"enemies":"2 Thieves","floor":19,"turns":4},{"damage":19,"enemies":"Snake Plant","floor":21,"turns":3},{"damage":13,"enemies":"Gremlin Leader","floor":23,"turns":2},{"damage":40,"enemies":"Book of Stabbing","floor":25,"turns":4},{"damage":8,"enemies":"Snecko","floor":27,"turns":3},{"damage":7,"enemies":"3 Cultists","floor":28,"turns":3},{"damage":0,"enemies":"Chosen and Byrds","floor":29,"turns":3},{"damage":36,"enemies":"Slavers","floor":30,"turns":4},{"damage":32,"enemies":"Collector","floor":33,"turns":7},{"damage":7,"enemies":"3 Darklings","floor":35,"turns":3},{"damage":1,"enemies":"3 Shapes","floor":36,"turns":3},{"damage":58,"enemies":"Writhing Mass","floor":39,"turns":7},{"damage":10,"enemies":"Reptomancer","floor":40,"turns":4},{"damage":2,"enemies":"Jaw Worm Horde","floor":41,"turns":2},{"damage":2,"enemies":"Transient","floor":42,"turns":6},{"damage":6,"enemies":"Nemesis","floor":44,"turns":7},{"damage":25,"enemies":"Maw","floor":45,"turns":5},{"damage":11,"enemies":"Reptomancer","floor":46,"turns":4},{"damage":10,"enemies":"Jaw Worm Horde","floor":47,"turns":3},{"damage":15,"enemies":"Sphere and 2 Shapes","floor":48,"turns":3},{"damage":51,"enemies":"Time Eater","floor":50,"turns":7},{"damage":16,"enemies":"Donu and Deca","floor":51,"turns":4},{"damage":9,"enemies":"Shield and Spear","floor":55,"turns":5},{"damage":72,"enemies":"The Heart","floor":56,"turns":9}],"seed_played":"1894257893289272912","potions_obtained":[{"floor":2.0,"key":"BlessingOfTheForge"},{"floor":7.0,"key":"EssenceOfSteel"},{"floor":12.0,"key":"Block Potion"},{"floor":16,"key":"Fire Potion"},{"floor":18,"key":"Poison Potion"},{"floor":23,"key":"ColorlessPotion"},{"floor":25,"key":"ColorlessPotion"},{"floor":33,"key":"DuplicationPotion"},{"floor":39,"key":"DistilledChaos"},{"floor":40,"key":"DuplicationPotion"},{"floor":42,"key":"BlessingOfTheForge"}],"is_trial":false,"path_per_floor":["M","M","M","M","M","R","E","R","T","R","M","E","?","E","R","B",null,"M","M","?","M","?","E","R","E","T","M","M","M","E","$","R","B",null,"M","M","$","?","M","E","M","M","T","E","M","E","M","M","R","B","B",null,"R","$","E","B"],"character_chosen":"THE_SILENT","items_purchased":["Frozen Eye","BlessingOfTheForge","Membership Card","Bag of Preparation","Medical Kit","Lantern","DuplicationPotion","GamblersBrew","Backflip"],"campfire_rested":1,"item_purchase_floors":[31,31,37,54,54,54,54,54,54],"current_hp_per_floor":[59,59,59,35,21,21,14,33,33,33,44,45,22,14,26,16,54,54,42,42,40,40,44,56,43,43,52,50,55,36,36,51,36,66,64,68,68,68,27,34,49,52,57,56,48,54,49,51,69,30,26,64,76,76,72,0,0],"gold":67,"neow_bonus":"BOSS_RELIC","is_daily":false,"chose_seed":false,"campfire_upgraded":6,"win_rate":0.0,"timestamp":1609700229,"path_taken":["M","M","M","M","M","R","E","R","T","R","M","E","?","E","R","BOSS","M","M","?","M","?","E","R","E","T","M","M","M","E","$","R","BOSS","M","M","$","?","M","E","M","M","T","E","M","E","M","M","R","BOSS","BOSS","R","$","E","BOSS"],"items_purchased_type":["Relic","Potion","Relic","Relic","Relic","Relic","Potion","Potion","Card"],"build_version":"2020-12-22","purchased_purges":3,"victory":false,"max_hp_per_floor":[66,66,66,66,66,66,66,66,66,66,66,66,66,66,66,66,66,66,66,66,66,66,66,66,76,76,76,76,76,76,76,76,76,76,76,76,76,76,76,76,76,76,76,76,76,76,76,76,76,76,76,76,76,76,76,76,76],"relic_stats":{"Gremlin Horn":[1,1],"counters":[35,154],"Astrolabe":["Backflip","PiercingWail","Reflex"],"Eternal Feather":69,"Bag of Preparation":[0],"Medical Kit":[5],"Mercury Hourglass":[385],"WarpedTongs":[66],"Dream Catcher":0,"Sundial":[20],"Bloody Idol":105,"Snecko Eye":[298,291,295,313],"Art of War":[15],"obtain_stats":[{"Lantern":54,"Pear":25,"Gremlin Horn":46,"Golden Idol":13,"Astrolabe":34,"Eternal Feather":14,"Bag of Preparation":54,"Empty Cage":17,"Medical Kit":54,"White Beast Statue":55,"Mercury Hourglass":23,"WarpedTongs":38,"Frozen Eye":31,"Dream Catcher":40,"Sundial":12,"Ninja Scroll":44,"Bloody Idol":20,"Snecko Eye":0,"Art of War":7,"Membership Card":37,"InkBottle":43,"Ring of the Snake":0,"Meat on the Bone":9},{"Lantern":33,"Pear":15,"Gremlin Horn":29,"Golden Idol":8,"Astrolabe":20,"Eternal Feather":9,"Bag of Preparation":33,"Empty Cage":10,"Medical Kit":33,"White Beast Statue":34,"Mercury Hourglass":14,"WarpedTongs":22,"Frozen Eye":19,"Dream Catcher":24,"Sundial":8,"Ninja Scroll":27,"Bloody Idol":12,"Snecko Eye":0,"Art of War":6,"Membership Card":22,"InkBottle":26,"Ring of the Snake":0,"Meat on the Bone":6},{"Lantern":140,"Pear":63,"Gremlin Horn":123,"Golden Idol":34,"Astrolabe":82,"Eternal Feather":38,"Bag of Preparation":140,"Empty Cage":47,"Medical Kit":140,"White Beast Statue":145,"Mercury Hourglass":59,"WarpedTongs":88,"Frozen Eye":76,"Dream Catcher":99,"Sundial":34,"Ninja Scroll":114,"Bloody Idol":54,"Snecko Eye":0,"Art of War":25,"Membership Card":88,"InkBottle":107,"Ring of the Snake":0,"Meat on the Bone":25}],"InkBottle":[30],"Meat on the Bone":216},"card_choices":[{"not_picked":["Heel Hook","Slice"],"picked":"Quick Slash","floor":1.0},{"not_picked":["Flying Knee","Acrobatics"],"picked":"Blade Dance","floor":2.0},{"not_picked":["Backflip","Bane"],"picked":"Deadly Poison","floor":3.0},{"not_picked":["Deadly Poison","Acrobatics"],"picked":"Predator","floor":4.0},{"not_picked":["Well Laid Plans","Distraction"],"picked":"Terror","floor":5.0},{"not_picked":["Poisoned Stab","Deadly Poison"],"picked":"Underhanded Strike","floor":7.0},{"not_picked":["Escape Plan","Backflip"],"picked":"Eviscerate","floor":11.0},{"not_picked":["Burst","Concentrate"],"picked":"Phantasmal Killer","floor":12.0},{"not_picked":["Backflip","Expertise"],"picked":"Outmaneuver","floor":14},{"not_picked":["Phantasmal Killer","Doppelganger"],"picked":"Corpse Explosion","floor":16},{"not_picked":["Underhanded Strike","Slice","Infinite Blades"],"picked":"SKIP","floor":18},{"not_picked":["Caltrops","Dodge and Roll"],"picked":"Skewer+1","floor":19},{"not_picked":["Quick Slash","Dodge and Roll"],"picked":"Well Laid Plans","floor":21},{"not_picked":["Blade Dance","Backflip"],"picked":"Dash","floor":23},{"not_picked":["Caltrops","Dagger Spray+1"],"picked":"Backflip","floor":25},{"not_picked":["Deflect+1","Sucker Punch"],"picked":"Outmaneuver","floor":27},{"not_picked":["Finisher","Die Die Die","Bane"],"picked":"SKIP","floor":28},{"not_picked":["Expertise","Deadly Poison","Underhanded Strike"],"picked":"SKIP","floor":29},{"not_picked":["Dodge and Roll","Blade Dance","Flying Knee"],"picked":"SKIP","floor":30},{"not_picked":["Venomology","Grand Finale"],"picked":"Tools of the Trade","floor":33},{"not_picked":["Prepared+1","Bane"],"picked":"Acrobatics","floor":35},{"not_picked":["Deflect","Dagger Throw"],"picked":"Underhanded Strike+1","floor":36},{"not_picked":["Quick Slash+1","Outmaneuver","Sucker Punch"],"picked":"SKIP","floor":39},{"not_picked":["Backflip","All Out Attack"],"picked":"Wraith Form v2","floor":40},{"not_picked":["Concentrate","Eviscerate+1","Sucker Punch"],"picked":"SKIP","floor":41},{"not_picked":["Underhanded Strike+1","Terror","Skewer+1"],"picked":"SKIP","floor":42},{"not_picked":["Prepared","Blur"],"picked":"Reflex+1","floor":44},{"not_picked":["Infinite Blades+1","Dodge and Roll+1"],"picked":"Outmaneuver+1","floor":45},{"not_picked":["Deflect","Dagger Throw","Underhanded Strike+1"],"picked":"SKIP","floor":46},{"not_picked":["Blade Dance+1","Infinite Blades","Heel Hook"],"picked":"SKIP","floor":47},{"not_picked":["Riddle With Holes","Dagger Throw","Sucker Punch"],"picked":"SKIP","floor":48},{"not_picked":["Backflip","Predator"],"picked":"Wraith Form v2","floor":55}],"player_experience":87837,"relics_obtained":[{"floor":7.0,"key":"Art of War"},{"floor":9.0,"key":"Meat on the Bone"},{"floor":12.0,"key":"Sundial"},{"floor":14,"key":"Eternal Feather"},{"floor":23,"key":"Mercury Hourglass"},{"floor":25,"key":"Pear"},{"floor":40,"key":"Dream Catcher"},{"floor":43,"key":"InkBottle"},{"floor":44,"key":"Ninja Scroll"},{"floor":46,"key":"Gremlin Horn"},{"floor":55,"key":"White Beast Statue"}],"event_choices":[{"damage_healed":0.0,"max_hp_gain":0.0,"max_hp_loss":0.0,"gold_gain":0.0,"event_name":"Golden Idol","player_choice":"Take Damage","floor":13.0,"gold_loss":0.0,"damage_taken":23.0,"relics_obtained":["Golden Idol"]},{"damage_healed":0,"gold_gain":0,"player_choice":"Gave Idol","damage_taken":0,"relics_obtained":["Bloody Idol"],"max_hp_gain":0,"max_hp_loss":0,"event_name":"Forgotten Altar","floor":20,"relics_lost":["Golden Idol"],"gold_loss":0},{"damage_healed":0,"gold_gain":0,"cards_transformed":["Strike_G"],"player_choice":"Transformed","damage_taken":0,"max_hp_gain":0,"max_hp_loss":0,"event_name":"Transmorgrifier","floor":22,"gold_loss":0,"cards_obtained":["Dagger Throw"]},{"damage_healed":0,"gold_gain":0,"player_choice":"Rummage","damage_taken":0,"relics_obtained":["WarpedTongs"],"max_hp_gain":0,"max_hp_loss":0,"event_name":"Accursed Blacksmith","floor":38,"gold_loss":0,"cards_obtained":["Pain"]}],"is_beta":false,"boss_relics":[{"not_picked":["Cursed Key","Philosopher\u0027s Stone"],"picked":"Empty Cage"},{"not_picked":["Pandora\u0027s Box","Velvet Choker"],"picked":"Astrolabe"}],"items_purged_floors":[31,37,54],"is_endless":false,"potions_floor_spawned":[2,7,12,16,18,23,25,33,39,40,42,44,45,46],"killed_by":"The Heart","ascension_level":20}}