{"host":"hfxp6ue4pvwo3fit","time":1609667357,"event":{"mods":["AchievementEnabler","BaseMod","Colored Map","Colored Powertips","Highlight Path","Minty Spire (QoL Compilation)","Relic Stats","StSLib","SuperFastMode"],"gold_per_floor":[111,127,140,140,156,156,171,171,171,198,198,72,85,105,105,202,202,216,216,233,250,266,266,284,299,299,140,158,158,158,158],"floor_reached":30,"playtime":767,"items_purged":["Strike_P"],"score":228,"play_id":"1326264a-d1ce-449b-bcf7-c52939d5d556","local_time":"20210103034917","is_ascension_mode":false,"campfire_choices":[{"data":"Vault","floor":6,"key":"SMITH"},{"data":"Vigilance","floor":8,"key":"SMITH"},{"data":"Eruption","floor":15,"key":"SMITH"},{"floor":23,"key":"REST"}],"circlet_count":0,"master_deck":["Strike_P","Strike_P","Strike_P","Defend_P","Defend_P","Defend_P","Defend_P","Eruption+1","Vigilance+1","CarveReality","CrushJoints+1","FlurryOfBlows+1","Vault+1","FlurryOfBlows","EmptyFist","Crescendo","ClearTheMind","MasterReality","Consecrate","Sanctity+1","Vengeance","Blasphemy","WindmillStrike","TalkToTheHand"],"relics":["Runic Dome","MutagenicStrength"],"acts_visited":["Exordium","TheCity"],"potions_floor_usage":[10,16,20],"damage_taken":[{"damage":0,"enemies":"Cultist","floor":1,"turns":2},{"damage":2,"enemies":"Small Slimes","floor":2,"turns":3},{"damage":0,"enemies":"2 Louse","floor":3,"turns":2},{"damage":7,"enemies":"Blue Slaver","floor":5,"turns":2},{"damage":2,"enemies":"2 Fungi Beasts","floor":7,"turns":3},{"damage":13,"enemies":"The Mushroom Lair","floor":10,"turns":3},{"damage":0,"enemies":"Lots of Slimes","floor":13,"turns":3},{"damage":0,"enemies":"Red Slaver","floor":14,"turns":1},{"damage":30,"enemies":"Hexaghost","floor":16,"turns":5},{"damage":10,"enemies":"Chosen","floor":18,"turns":2},{"damage":5,"enemies":"Shell Parasite","floor":20,"turns":4},{"damage":11,"enemies":"Centurion and Healer","floor":21,"turns":3},{"damage":32,"enemies":"Snake Plant","floor":22,"turns":4},{"damage":0,"enemies":"Snecko","floor":24,"turns":3},{"damage":0,"enemies":"3 Cultists","floor":25,"turns":4},{"damage":21,"enemies":"Snake Plant","floor":28,"turns":4}],"seed_played":"-1073547917444364321","potions_obtained":[{"floor":1,"key":"PowerPotion"},{"floor":3,"key":"DistilledChaos"},{"floor":10,"key":"BlessingOfTheForge"},{"floor":18,"key":"SkillPotion"},{"floor":22,"key":"SpeedPotion"}],"is_trial":false,"path_per_floor":["M","M","M","?","M","R","M","R","T","?","T","$","M","M","R","B",null,"M","?","M","M","M","R","M","M","T","$","M","?","?"],"character_chosen":"WATCHER","items_purchased":["Strength Potion","Blasphemy","WindmillStrike"],"campfire_rested":1,"item_purchase_floors":[12,27,27],"current_hp_per_floor":[72,70,70,70,63,63,61,61,61,48,48,48,48,48,48,18,72,62,62,57,46,14,35,35,35,35,35,14,14,14,14],"gold":158,"neow_bonus":"BOSS_RELIC","is_daily":false,"chose_seed":false,"campfire_upgraded":3,"win_rate":0.0,"timestamp":1609667357,"path_taken":["M","?","M","?","M","R","M","R","T","?","?","$","M","M","R","BOSS","M","?","M","?","M","R","M","M","T","?","?","?","?"],"items_purchased_type":["Potion","Card","Card"],"build_version":"2020-12-22","purchased_purges":1,"victory":false,"max_hp_per_floor":[72,72,72,72,72,72,72,72,72,72,72,72,72,72,72,72,72,72,72,72,72,72,72,72,72,72,72,72,72,72,72],"relic_stats":{"counters":[16,48],"obtain_stats":[{"Runic Dome":0,"MutagenicStrength":29,"PureWater":0},{"Runic Dome":0,"MutagenicStrength":16,"PureWater":0},{"Runic Dome":0,"MutagenicStrength":48,"PureWater":0}]},"card_choices":[{"not_picked":["WaveOfTheHand","PathToVictory"],"picked":"CarveReality","floor":1},{"not_picked":["Vengeance","BowlingBash"],"picked":"CrushJoints","floor":2},{"not_picked":["CrushJoints","Protect"],"picked":"FlurryOfBlows","floor":3},{"not_picked":["JustLucky","ThirdEye"],"picked":"Vault","floor":5},{"not_picked":["PathToVictory","Protect"],"picked":"FlurryOfBlows","floor":7},{"not_picked":["SashWhip","PathToVictory"],"picked":"EmptyFist","floor":10},{"not_picked":["EmptyBody","ClearTheMind"],"picked":"Crescendo","floor":13},{"not_picked":["FlyingSleeves","PathToVictory"],"picked":"ClearTheMind","floor":14},{"not_picked":["Brilliance","Judgement"],"picked":"MasterReality","floor":16},{"not_picked":["SashWhip","BowlingBash","FlurryOfBlows"],"picked":"SKIP","floor":18},{"not_picked":["FlyingSleeves","SashWhip","Worship"],"picked":"SKIP","floor":20},{"not_picked":["TalkToTheHand","CrushJoints"],"picked":"Consecrate","floor":21},{"not_picked":["JustLucky","Prostrate"],"picked":"Sanctity+1","floor":22},{"not_picked":["Protect","Fasting2"],"picked":"Vengeance","floor":24},{"not_picked":["FlurryOfBlows","SashWhip","Nirvana+1"],"picked":"SKIP","floor":25},{"not_picked":["Consecrate","ClearTheMind"],"picked":"TalkToTheHand","floor":28}],"player_experience":470311,"relics_obtained":[],"event_choices":[{"damage_healed":0,"gold_gain":0,"player_choice":"Grow","damage_taken":0,"max_hp_gain":0,"max_hp_loss":0,"event_name":"Living Wall","floor":4,"gold_loss":0,"cards_upgraded":["CrushJoints"]},{"damage_healed":0,"gold_gain":0,"player_choice":"Fought Mushrooms","damage_taken":0,"max_hp_gain":0,"max_hp_loss":0,"event_name":"Mushrooms","floor":10,"gold_loss":0},{"damage_healed":0,"gold_gain":0,"player_choice":"Upgraded","damage_taken":0,"max_hp_gain":0,"max_hp_loss":0,"event_name":"Upgrade Shrine","floor":19,"gold_loss":0,"cards_upgraded":["FlurryOfBlows"]},{"damage_healed":0,"gold_gain":0,"player_choice":"Inject Mutagens","damage_taken":0,"relics_obtained":["MutagenicStrength"],"max_hp_gain":0,"max_hp_loss":0,"event_name":"Drug Dealer","floor":29,"gold_loss":0}],"is_beta":false,"boss_relics":[{"not_picked":[]}],"items_purged_floors":[12],"is_endless":false,"potions_floor_spawned":[1,3,10,18,22],"ascension_level":0}}