{"host":"480qzmvu0s2e3e6w","time":1609671310,"event":{"mods":["BaseMod","Colored Map","DeckTracker","Minty Spire (QoL Compilation)","StSLib","SuperFastMode"],"gold_per_floor":[113,127,142,152,172,172,185,185,263,296,296,296,296],"floor_reached":12,"playtime":394,"items_purged":[],"score":144,"play_id":"39227bc3-63ec-4e6b-a2de-ff9f21fce0ca","local_time":"20210103195510","is_ascension_mode":true,"campfire_choices":[{"floor":6,"key":"REST"},{"data":"Deadly Poison","floor":8,"key":"SMITH"}],"circlet_count":0,"master_deck":["AscendersBane","Strike_G","Strike_G","Strike_G","Strike_G","Strike_G","Defend_G","Defend_G","Defend_G","Defend_G","Defend_G","Survivor","Neutralize","Jack Of All Trades","Cloak And Dagger","Backstab","Dagger Spray","Dash","PiercingWail","Deadly Poison+1","Footwork"],"relics":["Ring of the Snake","Bottled Lightning","White Beast Statue","GremlinMask"],"acts_visited":["Exordium"],"potions_floor_usage":[10,12],"damage_taken":[{"damage":17,"enemies":"Jaw Worm","floor":1,"turns":6},{"damage":2,"enemies":"Cultist","floor":2,"turns":5},{"damage":10,"enemies":"Small Slimes","floor":3,"turns":3},{"damage":2,"enemies":"Blue Slaver","floor":4,"turns":4},{"damage":1,"enemies":"Looter","floor":5,"turns":3},{"damage":6,"enemies":"Red Slaver","floor":7,"turns":3},{"damage":33,"enemies":"Lagavulin","floor":10,"turns":8},{"damage":17,"enemies":"Gremlin Nob","floor":12,"turns":3}],"seed_played":"-2374965354671862152","potions_obtained":[{"floor":2,"key":"GhostInAJar"},{"floor":4,"key":"BlessingOfTheForge"},{"floor":5,"key":"DuplicationPotion"}],"is_trial":false,"path_per_floor":["M","M","M","M","M","R","M","R","T","E","?","E"],"character_chosen":"THE_SILENT","items_purchased":[],"campfire_rested":1,"item_purchase_floors":[],"current_hp_per_floor":[42,40,30,28,27,46,40,40,40,7,7,0,0],"gold":296,"neow_bonus":"RANDOM_COLORLESS","is_daily":false,"chose_seed":false,"campfire_upgraded":1,"win_rate":0.0,"timestamp":1609671310,"path_taken":["M","M","M","M","M","R","M","R","T","E","?","E"],"items_purchased_type":[],"build_version":"2020-12-22","purchased_purges":0,"victory":false,"max_hp_per_floor":[66,66,66,66,66,66,66,66,66,66,66,66,66],"card_choices":[{"not_picked":["Forethought","Madness"],"picked":"Jack Of All Trades","floor":0},{"not_picked":["Riddle With Holes","Expertise"],"picked":"Cloak And Dagger","floor":1},{"not_picked":["Prepared","PiercingWail"],"picked":"Backstab","floor":2},{"not_picked":["Concentrate","Choke"],"picked":"Dagger Spray","floor":3},{"not_picked":["Setup","Reflex"],"picked":"Dash","floor":4},{"not_picked":["Sucker Punch","Bane"],"picked":"PiercingWail","floor":5},{"not_picked":["Distraction","Slice"],"picked":"Deadly Poison","floor":7},{"not_picked":["Noxious Fumes","Deflect"],"picked":"Footwork","floor":10}],"player_experience":665899,"relics_obtained":[{"floor":9,"key":"Bottled Lightning"},{"floor":10,"key":"White Beast Statue"}],"event_choices":[{"damage_healed":0,"gold_gain":0,"player_choice":"Trade","damage_taken":0,"relics_obtained":["GremlinMask"],"max_hp_gain":0,"max_hp_loss":0,"event_name":"FaceTrader","floor":11,"gold_loss":0}],"is_beta":false,"boss_relics":[],"items_purged_floors":[],"is_endless":false,"potions_floor_spawned":[2,4,5],"killed_by":"Gremlin Nob","ascension_level":15}}