{"host":"y89x8uui45kcjy42","time":1609683412,"event":{"mods":["2.2 Compatiblity","BaseMod","CapriCore","Colored Map","Colored Powertips","Custom Start","Friendly Minions","Keyboard Shortcuts","Minty Spire (QoL Compilation)","Relic Stats","Slay the Relics Exporter","StSLib","SuperFastMode"],"gold_per_floor":[111,122,122,138,138,138,168,181,181,181,195,195,195,195],"floor_reached":13,"playtime":248,"items_purged":[],"score":170,"play_id":"afcc73e9-f01a-4cc0-880d-9e25bf0b4162","local_time":"20210103231652","is_ascension_mode":true,"campfire_choices":[{"data":"Eruption","floor":6,"key":"SMITH"},{"data":"TalkToTheHand","floor":10,"key":"SMITH"},{"data":"Meditate","floor":12,"key":"SMITH"}],"circlet_count":0,"master_deck":["AscendersBane","Strike_P","Strike_P","Strike_P","Strike_P","Defend_P","Defend_P","Defend_P","Defend_P","Eruption+1","Vigilance","FearNoEvil","Meditate+1","TalkToTheHand+1"],"relics":["PureWater","NeowsBlessing","The Courier","Darkstone Periapt","Mummified Hand"],"acts_visited":["Exordium"],"potions_floor_usage":[13],"damage_taken":[{"damage":0,"enemies":"2 Louse","floor":1,"turns":2},{"damage":0,"enemies":"Jaw Worm","floor":2,"turns":1},{"damage":0,"enemies":"Cultist","floor":4,"turns":1},{"damage":9,"enemies":"Gremlin Nob","floor":7,"turns":3},{"damage":25,"enemies":"Gremlin Gang","floor":8,"turns":5},{"damage":0,"enemies":"3 Louse","floor":11,"turns":4},{"damage":42,"enemies":"3 Sentries","floor":13,"turns":6}],"seed_played":"-582536881952020707","potions_obtained":[{"floor":2,"key":"SteroidPotion"},{"floor":4,"key":"Dexterity Potion"}],"is_trial":false,"path_per_floor":["M","M","?","M","?","R","E","M","T","R","M","R","E"],"character_chosen":"WATCHER","items_purchased":[],"campfire_rested":0,"item_purchase_floors":[],"current_hp_per_floor":[61,61,61,61,61,61,52,27,27,27,27,27,0,0],"gold":195,"neow_bonus":"THREE_ENEMY_KILL","is_daily":false,"chose_seed":false,"campfire_upgraded":3,"win_rate":0.0,"timestamp":1609683412,"path_taken":["M","M","?","M","?","R","E","M","T","R","M","R","E"],"items_purchased_type":[],"build_version":"2020-12-22","purchased_purges":0,"victory":false,"max_hp_per_floor":[68,68,68,68,68,68,68,68,68,68,68,68,68,68],"relic_stats":{"Darkstone Periapt":0,"counters":[7,22],"Mummified Hand":[0],"obtain_stats":[{"Darkstone Periapt":7,"NeowsBlessing":0,"Mummified Hand":9,"The Courier":5,"PureWater":0},{"Darkstone Periapt":4,"NeowsBlessing":0,"Mummified Hand":5,"The Courier":3,"PureWater":0},{"Darkstone Periapt":7,"NeowsBlessing":0,"Mummified Hand":12,"The Courier":4,"PureWater":0}]},"card_choices":[{"not_picked":["Evaluate","WindmillStrike"],"picked":"FearNoEvil","floor":1},{"not_picked":["FlyingSleeves","ThirdEye"],"picked":"Meditate","floor":2},{"not_picked":["Evaluate","Protect"],"picked":"TalkToTheHand","floor":4},{"not_picked":["Wireheading","EmptyBody","CutThroughFate"],"picked":"SKIP","floor":7},{"not_picked":["Wallop","FearNoEvil","FlurryOfBlows"],"picked":"SKIP","floor":8},{"not_picked":["CarveReality","Prostrate","EmptyFist"],"picked":"SKIP","floor":11}],"player_experience":551011,"relics_obtained":[{"floor":7,"key":"Darkstone Periapt"},{"floor":9,"key":"Mummified Hand"}],"event_choices":[{"damage_healed":0,"gold_gain":0,"player_choice":"Ignored","damage_taken":0,"max_hp_gain":0,"max_hp_loss":0,"event_name":"Liars Game","floor":3,"gold_loss":0},{"damage_healed":0,"gold_gain":0,"player_choice":"Gave Potion","damage_taken":0,"relics_obtained":["The Courier"],"max_hp_gain":0,"max_hp_loss":0,"event_name":"WeMeetAgain","floor":5,"gold_loss":0}],"is_beta":false,"boss_relics":[],"items_purged_floors":[],"is_endless":false,"potions_floor_spawned":[2,4],"killed_by":"3 Sentries","ascension_level":20}}