{"host":"j2lclbvdfoh0nnbr","time":1609678382,"event":{"mods":["Aspiration","BaseMod","Downfall","Lobotomy","LobotomyExtend","Minty Spire (QoL Compilation)","READ ME - Guardian Mod","Replay The Spire","StSLib","[IsaacMod]ÒÔÈö¼âËþ"],"gold_per_floor":[160,235,235,280,280,280,280,280,280,205,604,604,700,452,452,767,767,803,77,77,77,77,77,107,200,200,287,287,287,365,395,395,710,710,710,265,265,265,265,364,466,466,466,616,703,703,252,339,339,624,624,669,669,837,837,894,894,894,894,966,1053,43,52,61,70,70,70,70],"floor_reached":67,"playtime":3566,"items_purged":["BlackSwan_ego","FairyFestival","SpecialBullet","Looming Evil","BodiesMountain"],"score":1174,"play_id":"11740d28-0832-4bde-8f74-7d2db5a2e7cf","local_time":"20210103205302","daily_mods":["Vintage","Heirloom","Time Dilation","Flight","downfall:Lament","Elite Swarm","Midas"],"is_ascension_mode":false,"campfire_choices":[{"floor":23,"key":"REST"}],"circlet_count":0,"master_deck":["Apo_SoulSlash","Apo_Charge","Apo_Charge","Apo_Charge","Apo_Charge","Apo_Beam","Apo_Beam","Apo_Beam","Apo_Execute","Apo_Slash","Apo_Slash","Apo_SoulSlash","Madness","Madness","GoldRush","HereticApostle","CENSORED_ego","Adoration","DaCapo","WhiteNight","ParadiseLost+1","Pot Of Greed","Pot Of Greed","Pinks","TrainingCode","Pot Of Greed","Pinks","SummonCall","ParadiseLost","BlueStar","TheSmile","Pinks","Pinks","Guardian:Defend_Guardian"],"relics":["CogitoBucket","NeowsBlessing","replay:Trail_Library","HushsDoor","HowToJump","Shovel","Happy Flower","LetterFromLob","Centennial Puzzle","Pet Ghost","Old Coin","Blood Vial","aspiration:Lifesprig","Replay:Drink Me","HellTrain","Juzu Bracelet","GuppysTail","aspiration:HiddenCompartment","DollysMirror","aspiration:RitualStick","aspiration:Stabinomicon","Meat on the Bone","Replay:Wax Seal","HornCleat","BookOfRevelations","ReplayTheSpireMod:Lightbulb","BackwardClock","Orichalcum","Snecko Heart","ApostleMask","BlankCard","sneckomod:BlankCard","ReplayTheSpireMod:Ring of Exchange","Ring of Misfortune","Bronze Scales","Replay:Multitool","SharpPlug","Replay:Bottled Snecko","StoneCalendar","Ginger","PreservedInsect","aspiration:ChemicalBlood","Grinning Jar","Black Star","NeowsBlessing","BehaviorAdjustment","AtMidnight","Eternal Feather","The Courier","CeramicFish","Pear","aspiration:SeaSaltIceCream","aspiration:Nostalgia","Iron Core","Replay:Ringing Soul","Magic Flower","Shuriken","Strawberry","Anchor"],"acts_visited":["Exordium","TheCity","TheBeyond","Exordium"],"potions_floor_usage":[30,67,67,67],"damage_taken":[{"damage":0.0,"enemies":"Jaw Worm","floor":1.0,"turns":1.0},{"damage":0.0,"enemies":"Small Slimes","floor":4.0,"turns":1.0},{"damage":0.0,"enemies":"Lagavulin","floor":11.0,"turns":1.0},{"damage":14.0,"enemies":"3 Sentries","floor":13.0,"turns":4.0},{"damage":38.0,"enemies":"Slime Boss","floor":16.0,"turns":5.0},{"damage":16,"enemies":"Chosen","floor":18,"turns":2},{"damage":5,"enemies":"3 Byrds","floor":24,"turns":2},{"damage":12,"enemies":"Gremlin Leader","floor":25,"turns":2},{"damage":15,"enemies":"Replay:Snechameleon","floor":27,"turns":2},{"damage":1,"enemies":"Book of Stabbing","floor":30,"turns":2},{"damage":9,"enemies":"Sentry and Sphere","floor":31,"turns":2},{"damage":61,"enemies":"Champ","floor":33,"turns":8},{"damage":0,"enemies":"Giant Head","floor":40,"turns":3},{"damage":0,"enemies":"R_Hoarder","floor":41,"turns":2},{"damage":0,"enemies":"Reptomancer","floor":42,"turns":1},{"damage":0,"enemies":"Mind Bloom Boss Battle","floor":44,"turns":2},{"damage":0,"enemies":"R_Hoarder","floor":45,"turns":2},{"damage":0,"enemies":"Reptomancer","floor":48,"turns":1},{"damage":22,"enemies":"Replay:Hell Engine","floor":50,"turns":3},{"damage":0,"enemies":"Small Slimes","floor":52,"turns":1},{"damage":0,"enemies":"3 Sentries","floor":54,"turns":1},{"damage":0,"enemies":"Jaw Worm","floor":56,"turns":1},{"damage":0,"enemies":"Lagavulin","floor":61,"turns":1},{"damage":0,"enemies":"Gremlin Nob","floor":63,"turns":1},{"damage":29,"enemies":"Delirium","floor":67,"turns":4}],"seed_played":"1221444623129491002","potions_obtained":[{"floor":16.0,"key":"Adrenaline Potion"},{"floor":33,"key":"hexamod:EctoCoolerPotion"},{"floor":50,"key":"Dexterity Potion"}],"is_trial":true,"path_per_floor":["M","?","?","M","?","R","R","R","T","$","E","R","E","$","R","B",null,"M","$","?","?","?","R","M","E","T","E","R","R","E","M","R","B",null,"M","$","?","?","?","E","E","E","T","?","E","R","$","E","R","B",null,"M","?","?","?","M","R","R","?","T","E","$","E","?","?","R","B"],"character_chosen":"Angela","items_purchased":["aspiration:Lifesprig","GuppysTail","aspiration:HiddenCompartment","DollysMirror","BlankCard","sneckomod:BlankCard","PreservedInsect","aspiration:ChemicalBlood","Replay:Ringing Soul","Magic Flower","Shuriken","Strawberry","Anchor"],"campfire_rested":1,"item_purchase_floors":[14,19,19,19,36,36,47,47,62,62,62,62,62],"current_hp_per_floor":[70,59,59,59,59,59,59,59,59,59,59,59,50,50,50,19,53,37,37,26,10,14,29,28,31,31,32,32,32,47,50,50,20,53,53,53,46,46,46,46,46,53,53,53,53,53,53,53,53,31,31,31,31,31,24,24,24,24,24,24,24,24,24,24,24,24,0,0],"gold":70,"neow_bonus":"","is_daily":false,"chose_seed":false,"campfire_upgraded":0,"win_rate":0.0,"timestamp":1609678382,"path_taken":["M","?","?","?","?","R","R","R","T","?","E","R","E","$","R","BOSS","M","$","?","?","?","R","M","E","T","E","R","R","E","M","R","BOSS","M","$","?","?","?","E","E","E","T","?","E","R","$","E","R","BOSS","M","?","?","?","M","R","R","?","T","E","$","E","?","?","R","BOSS"],"items_purchased_type":["Relic","Relic","Relic","Relic","Relic","Relic","Relic","Relic","Relic","Relic","Relic","Relic","Relic"],"build_version":"2020-12-22","purchased_purges":5,"victory":false,"max_hp_per_floor":[70,70,70,70,70,70,70,70,70,70,70,70,70,70,70,70,53,53,53,53,53,53,53,53,53,53,53,53,53,53,53,53,53,53,53,53,53,53,53,53,53,53,53,53,53,53,53,53,53,53,53,53,53,53,53,63,63,63,63,63,63,70,73,86,89,89,89,89],"card_choices":[{"not_picked":[],"picked":"DoctorFetus","floor":0.0},{"not_picked":["PunishingBird","Wellcheers"],"picked":"BlackArmy","floor":4.0},{"not_picked":["HeroicMonk","Porccubus"],"picked":"FairyFestival","floor":11.0},{"not_picked":["SoundOfStar"],"picked":"GoldRush","floor":11.0},{"not_picked":["CENSORED_ego"],"picked":"Twilight","floor":13.0},{"not_picked":["LongBird","NakedNest"],"picked":"HappyTeddy","floor":16.0},{"not_picked":["DaCapo"],"picked":"Justitia","floor":16.0},{"not_picked":["BigBadWolf","Funeral"],"picked":"Bloodbath","floor":18},{"not_picked":["GalaxyChild","BlackSwan"],"picked":"DreamingCurrent","floor":24},{"not_picked":["Adoration"],"picked":"GoldRush","floor":25},{"not_picked":["Murderer","BigBadWolf"],"picked":"OSAHOGD","floor":27},{"not_picked":["DaCapo"],"picked":"ParadiseLost","floor":27},{"not_picked":["Twilight"],"picked":"CENSORED_ego","floor":30},{"not_picked":["BeautyBeast","LongBird"],"picked":"PlagueDoctor","floor":31},{"not_picked":["Porccubus","LittlePrince"],"picked":"BigBird","floor":33},{"not_picked":["SoundOfStar"],"picked":"Twilight","floor":33},{"not_picked":["Justitia"],"picked":"GoldRush","floor":40},{"not_picked":["Justitia"],"picked":"CENSORED_ego","floor":41},{"not_picked":["SoundOfStar"],"picked":"Adoration","floor":42},{"not_picked":["CherryBlossom+1"],"picked":"DaCapo","floor":44},{"not_picked":["SingingMachine","Scarecrow"],"picked":"WhiteNight","floor":45},{"not_picked":["TheSmile"],"picked":"ParadiseLost","floor":45},{"not_picked":["ParadiseLost"],"picked":"Pinks","floor":48},{"not_picked":["QueenOfHatred","BigBird"],"picked":"BodiesMountain","floor":50},{"not_picked":["Mimicry"],"picked":"Pinks","floor":50},{"not_picked":["NakedNest","Rudolta"],"picked":"BlueStar","floor":54},{"not_picked":["Ecstasy"],"picked":"TheSmile","floor":54},{"not_picked":["LongBird","CENSORED"],"picked":"NothingThere","floor":56},{"not_picked":["Mirror Shield"],"picked":"Pinks","floor":61},{"not_picked":["Double Tap"],"picked":"Pinks","floor":63}],"player_experience":293721,"relics_obtained":[{"floor":1.0,"key":"Happy Flower"},{"floor":1.0,"key":"LetterFromLob"},{"floor":4.0,"key":"Centennial Puzzle"},{"floor":9.0,"key":"Pet Ghost"},{"floor":11.0,"key":"Old Coin"},{"floor":13.0,"key":"Blood Vial"},{"floor":18,"key":"Juzu Bracelet"},{"floor":21,"key":"aspiration:Stabinomicon"},{"floor":24,"key":"Meat on the Bone"},{"floor":25,"key":"Replay:Wax Seal"},{"floor":26,"key":"HornCleat"},{"floor":27,"key":"BookOfRevelations"},{"floor":30,"key":"ReplayTheSpireMod:Lightbulb"},{"floor":31,"key":"Orichalcum"},{"floor":38,"key":"ReplayTheSpireMod:Ring of Exchange"},{"floor":38,"key":"Ring of Misfortune"},{"floor":40,"key":"Bronze Scales"},{"floor":41,"key":"Replay:Multitool"},{"floor":42,"key":"SharpPlug"},{"floor":43,"key":"Replay:Bottled Snecko"},{"floor":44,"key":"StoneCalendar"},{"floor":45,"key":"Ginger"},{"floor":48,"key":"Grinning Jar"},{"floor":52,"key":"AtMidnight"},{"floor":52,"key":"Eternal Feather"},{"floor":56,"key":"Pear"},{"floor":60,"key":"aspiration:SeaSaltIceCream"}],"event_choices":[{"damage_healed":0.0,"max_hp_gain":0.0,"max_hp_loss":0.0,"gold_gain":75.0,"event_name":"World of Goop","player_choice":"Gather Gold","floor":2.0,"gold_loss":0.0,"damage_taken":11.0},{"damage_healed":0.0,"max_hp_gain":0.0,"max_hp_loss":0.0,"gold_gain":0.0,"event_name":"NoteForYourself","player_choice":"Ignored","floor":5.0,"gold_loss":0.0,"damage_taken":0.0},{"damage_healed":0,"gold_gain":0,"player_choice":"Obtained Book","damage_taken":16,"max_hp_gain":0,"max_hp_loss":0,"event_name":"Cursed Tome","floor":21,"gold_loss":0},{"damage_healed":0,"gold_gain":0,"player_choice":"Embrace Madness","damage_taken":7,"max_hp_gain":0,"max_hp_loss":0,"event_name":"Winding Halls","floor":37,"gold_loss":0,"cards_obtained":["Madness","Madness"]},{"damage_healed":0,"gold_gain":0,"player_choice":"Fight","damage_taken":0,"max_hp_gain":0,"max_hp_loss":0,"event_name":"MindBloom","floor":44,"gold_loss":0},{"damage_healed":0,"gold_gain":0,"player_choice":"Searched \u00272\u0027 times","damage_taken":0,"relics_obtained":["The Courier"],"max_hp_gain":0,"max_hp_loss":0,"event_name":"Dead Adventurer","floor":54,"gold_loss":0},{"damage_healed":0,"gold_gain":0,"player_choice":"Success","damage_taken":7,"relics_obtained":["CeramicFish"],"max_hp_gain":0,"max_hp_loss":0,"event_name":"Scrap Ooze","floor":55,"gold_loss":0},{"cards_removed":["NothingThere"],"damage_healed":52,"gold_gain":0,"player_choice":"Offered Rare","damage_taken":0,"max_hp_gain":10,"max_hp_loss":0,"event_name":"Bonfire Elementals","floor":64,"gold_loss":0},{"cards_removed":["NothingThere"],"damage_healed":0,"gold_gain":0,"player_choice":"Took Card","damage_taken":0,"max_hp_gain":0,"max_hp_loss":0,"event_name":"NoteForYourself","floor":65,"gold_loss":0,"cards_obtained":["Guardian:Defend_Guardian"]},{"damage_healed":0,"gold_gain":0,"player_choice":"Forge","damage_taken":0,"max_hp_gain":0,"max_hp_loss":0,"event_name":"Accursed Blacksmith","floor":66,"gold_loss":0,"cards_upgraded":["ParadiseLost"]}],"is_beta":false,"boss_relics":[{"not_picked":["aspiration:SecretTechniqueScroll","SlaversCollar"],"picked":"Replay:Drink Me"},{"not_picked":[]},{"not_picked":["aspiration:SilentSkillbook","ReplayTheSpireMod:DimensionalGlitch"],"picked":"Snecko Heart"},{"not_picked":[]},{"not_picked":["aspiration:RunicSpoon","Cursed Key"],"picked":"Black Star"},{"not_picked":[]}],"items_purged_floors":[10,14,19,47,62],"is_endless":true,"potions_floor_spawned":[16,33,50,61,63],"killed_by":"Delirium","ascension_level":0}}