{"host":"1vysks8ssvkrgxm9","time":1609678819,"event":{"mods":["Always Whale","BaseMod","Lobotomy","Minty Spire (QoL Compilation)","StSLib","SuperFastMode"],"gold_per_floor":[113,9247,9247,9247,8128,8144,8178,8178,8203,8232,8232,8250,7225,7251,7251,7350,7350,7364,6602,6527,6527,6546,6546,6581,6606,6606,6633,6680,6692,6720,6121,6121,6223,6223,6237,5565,5618,5668,5679,5709,5724,5741,5765,5253,5281,5294,4467,4495,4495,4495],"floor_reached":51,"playtime":2113,"items_purged":["Strike_B","Regret","Defend_B","Defend_B","Strike_B","Strike_B","Defend_B","Defend_B+1"],"score":1208,"play_id":"fa3fe295-24ec-4a84-a78c-12ca7f099f53","local_time":"20210103220019","is_ascension_mode":true,"campfire_choices":[{"data":"Dualcast","floor":11,"key":"SMITH"},{"data":"Echo Form","floor":15,"key":"SMITH"},{"data":"Steam Power","floor":23,"key":"SMITH"},{"data":"Tempest","floor":29,"key":"SMITH"},{"data":"Defend_B","floor":32,"key":"SMITH"},{"data":"Finesse","floor":49,"key":"SMITH"}],"circlet_count":0,"master_deck":["Zap+1","Dualcast+1","Tempest+1","Steam Power+1","Finesse+1","Secret Technique+1","Steam+1","BootSequence+1","Redo+1","Steam+1","Echo Form+1","White Noise+1","Self Repair+1","Magnetism+1","Chaos+1","Electrodynamics+1","Conserve Battery+1","Fission+1","Secret Technique+1","Ball Lightning","Machine Learning+1","Turbo+1","Storm+1","Force Field+1","Recycle+1","Seek+1","Master of Strategy+1","Force Field+1","Multi-Cast+1","Turbo+1","Skim+1","Fission+1","Double Energy+1"],"relics":["Sozu","Symbiotic Virus","WingedGreaves","HandDrill","Emotion Chip","Toxic Egg 2","Incense Burner","OrangePellets","Smiling Mask","Orichalcum","Darkstone Periapt","Frozen Egg 2","Meat on the Bone","TheAbacus","Eternal Feather","SlaversCollar","Centennial Puzzle","Runic Capacitor","Bronze Scales","CultistMask","Ice Cream","Prayer Wheel","MawBank","Strawberry","Vajra","InkBottle","Strange Spoon","Inserter","Boot","DataDisk","Frozen Eye","Pocketwatch","Thread and Needle","Sundial","Oddly Smooth Stone","Lantern","MealTicket","Lee\u0027s Waffle","Juzu Bracelet","Lizard Tail","Question Card","DollysMirror","Bottled Lightning"],"acts_visited":["Exordium","TheCity","TheBeyond"],"potions_floor_usage":[],"damage_taken":[{"damage":0,"enemies":"Cultist","floor":1,"turns":3},{"damage":0,"enemies":"2 Louse","floor":6,"turns":2},{"damage":4,"enemies":"Lagavulin","floor":7,"turns":5},{"damage":17,"enemies":"Gremlin Nob","floor":10,"turns":4},{"damage":0,"enemies":"Jaw Worm","floor":12,"turns":2},{"damage":0,"enemies":"3 Sentries","floor":14,"turns":4},{"damage":25,"enemies":"Slime Boss","floor":16,"turns":5},{"damage":0,"enemies":"Chosen","floor":18,"turns":4},{"damage":0,"enemies":"Spheric Guardian","floor":22,"turns":2},{"damage":0,"enemies":"Book of Stabbing","floor":24,"turns":3},{"damage":14,"enemies":"Slavers","floor":25,"turns":2},{"damage":0,"enemies":"3 Cultists","floor":27,"turns":2},{"damage":0,"enemies":"Gremlin Leader","floor":28,"turns":3},{"damage":0,"enemies":"Shelled Parasite and Fungi","floor":30,"turns":2},{"damage":0,"enemies":"Automaton","floor":33,"turns":4},{"damage":0,"enemies":"3 Darklings","floor":35,"turns":1},{"damage":0,"enemies":"2 Orb Walkers","floor":37,"turns":2},{"damage":0,"enemies":"Mind Bloom Boss Battle","floor":38,"turns":4},{"damage":0,"enemies":"Orb Walker","floor":39,"turns":2},{"damage":0,"enemies":"Giant Head","floor":40,"turns":5},{"damage":0,"enemies":"Writhing Mass","floor":41,"turns":2},{"damage":0,"enemies":"Sphere and 2 Shapes","floor":42,"turns":1},{"damage":0,"enemies":"Reptomancer","floor":45,"turns":2},{"damage":2,"enemies":"Jaw Worm Horde","floor":46,"turns":2},{"damage":0,"enemies":"Giant Head","floor":48,"turns":2},{"damage":8,"enemies":"Time Eater","floor":50,"turns":3},{"damage":0,"enemies":"Malkuth","floor":51,"turns":8},{"damage":16,"enemies":"Hod","floor":51,"turns":4},{"damage":58,"enemies":"Chesed","floor":51,"turns":5},{"damage":27,"enemies":"Hokma","floor":51,"turns":5},{"damage":104,"enemies":"Angela","floor":51,"turns":7}],"seed_played":"-7797822213449309409","potions_obtained":[],"is_trial":false,"path_per_floor":["M","$","?","?","$","M","E","?","T","E","R","M","$","E","R","B",null,"M","$","?","?","M","R","E","E","T","M","E","R","M","$","R","B",null,"M","$","?","?","M","E","M","M","T","$","E","M","$","E","R","B",null],"character_chosen":"DEFECT","items_purchased":["Symbiotic Virus","WingedGreaves","HandDrill","Steam Power","Finesse","Toxic Egg 2","Secret Technique+1","Incense Burner","OrangePellets","Steam+1","White Noise+1","Frozen Egg 2","Self Repair+1","Meat on the Bone","TheAbacus","Magnetism+1","Fission+1","Centennial Puzzle","Runic Capacitor","Bronze Scales","Secret Technique+1","Vajra","InkBottle","Strange Spoon","Boot","DataDisk","Frozen Eye","Master of Strategy+1","Lantern","MealTicket","Lee\u0027s Waffle","Lizard Tail","Question Card","Skim+1","DollysMirror"],"campfire_rested":0,"item_purchase_floors":[2,2,2,2,5,5,5,5,5,5,13,13,13,13,13,13,19,19,19,19,19,31,31,31,36,36,36,36,44,44,44,47,47,47,47],"current_hp_per_floor":[75,75,75,75,75,75,71,71,71,54,54,54,54,64,75,60,75,75,75,75,75,75,75,75,71,71,75,82,82,82,82,82,82,82,82,82,82,82,82,82,82,82,82,89,89,87,89,89,89,89],"gold":4495,"neow_bonus":"BOSS_RELIC","is_daily":false,"chose_seed":false,"campfire_upgraded":6,"win_rate":0.0,"timestamp":1609678819,"path_taken":["M","$","?","?","?","M","E","?","T","E","R","?","$","E","R","BOSS","M","$","?","?","M","R","E","E","T","M","E","R","M","$","R","BOSS","M","$","?","?","M","E","M","M","T","$","E","M","$","E","R","BOSS"],"items_purchased_type":["Relic","Relic","Relic","Card","Card","Relic","Card","Relic","Relic","Card","Card","Relic","Card","Relic","Relic","Card","Card","Relic","Relic","Relic","Card","Relic","Relic","Relic","Relic","Relic","Relic","Card","Card","Relic","Relic","Relic","Relic","Card","Relic"],"build_version":"2020-12-22","purchased_purges":8,"victory":true,"max_hp_per_floor":[75,75,75,75,75,75,75,75,75,75,75,75,75,75,75,75,75,75,75,75,75,75,75,75,75,75,75,82,82,82,82,82,82,82,82,82,82,82,82,82,82,82,82,89,89,89,89,89,89,89],"card_choices":[{"not_picked":["Barrage","Compile Driver"],"picked":"Tempest","floor":1},{"not_picked":["Cold Snap","Stack+1"],"picked":"BootSequence+1","floor":6},{"not_picked":["Go for the Eyes","Tempest+1"],"picked":"Redo+1","floor":7},{"not_picked":["Undo+1","Barrage"],"picked":"Steam+1","floor":10},{"not_picked":["Darkness+1","Gash"],"picked":"Echo Form","floor":12},{"not_picked":["Leap+1","Coolheaded+1"],"picked":"Chaos+1","floor":14},{"not_picked":["Meteor Strike","Fission+1"],"picked":"Electrodynamics+1","floor":16},{"not_picked":["Cold Snap+1","Barrage"],"picked":"Conserve Battery+1","floor":18},{"not_picked":["BootSequence+1","Hello World+1"],"picked":"Ball Lightning","floor":22},{"not_picked":["Hologram+1","Sweeping Beam"],"picked":"Machine Learning+1","floor":24},{"not_picked":["Coolheaded+1","Barrage","Redo+1"],"picked":"SKIP","floor":25},{"not_picked":["Steam+1","Rebound"],"picked":"Turbo+1","floor":27},{"not_picked":["Hyperbeam","Self Repair+1"],"picked":"Storm+1","floor":27},{"not_picked":["Steam+1","Streamline","Hologram+1"],"picked":"SKIP","floor":28},{"not_picked":["Go for the Eyes+1","Gash"],"picked":"Force Field+1","floor":30},{"not_picked":["Go for the Eyes","Heatsinks+1"],"picked":"Recycle+1","floor":30},{"not_picked":["Reboot+1","Biased Cognition+1"],"picked":"Seek+1","floor":33},{"not_picked":["Conserve Battery+1","Sunder+1","Sweeping Beam"],"picked":"SKIP","floor":35},{"not_picked":["Compile Driver","Conserve Battery+1","Undo+1"],"picked":"SKIP","floor":35},{"not_picked":["Leap+1","Steam Power+1"],"picked":"Force Field+1","floor":37},{"not_picked":["Core Surge","BootSequence+1","Stack+1"],"picked":"SKIP","floor":39},{"not_picked":["Steam+1","Ball Lightning","Leap+1"],"picked":"SKIP","floor":39},{"not_picked":["Compile Driver","Reinforced Body+1","Leap+1"],"picked":"SKIP","floor":40},{"not_picked":["Gash+1","Go for the Eyes"],"picked":"Multi-Cast+1","floor":41},{"not_picked":["Capacitor+1","Sweeping Beam+1","Ball Lightning+1"],"picked":"SKIP","floor":41},{"not_picked":["Sweeping Beam","Conserve Battery+1","Lockon"],"picked":"SKIP","floor":42},{"not_picked":["Sweeping Beam+1","Conserve Battery+1","Reinforced Body+1"],"picked":"SKIP","floor":42},{"not_picked":["Capacitor+1","Loop+1","FTL+1"],"picked":"SKIP","floor":45},{"not_picked":["Cold Snap+1","Streamline+1"],"picked":"Turbo+1","floor":46},{"not_picked":["Conserve Battery+1","Stack+1","Steam+1"],"picked":"SKIP","floor":46},{"not_picked":["White Noise+1","Auto Shields+1","Force Field+1"],"picked":"Double Energy+1","floor":48}],"player_experience":51746,"relics_obtained":[{"floor":7,"key":"Smiling Mask"},{"floor":9,"key":"Orichalcum"},{"floor":10,"key":"Darkstone Periapt"},{"floor":14,"key":"Eternal Feather"},{"floor":24,"key":"Ice Cream"},{"floor":25,"key":"Prayer Wheel"},{"floor":26,"key":"MawBank"},{"floor":28,"key":"Strawberry"},{"floor":37,"key":"Pocketwatch"},{"floor":38,"key":"Thread and Needle"},{"floor":40,"key":"Sundial"},{"floor":43,"key":"Oddly Smooth Stone"},{"floor":45,"key":"Juzu Bracelet"},{"floor":48,"key":"Bottled Lightning"}],"event_choices":[{"damage_healed":0,"gold_gain":0,"player_choice":"Box","damage_taken":0,"relics_obtained":["Emotion Chip"],"max_hp_gain":0,"max_hp_loss":0,"event_name":"Big Fish","floor":3,"gold_loss":0,"cards_obtained":["Regret"]},{"damage_healed":0,"gold_gain":0,"player_choice":"Ignored","damage_taken":0,"max_hp_gain":0,"max_hp_loss":0,"event_name":"Golden Idol","floor":4,"gold_loss":0},{"damage_healed":0,"gold_gain":0,"player_choice":"Upgraded","damage_taken":0,"max_hp_gain":0,"max_hp_loss":0,"event_name":"Upgrade Shrine","floor":8,"gold_loss":0,"cards_upgraded":["Zap"]},{"cards_removed":["Strike_B"],"damage_healed":0,"gold_gain":0,"player_choice":"Gave Gold","damage_taken":0,"max_hp_gain":0,"max_hp_loss":0,"event_name":"Beggar","floor":20,"gold_loss":75},{"damage_healed":0,"gold_gain":0,"player_choice":"Trade","damage_taken":0,"relics_obtained":["CultistMask"],"max_hp_gain":0,"max_hp_loss":0,"event_name":"FaceTrader","floor":21,"gold_loss":0},{"damage_healed":0,"gold_gain":0,"player_choice":"Fight","damage_taken":0,"max_hp_gain":0,"max_hp_loss":0,"event_name":"Mysterious Sphere","floor":37,"gold_loss":0},{"damage_healed":0,"gold_gain":0,"player_choice":"Fight","damage_taken":0,"max_hp_gain":0,"max_hp_loss":0,"event_name":"MindBloom","floor":38,"gold_loss":0}],"is_beta":false,"boss_relics":[{"not_picked":["Runic Dome","Empty Cage"],"picked":"SlaversCollar"},{"not_picked":["Black Star","Velvet Choker"],"picked":"Inserter"}],"items_purged_floors":[2,5,13,19,31,36,44,47],"is_endless":false,"potions_floor_spawned":[7,16,18,28,30,37,38,39,42,45],"ascension_level":1}}