{"host":"wgmbtq7u7cgqo6r7","time":1609646626,"event":{"mods":["BaseMod","Colored Powertips","Marisa（霧雨　魔理沙）","Minty Spire (QoL Compilation)","Rare Cards Sparkle","StSLib","everything is the same but u backflip on backflip"],"gold_per_floor":[119,119,137,84,84,136,178,178,178,197,197,253,253,297,297,423,423,437,493,532,532,571,571,604,604,627,671,671,694,83,96,96,220,220,238,255,155,377,419,475,475,475,475,514,10,39,39,91,91,91,91,91,91,126,126],"floor_reached":56,"playtime":3419,"items_purged":["Strike_MRS","Strike_MRS","Strike_MRS"],"score":1416,"play_id":"954671ed-8548-4e0c-bbff-35166f44b770","local_time":"20210102230346","is_ascension_mode":true,"campfire_choices":[{"floor":8,"key":"RECALL"},{"floor":13,"key":"REST"},{"floor":15,"key":"REST"},{"data":"AbsoluteMagnitude","floor":23,"key":"SMITH"},{"floor":25,"key":"REST"},{"floor":32,"key":"REST"},{"floor":41,"key":"REST"},{"floor":42,"key":"REST"},{"floor":49,"key":"DIG"},{"floor":52,"key":"DIG"}],"circlet_count":0,"master_deck":["Strike_MRS+1","Defend_MRS","Defend_MRS","Defend_MRS","Defend_MRS","MasterSpark","UpSweep","WitchOfGreed+1","DeepEcoloBomb+1","PowerUp","AbsoluteMagnitude+1","CollectingQuirk+1","GrandCross","TreasureHunter","EnergyFlow+1","BigCrunch","ChargeUpSpray+1","MagicChant+1","GalacticHalo","DarkSpark","MaximisePower","OortCloud+1","GalacticHalo+1","ChargingUp+1"],"relics":["MiniHakkero","NeowsBlessing","HandmadeGrimoire","CaptainsWheel","Omamori","ExperimentalFamiliar","Red Mask","Lantern","MealTicket","Centennial Puzzle","WingedGreaves","Whetstone","Shovel","Sozu","Nunchaku","Bag of Marbles","Ancient Tea Set","Bag of Preparation","Anchor","Toy Ornithopter","Happy Flower","HornCleat","Lizard Tail","Kunai","BreadOfAWashokuLover","Incense Burner"],"acts_visited":["Exordium","TheCity","TheBeyond","TheEnding"],"potions_floor_usage":[16,18,24,28,33,33,33,33,40,55],"damage_taken":[{"damage":0,"enemies":"Jaw Worm","floor":1,"turns":1},{"damage":0,"enemies":"Cultist","floor":3,"turns":1},{"damage":0,"enemies":"Lagavulin","floor":6,"turns":3},{"damage":0,"enemies":"2 Louse","floor":7,"turns":3},{"damage":0,"enemies":"2 Fungi Beasts","floor":10,"turns":2},{"damage":14,"enemies":"Gremlin Nob","floor":12,"turns":4},{"damage":11,"enemies":"Exordium Wildlife","floor":14,"turns":5},{"damage":34,"enemies":"Slime Boss","floor":16,"turns":9},{"damage":0,"enemies":"Spheric Guardian","floor":18,"turns":2},{"damage":10,"enemies":"Masked Bandits","floor":19,"turns":4},{"damage":10,"enemies":"Shell Parasite","floor":20,"turns":4},{"damage":0,"enemies":"Chosen and Byrds","floor":22,"turns":4},{"damage":26,"enemies":"Slavers","floor":24,"turns":4},{"damage":15,"enemies":"Snecko","floor":27,"turns":3},{"damage":0,"enemies":"Snake Plant","floor":28,"turns":1},{"damage":17,"enemies":"Centurion and Healer","floor":31,"turns":2},{"damage":43,"enemies":"Collector","floor":33,"turns":6},{"damage":0,"enemies":"3 Shapes","floor":35,"turns":1},{"damage":0,"enemies":"Orb Walker","floor":36,"turns":1},{"damage":9,"enemies":"Sphere and 2 Shapes","floor":39,"turns":5},{"damage":46,"enemies":"Giant Head","floor":40,"turns":8},{"damage":0,"enemies":"Spire Growth","floor":44,"turns":2},{"damage":0,"enemies":"Nemesis","floor":46,"turns":1},{"damage":7,"enemies":"Reptomancer","floor":48,"turns":6},{"damage":51,"enemies":"Awakened One","floor":50,"turns":11},{"damage":8,"enemies":"Shield and Spear","floor":54,"turns":5},{"damage":102,"enemies":"The Heart","floor":55,"turns":8}],"seed_played":"5219764047280719421","potions_obtained":[{"floor":6,"key":"Dexterity Potion"},{"floor":10,"key":"Dexterity Potion"},{"floor":12,"key":"LiquidBronze"},{"floor":14,"key":"EntropicBrew"},{"floor":16,"key":"ColorlessPotion"},{"floor":19,"key":"SteroidPotion"},{"floor":20,"key":"StarNLove"},{"floor":27,"key":"SmokeBomb"},{"floor":33,"key":"Strength Potion"}],"is_trial":false,"path_per_floor":["M","?","M","$","?","E","M","R","T","M","?","E","R","M","R","B",null,"M","?","M","?","M","R","E","R","T","M","M","T","$","M","R","B",null,"M","M","$","?","M","E","R","R","T","M","$","E","?","E","R","B",null,"R","$","E","B",null],"character_chosen":"MARISA","items_purchased":["PowerUp","GalacticHalo","DarkSpark","WingedGreaves","Whetstone","Singularity","Bag of Preparation","Anchor"],"campfire_rested":6,"item_purchase_floors":[4,30,30,30,30,45,45,45],"current_hp_per_floor":[75,75,75,75,60,60,60,60,60,60,48,34,56,45,67,33,75,75,65,55,55,55,55,29,51,51,36,36,36,51,34,56,13,75,75,75,75,75,66,20,42,64,64,64,75,75,75,68,68,17,75,75,75,67,10],"gold":126,"neow_bonus":"THREE_ENEMY_KILL","is_daily":false,"chose_seed":false,"campfire_upgraded":1,"win_rate":0.0,"timestamp":1609646626,"path_taken":["M","?","?","$","?","E","M","R","T","M","?","E","R","M","R","BOSS","M","?","M","?","M","R","E","R","T","M","M","?","$","M","R","BOSS","M","?","$","?","M","E","R","R","T","M","$","E","?","E","R","BOSS","R","$","E","BOSS"],"items_purchased_type":["Card","Card","Card","Relic","Relic","Card","Relic","Relic"],"build_version":"2020-12-22","purchased_purges":3,"victory":true,"max_hp_per_floor":[75,75,75,75,75,75,75,75,75,75,75,75,75,75,75,75,75,75,75,75,75,75,75,75,75,75,75,75,75,75,75,75,75,75,75,75,75,75,75,75,75,75,75,75,75,75,75,75,75,75,75,75,75,75,75],"card_choices":[{"not_picked":["DoubleSpark","Acceleration"],"picked":"WitchOfGreed","floor":1},{"not_picked":["IllusionStar","Orbital"],"picked":"DeepEcoloBomb","floor":3},{"not_picked":["IllusionStar","UnstableBomb"],"picked":"AbsoluteMagnitude","floor":6},{"not_picked":["GravityBeat","OpenUniverse","MilkyWay"],"picked":"SKIP","floor":7},{"not_picked":["WitchOfGreed","UnstableBomb","ShootingEcho"],"picked":"SKIP","floor":10},{"not_picked":["FairyDestructionRay","NonDirectionalLaser"],"picked":"CollectingQuirk","floor":12},{"not_picked":["SuperPerseids","UnstableBomb"],"picked":"GrandCross","floor":14},{"not_picked":["SuperNova","UltimateShortwave"],"picked":"TreasureHunter","floor":16},{"not_picked":["PowerUp","WitchLeyline+1","MilkyWay"],"picked":"SKIP","floor":18},{"not_picked":["DoubleSpark","OneTimeOff"],"picked":"EnergyFlow+1","floor":19},{"not_picked":["ShootingEcho+1","MagicChant","IllusionStar+1"],"picked":"SKIP","floor":20},{"not_picked":["UnstableBomb+1","IllusionStar"],"picked":"BigCrunch","floor":22},{"not_picked":["DarkMatter","EarthLightRay"],"picked":"ChargeUpSpray","floor":24},{"not_picked":["LuminesStrike","OneTimeOff"],"picked":"MagicChant+1","floor":27},{"not_picked":["OneTimeOff","Robbery","GrandCross"],"picked":"SKIP","floor":31},{"not_picked":["JA","CollectingQuirk"],"picked":"MaximisePower","floor":33},{"not_picked":["GravityBeat","FairyDestructionRay","NonDirectionalLaser+1"],"picked":"SKIP","floor":35},{"not_picked":["Robbery","NonDirectionalLaser+1"],"picked":"OortCloud+1","floor":36},{"not_picked":["MagicChant","GrandCross","IllusionStar"],"picked":"SKIP","floor":39},{"not_picked":["BigCrunch","SporeBomb"],"picked":"GalacticHalo+1","floor":40},{"not_picked":["ShootingEcho+1","AsteroidBelt","GalacticHalo"],"picked":"SKIP","floor":44},{"not_picked":["PulseMagic","NonDirectionalLaser","Singularity+1"],"picked":"SKIP","floor":46},{"not_picked":["ShootTheMoon+1","GravityBeat+1","GrandCross"],"picked":"SKIP","floor":48},{"not_picked":["DC","AsteroidBelt+1"],"picked":"ChargingUp+1","floor":54}],"player_experience":133498,"relics_obtained":[{"floor":6,"key":"HandmadeGrimoire"},{"floor":12,"key":"Omamori"},{"floor":19,"key":"Red Mask"},{"floor":24,"key":"Lantern"},{"floor":26,"key":"MealTicket"},{"floor":29,"key":"Centennial Puzzle"},{"floor":33,"key":"Shovel"},{"floor":40,"key":"Nunchaku"},{"floor":40,"key":"Bag of Marbles"},{"floor":43,"key":"Ancient Tea Set"},{"floor":46,"key":"Toy Ornithopter"},{"floor":48,"key":"Happy Flower"},{"floor":48,"key":"HornCleat"},{"floor":49,"key":"Lizard Tail"},{"floor":52,"key":"Kunai"},{"floor":54,"key":"BreadOfAWashokuLover"},{"floor":54,"key":"Incense Burner"}],"event_choices":[{"damage_healed":0,"gold_gain":0,"player_choice":"Upgraded","damage_taken":0,"max_hp_gain":0,"max_hp_loss":0,"event_name":"Upgrade Shrine","floor":2,"gold_loss":0,"cards_upgraded":["WitchOfGreed"]},{"damage_healed":0,"gold_gain":0,"player_choice":"Entered Light","damage_taken":15,"max_hp_gain":0,"max_hp_loss":0,"event_name":"Shining Light","floor":5,"gold_loss":0,"cards_upgraded":["DeepEcoloBomb","Strike_MRS"]},{"damage_healed":0,"gold_gain":0,"player_choice":"Success","damage_taken":12,"relics_obtained":["CaptainsWheel"],"max_hp_gain":0,"max_hp_loss":0,"event_name":"Scrap Ooze","floor":11,"gold_loss":0},{"damage_healed":0,"gold_gain":0,"player_choice":"Fought Bandits","damage_taken":0,"max_hp_gain":0,"max_hp_loss":0,"event_name":"Masked Bandits","floor":19,"gold_loss":0},{"damage_healed":0,"gold_gain":0,"player_choice":"Ignored","damage_taken":0,"max_hp_gain":0,"max_hp_loss":0,"event_name":"Ghosts","floor":21,"gold_loss":0},{"damage_healed":0,"gold_gain":222,"player_choice":"Wore Mask","damage_taken":0,"max_hp_gain":0,"max_hp_loss":0,"event_name":"Tomb of Lord Red Mask","floor":38,"gold_loss":0},{"cards_removed":["Singularity"],"damage_healed":0,"gold_gain":0,"player_choice":"Removed Power","damage_taken":0,"max_hp_gain":0,"max_hp_loss":0,"event_name":"Falling","floor":47,"gold_loss":0}],"is_beta":false,"boss_relics":[{"not_picked":["Ectoplasm","Black Star"],"picked":"ExperimentalFamiliar"},{"not_picked":["Fusion Hammer","SacredBark"],"picked":"Sozu"}],"items_purged_floors":[30,37,45],"is_endless":false,"potions_floor_spawned":[10,12,20,27,28,36,39,44,46,54],"ascension_level":1}}