{"host":"5wznv0010959mrmz","time":1609648857,"event":{"mods":["BaseMod","Highlight Path","Minty Spire (QoL Compilation)"],"gold_per_floor":[115,129,140,154,178,212,212,242,242,242,114,114,178,71,71,148,148,161,211,224,274,339,339,389,389,458,489,46,60,75,100,100,175,175,185,235,285,351,401,401,436,44,70,120,138,138,166,195,195,195,195,195,28,72,72,72],"floor_reached":55,"playtime":1932,"items_purged":["Strike_G"],"score":1650,"play_id":"24bcbf81-4844-4ed5-baea-c516223f56d9","local_time":"20210102224057","is_ascension_mode":true,"campfire_choices":[{"data":"Crippling Poison","floor":7,"key":"SMITH"},{"floor":12,"key":"REST"},{"floor":15,"key":"REST"},{"floor":23,"key":"REST"},{"data":"Accuracy","floor":25,"key":"SMITH"},{"floor":32,"key":"REST"},{"floor":40,"key":"DIG"},{"floor":46,"key":"DIG"},{"floor":49,"key":"RECALL"},{"floor":52,"key":"DIG"}],"circlet_count":0,"master_deck":["AscendersBane","Strike_G+1","Strike_G+1","Strike_G+1","Defend_G+1","Defend_G+1","Defend_G+1","Defend_G+1","Defend_G+1","Survivor+1","Neutralize","Blade Dance+1","Masterful Stab","Crippling Poison+1","Accuracy+1","Dash","Blade Dance+1","Night Terror","Corpse Explosion","Escape Plan","Outmaneuver+1","Acrobatics+1","Calculated Gamble+1","Adrenaline+1","Tactician+1","Escape Plan+1","Backflip+1","Blade Dance+1","Master of Strategy+1","Backflip+1","Blade Dance+1","Cloak And Dagger+1","Burst+1","Accuracy"],"relics":["Ring of the Snake","NeowsBlessing","Oddly Smooth Stone","War Paint","Letter Opener","Prayer Wheel","SsserpentHead","Tiny Chest","WristBlade","Kunai","Toxic Egg 2","The Specimen","Eternal Feather","Nunchaku","Shovel","SlaversCollar","Bottled Tornado","Pantograph","Dead Branch","Shuriken","Incense Burner","CeramicFish","Gremlin Horn","Medical Kit","Anchor"],"acts_visited":["Exordium","TheCity","TheBeyond","TheEnding"],"potions_floor_usage":[6,8,16,16,29,50,55],"damage_taken":[{"damage":0,"enemies":"Cultist","floor":1,"turns":1},{"damage":0,"enemies":"Small Slimes","floor":2,"turns":1},{"damage":0,"enemies":"Jaw Worm","floor":3,"turns":1},{"damage":7,"enemies":"Exordium Thugs","floor":4,"turns":4},{"damage":21,"enemies":"3 Sentries","floor":6,"turns":7},{"damage":26,"enemies":"Gremlin Nob","floor":8,"turns":4},{"damage":2,"enemies":"Blue Slaver","floor":13,"turns":2},{"damage":26,"enemies":"The Guardian","floor":16,"turns":8},{"damage":0,"enemies":"Spheric Guardian","floor":18,"turns":3},{"damage":17,"enemies":"Shell Parasite","floor":20,"turns":4},{"damage":24,"enemies":"Snecko","floor":22,"turns":6},{"damage":0,"enemies":"Gremlin Leader","floor":27,"turns":5},{"damage":7,"enemies":"Snake Plant","floor":29,"turns":4},{"damage":0,"enemies":"Centurion and Healer","floor":30,"turns":2},{"damage":23,"enemies":"Slavers","floor":31,"turns":4},{"damage":5,"enemies":"Collector","floor":33,"turns":5},{"damage":0,"enemies":"3 Darklings","floor":35,"turns":1},{"damage":8,"enemies":"Orb Walker","floor":38,"turns":3},{"damage":0,"enemies":"Reptomancer","floor":41,"turns":2},{"damage":25,"enemies":"Sphere and 2 Shapes","floor":45,"turns":1},{"damage":0,"enemies":"Writhing Mass","floor":47,"turns":4},{"damage":3,"enemies":"3 Darklings","floor":48,"turns":2},{"damage":16,"enemies":"Awakened One","floor":50,"turns":4},{"damage":0,"enemies":"Shield and Spear","floor":54,"turns":3},{"damage":69,"enemies":"The Heart","floor":55,"turns":6}],"seed_played":"7057815474874880483","potions_obtained":[{"floor":3,"key":"AttackPotion"},{"floor":4,"key":"LiquidBronze"},{"floor":6,"key":"PowerPotion"},{"floor":27,"key":"SkillPotion"},{"floor":33,"key":"SmokeBomb"},{"floor":35,"key":"SteroidPotion"},{"floor":47,"key":"Energy Potion"}],"is_trial":false,"path_per_floor":["M","M","M","M","T","E","R","E","T","?","$","R","M","$","R","B",null,"M","?","M","?","M","R","T","R","T","E","$","M","M","E","R","B",null,"M","T","?","M","T","R","E","$","T","?","M","R","M","M","R","B",null,"R","$","E","B"],"character_chosen":"THE_SILENT","items_purchased":["Poison Potion","Tiny Chest","Eternal Feather","Nunchaku","Incense Burner","Blade Dance+1","Medical Kit"],"campfire_rested":4,"item_purchase_floors":[11,14,28,28,42,42,53],"current_hp_per_floor":[59,59,59,52,52,31,31,5,5,5,5,24,22,22,41,15,53,53,53,36,36,12,31,31,31,31,31,31,24,24,1,35,30,57,57,57,57,49,49,64,64,64,64,64,39,57,57,54,66,50,62,66,66,66,0,0],"gold":72,"neow_bonus":"THREE_ENEMY_KILL","is_daily":false,"chose_seed":false,"campfire_upgraded":2,"win_rate":0.0,"timestamp":1609648857,"path_taken":["M","M","M","M","?","E","R","E","T","?","$","R","?","?","R","BOSS","M","?","M","?","?","R","?","R","T","E","$","M","M","E","R","BOSS","M","?","?","?","?","R","E","$","T","?","M","R","M","M","R","BOSS","R","$","E","BOSS"],"items_purchased_type":["Potion","Relic","Relic","Relic","Relic","Card","Relic"],"build_version":"2020-12-22","purchased_purges":1,"victory":false,"max_hp_per_floor":[66,66,66,66,66,66,66,66,66,66,66,66,66,66,66,66,66,66,66,66,66,66,66,66,66,66,66,66,66,66,66,66,66,66,66,66,66,66,66,66,66,66,66,66,66,66,66,66,66,66,66,66,66,66,66,66],"card_choices":[{"not_picked":["Sucker Punch","Prepared"],"picked":"Blade Dance","floor":1},{"not_picked":["Backflip","Quick Slash"],"picked":"Masterful Stab","floor":2},{"not_picked":["Skewer","Prepared"],"picked":"Crippling Poison","floor":3},{"not_picked":["Catalyst","Sucker Punch"],"picked":"Accuracy","floor":4},{"not_picked":["PiercingWail","Dagger Throw","Slice"],"picked":"SKIP","floor":6},{"not_picked":["Noxious Fumes","PiercingWail"],"picked":"Dash","floor":8},{"not_picked":["Poisoned Stab","Sucker Punch"],"picked":"Blade Dance","floor":13},{"not_picked":["Deadly Poison","Sucker Punch"],"picked":"Night Terror","floor":13},{"not_picked":["Die Die Die","Glass Knife"],"picked":"Corpse Explosion","floor":16},{"not_picked":["Deflect","Choke+1"],"picked":"Escape Plan","floor":18},{"not_picked":["Concentrate","Dagger Throw","Dodge and Roll"],"picked":"SKIP","floor":18},{"not_picked":["Quick Slash+1","Dagger Spray","Noxious Fumes+1"],"picked":"SKIP","floor":20},{"not_picked":["Poisoned Stab","PiercingWail","Concentrate"],"picked":"SKIP","floor":20},{"not_picked":["Flying Knee","Terror","Underhanded Strike"],"picked":"SKIP","floor":22},{"not_picked":["Slice","Underhanded Strike","Deadly Poison"],"picked":"SKIP","floor":22},{"not_picked":["Doppelganger+1","Eviscerate"],"picked":"Outmaneuver+1","floor":27},{"not_picked":["Sucker Punch","Prepared+1"],"picked":"Acrobatics+1","floor":29},{"not_picked":["Outmaneuver+1","Deadly Poison+1","Flying Knee"],"picked":"SKIP","floor":29},{"not_picked":["After Image","Prepared+1"],"picked":"Calculated Gamble+1","floor":30},{"not_picked":["Dagger Throw","Slice","Dodge and Roll+1"],"picked":"SKIP","floor":30},{"not_picked":["Heel Hook","Night Terror+1"],"picked":"Adrenaline+1","floor":31},{"not_picked":["Bane+1","Quick Slash"],"picked":"Tactician+1","floor":35},{"not_picked":["Deadly Poison+1","Sucker Punch","Dagger Throw"],"picked":"SKIP","floor":35},{"not_picked":["Deadly Poison+1","Poisoned Stab+1"],"picked":"Escape Plan+1","floor":38},{"not_picked":["Prepared+1","Caltrops","Slice"],"picked":"SKIP","floor":38},{"not_picked":["Dodge and Roll+1","Deflect+1"],"picked":"Backflip+1","floor":41},{"not_picked":["Good Instincts+1","Transmutation+1"],"picked":"Master of Strategy+1","floor":44},{"not_picked":["Predator+1","Acrobatics+1"],"picked":"Backflip+1","floor":45},{"not_picked":["Distraction+1","Escape Plan+1"],"picked":"Blade Dance+1","floor":45},{"not_picked":["Sucker Punch","Poisoned Stab+1"],"picked":"Cloak And Dagger+1","floor":47},{"not_picked":["Well Laid Plans","Deflect+1","Sucker Punch"],"picked":"SKIP","floor":47},{"not_picked":["Finisher","Quick Slash"],"picked":"Burst+1","floor":48},{"not_picked":["Poisoned Stab+1","Outmaneuver+1","Endless Agony"],"picked":"SKIP","floor":48},{"not_picked":["Slice+1","Deflect+1"],"picked":"Accuracy","floor":54}],"player_experience":383362,"relics_obtained":[{"floor":5,"key":"Oddly Smooth Stone"},{"floor":6,"key":"War Paint"},{"floor":8,"key":"Letter Opener"},{"floor":9,"key":"Prayer Wheel"},{"floor":24,"key":"Kunai"},{"floor":26,"key":"Toxic Egg 2"},{"floor":27,"key":"The Specimen"},{"floor":31,"key":"Shovel"},{"floor":36,"key":"Bottled Tornado"},{"floor":39,"key":"Pantograph"},{"floor":40,"key":"Dead Branch"},{"floor":41,"key":"Shuriken"},{"floor":46,"key":"CeramicFish"},{"floor":52,"key":"Gremlin Horn"},{"floor":54,"key":"Anchor"}],"event_choices":[{"damage_healed":0,"gold_gain":0,"player_choice":"Trade","damage_taken":0,"relics_obtained":["SsserpentHead"],"max_hp_gain":0,"max_hp_loss":0,"event_name":"FaceTrader","floor":10,"gold_loss":0},{"damage_healed":0,"gold_gain":0,"player_choice":"Simplicity","damage_taken":0,"max_hp_gain":0,"max_hp_loss":0,"event_name":"Back to Basics","floor":19,"gold_loss":0,"cards_upgraded":["Strike_G","Strike_G","Strike_G","Strike_G","Defend_G","Defend_G","Defend_G","Defend_G","Defend_G"]},{"damage_healed":0,"gold_gain":0,"player_choice":"Forge","damage_taken":0,"max_hp_gain":0,"max_hp_loss":0,"event_name":"Accursed Blacksmith","floor":21,"gold_loss":0,"cards_upgraded":["Blade Dance"]},{"cards_removed":["Strike_G"],"damage_healed":0,"gold_gain":0,"player_choice":"Purged","damage_taken":0,"max_hp_gain":0,"max_hp_loss":0,"event_name":"Purifier","floor":37,"gold_loss":0},{"damage_healed":0,"gold_gain":0,"player_choice":"Memory 1","damage_taken":0,"max_hp_gain":0,"max_hp_loss":0,"event_name":"SensoryStone","floor":44,"gold_loss":0}],"is_beta":false,"boss_relics":[{"not_picked":["Philosopher\u0027s Stone","Coffee Dripper"],"picked":"WristBlade"},{"not_picked":["Busted Crown","Runic Dome"],"picked":"SlaversCollar"}],"items_purged_floors":[11],"is_endless":false,"potions_floor_spawned":[3,4,6,13,27,33,35,47,48],"killed_by":"The Heart","ascension_level":19}}