{"host":"q1ejl7hv5l3527la","time":1609637434,"event":{"mods":["Aspiration","Bard","BaseMod","Better Third Choice","Colored Powertips","Downfall","Energized Spire","Hermit","Highlight Path","Hubris","Infinite Spire","Minty Spire (QoL Compilation)","Replay The Spire","Shop Mod","StSLib","The Bladedancer","The Cursed","The Forsaken","The Juggle","The Jungle","The Runesmith"],"gold_per_floor":[114,131,131,142,158,158,187,187,213,213,229,229,248,258,258,361,361,380,159,159,159,170,170,39,39,39,39,50,50,61,78,78,78,78],"floor_reached":33,"playtime":2394,"items_purged":["Pain","Hello World"],"score":251,"play_id":"4e3f9da8-a3f2-47b1-891b-f0b5b1ec1371","local_time":"20210102193034","is_ascension_mode":false,"campfire_choices":[{"floor":6,"key":"REST"},{"floor":8,"key":"REST"},{"floor":12,"key":"REST"},{"floor":15,"key":"DIG"},{"floor":23,"key":"REST"},{"floor":27,"key":"REST"},{"data":"Static Discharge","floor":29,"key":"SMITH"},{"floor":32,"key":"REST"}],"circlet_count":0,"master_deck":["Strike_B","Strike_B","Strike_B","Strike_B","Defend_B","Defend_B","Defend_B","Defend_B","Zap","Dualcast","Beam Cell","ReplayTheSpireMod:Repulse","Steam","Doom and Gloom","Panic Button","Gash","Ball Lightning","ReplayRNGCard","Leap","Gash","Static Discharge+1","Redo","hubris:Fate","ReplayGash+1","FTL","Beam Cell","Hologram+1","Steam","Ball Lightning"],"relics":["Cracked Core","NlothsMask","hubris:BundleOfHerbs","WarpedTongs","PreservedInsect","energizedSpire:EnergizedDie","Thread and Needle","Replay:Bronze Core","Blood Vial"],"acts_visited":["Exordium","TheCity"],"potions_floor_usage":[16,16,30,33,33],"damage_taken":[{"damage":1,"enemies":"Cultist","floor":1,"turns":4},{"damage":11,"enemies":"Jaw Worm","floor":2,"turns":2},{"damage":4,"enemies":"2 Louse","floor":4,"turns":2},{"damage":17,"enemies":"Lots of Slimes","floor":5,"turns":4},{"damage":30,"enemies":"Gremlin Nob","floor":7,"turns":4},{"damage":7,"enemies":"Red Slaver","floor":11,"turns":3},{"damage":14,"enemies":"Exordium Thugs","floor":13,"turns":4},{"damage":11,"enemies":"Large Slime","floor":14,"turns":4},{"damage":35,"enemies":"Hexaghost","floor":16,"turns":9},{"damage":21,"enemies":"Chosen","floor":18,"turns":5},{"damage":9,"enemies":"3 Byrds","floor":20,"turns":4},{"damage":28,"enemies":"Centurion and Healer","floor":22,"turns":8},{"damage":0,"enemies":"Snake Plant","floor":28,"turns":1},{"damage":22,"enemies":"Shelled Parasite and Fungi","floor":30,"turns":4},{"damage":11,"enemies":"3 Cultists","floor":31,"turns":5},{"damage":92,"enemies":"Champ","floor":33,"turns":8}],"seed_played":"3997460530503570147","potions_obtained":[{"floor":1,"key":"Elixir"},{"floor":2,"key":"Weak Potion"},{"floor":13,"key":"Elixir"},{"floor":16,"key":"AttackPotion"},{"floor":20,"key":"Venom Potion"},{"floor":28,"key":"Explosive Potion"}],"is_trial":false,"path_per_floor":["M","M","?","M","M","R","E","R","T","?","M","R","M","M","R","B",null,"M","$","M","AVR","M","R","$","?","T","R","M","R","M","M","R","B"],"character_chosen":"DEFECT","items_purchased":["Gash","Static Discharge","Strength Potion","FTL","Beam Cell"],"campfire_rested":6,"item_purchase_floors":[19,19,19,24,24],"current_hp_per_floor":[81,70,70,66,49,73,43,67,67,67,60,82,68,57,57,28,82,61,61,52,52,24,48,48,75,75,82,82,82,60,51,75,0,0],"gold":78,"neow_bonus":"TEN_PERCENT_HP_BONUS","is_daily":false,"chose_seed":false,"campfire_upgraded":1,"win_rate":0.0,"timestamp":1609637434,"path_taken":["M","?","?","M","?","R","E","R","T","?","M","R","M","M","R","BOSS","M","$","M","AVR","M","R","?","?","T","R","M","R","M","M","R","BOSS"],"items_purchased_type":["Card","Card","Potion","Card","Card"],"build_version":"2020-12-22","purchased_purges":2,"victory":false,"max_hp_per_floor":[82,82,82,82,82,82,82,82,82,82,82,82,82,82,82,82,82,82,82,82,82,82,82,82,82,82,82,82,82,82,82,82,82,82],"card_choices":[{"not_picked":["Sweeping Beam","Go for the Eyes"],"picked":"Beam Cell","floor":1},{"not_picked":["Stack","Panic Button"],"picked":"ReplayTheSpireMod:Repulse","floor":2},{"not_picked":["Leap","Doom and Gloom"],"picked":"Steam","floor":4},{"not_picked":["Cold Snap","Stack"],"picked":"Hello World","floor":5},{"not_picked":["Force Field","ReplayTheSpireMod:Fabricate Wheel"],"picked":"Doom and Gloom","floor":7},{"not_picked":["Consume","Barrage"],"picked":"Panic Button","floor":11},{"not_picked":["Leap","Sweeping Beam"],"picked":"Gash","floor":13},{"not_picked":["Sweeping Beam","Compile Driver"],"picked":"Ball Lightning","floor":14},{"not_picked":["Multi-Cast","Biased Cognition"],"picked":"ReplayRNGCard","floor":16},{"not_picked":["ReplayTheSpireMod:System Scan","BasicCrystalCard"],"picked":"Leap","floor":18},{"not_picked":["Ball Lightning","ReplayTheSpireMod:System Scan"],"picked":"Redo","floor":20},{"not_picked":["Force Field","ReplayTheSpireMod:Reroute Power+1"],"picked":"ReplayGash+1","floor":22},{"not_picked":["Sweeping Beam","ReplayTheSpireMod:Omega Cannon"],"picked":"Hologram+1","floor":28},{"not_picked":["Darkness","ReplayGash"],"picked":"Steam","floor":30},{"not_picked":["ReplaySort","Glacier"],"picked":"Ball Lightning","floor":31}],"player_experience":79471,"relics_obtained":[{"floor":7,"key":"hubris:BundleOfHerbs"},{"floor":15,"key":"PreservedInsect"},{"floor":26,"key":"Blood Vial"}],"event_choices":[{"damage_healed":0,"gold_gain":0,"player_choice":"Trade","damage_taken":0,"relics_obtained":["NlothsMask"],"max_hp_gain":0,"max_hp_loss":0,"event_name":"FaceTrader","floor":3,"gold_loss":0},{"damage_healed":0,"gold_gain":0,"player_choice":"Rummage","damage_taken":0,"relics_obtained":["WarpedTongs"],"max_hp_gain":0,"max_hp_loss":0,"event_name":"Accursed Blacksmith","floor":10,"gold_loss":0,"cards_obtained":["Pain"]},{"damage_healed":27,"gold_gain":0,"player_choice":"Heal","damage_taken":0,"max_hp_gain":0,"max_hp_loss":0,"event_name":"The Library","floor":25,"gold_loss":0}],"is_beta":false,"boss_relics":[{"not_picked":["Replay:Drink Me","aspiration:RunesmithSkillbook"],"picked":"energizedSpire:EnergizedDie"}],"items_purged_floors":[19,21],"is_endless":false,"potions_floor_spawned":[1,2,13,16,20,22,28],"killed_by":"Champ","ascension_level":0}}