{"host":"k6u7q08ihsmpx7o5","time":1609700737,"event":{"mods":["BaseMod","Bestiary","Minty Spire (QoL Compilation)","StSLib"],"gold_per_floor":[119,133,133,208,222,222,199,217,217,45,79,4,4,20,20,94,94,111,123,35,46,58,58,58,58,58],"floor_reached":25,"playtime":1563,"items_purged":["Strike_G"],"score":410,"play_id":"ae151f7c-01ba-4267-8f04-381083a5e185","local_time":"20210103200537","is_ascension_mode":true,"campfire_choices":[{"data":"Dagger Throw","floor":6.0,"key":"SMITH"},{"floor":13,"key":"REST"},{"data":"Noxious Fumes","floor":15,"key":"SMITH"},{"floor":23,"key":"REST"}],"circlet_count":0,"master_deck":["AscendersBane","Strike_G","Strike_G","Strike_G","Strike_G","Defend_G","Defend_G","Defend_G","Defend_G+1","Defend_G+1","Survivor","Neutralize+1","PiercingWail","Dagger Throw+1","Dagger Throw","Setup+1","Noxious Fumes+1","Bouncing Flask","Bullet Time","Concentrate+1","Deadly Poison","Catalyst","PiercingWail","RitualDagger"],"relics":["Runic Pyramid","War Paint","TwistedFunnel","Regal Pillow","SlaversCollar"],"acts_visited":["Exordium","TheCity"],"potions_floor_usage":[16,19,22],"damage_taken":[{"damage":0.0,"enemies":"Cultist","floor":1.0,"turns":4.0},{"damage":2.0,"enemies":"2 Louse","floor":2.0,"turns":4.0},{"damage":0.0,"enemies":"Jaw Worm","floor":5.0,"turns":4.0},{"damage":12.0,"enemies":"Exordium Thugs","floor":7.0,"turns":4.0},{"damage":0.0,"enemies":"2 Fungi Beasts","floor":8.0,"turns":3.0},{"damage":8,"enemies":"Lagavulin","floor":11,"turns":8},{"damage":1,"enemies":"Blue Slaver","floor":14,"turns":4},{"damage":4,"enemies":"Hexaghost","floor":16,"turns":9},{"damage":2,"enemies":"3 Byrds","floor":18,"turns":5},{"damage":21,"enemies":"Spheric Guardian","floor":19,"turns":6},{"damage":14,"enemies":"Snake Plant","floor":21,"turns":4},{"damage":14,"enemies":"Snecko","floor":22,"turns":4},{"damage":40,"enemies":"Shelled Parasite and Fungi","floor":25,"turns":3}],"seed_played":"-127712731887979790","potions_obtained":[{"floor":5.0,"key":"Strength Potion"},{"floor":7.0,"key":"DuplicationPotion"},{"floor":8.0,"key":"GhostInAJar"},{"floor":19,"key":"ColorlessPotion"}],"is_trial":false,"path_per_floor":["M","M","?","?","M","R","M","M","T","$","E","$","R","M","R","B",null,"M","M","$","M","M","R","?","M"],"character_chosen":"THE_SILENT","items_purchased":["TwistedFunnel","Catalyst"],"campfire_rested":2,"item_purchase_floors":[10,20],"current_hp_per_floor":[59,57,37,26,26,26,14,14,14,14,6,6,40,39,39,35,58,56,35,35,21,7,41,35,0,0],"gold":58,"neow_bonus":"BOSS_RELIC","is_daily":false,"chose_seed":false,"campfire_upgraded":2,"win_rate":0.0,"timestamp":1609700737,"path_taken":["M","M","?","?","M","R","M","M","T","$","E","?","R","?","R","BOSS","M","M","$","M","M","R","?","M"],"items_purchased_type":["Relic","Card"],"build_version":"2020-12-22","purchased_purges":1,"victory":false,"max_hp_per_floor":[66,66,66,66,66,66,66,66,66,66,66,66,66,66,66,66,66,66,66,66,66,66,66,66,66,66],"card_choices":[{"not_picked":["Blade Dance","Bane"],"picked":"PiercingWail","floor":1.0},{"not_picked":["Leg Sweep","Underhanded Strike"],"picked":"Dagger Throw","floor":2.0},{"not_picked":["Bane","Dodge and Roll"],"picked":"Dagger Throw","floor":5.0},{"not_picked":["Leg Sweep","PiercingWail"],"picked":"Setup","floor":7.0},{"not_picked":["Backflip","Well Laid Plans"],"picked":"Noxious Fumes","floor":8.0},{"not_picked":["Dagger Throw","Underhanded Strike"],"picked":"Bouncing Flask","floor":11},{"not_picked":["Backflip","Finisher","Slice"],"picked":"SKIP","floor":14},{"not_picked":["Storm of Steel","Wraith Form v2"],"picked":"Bullet Time","floor":16},{"not_picked":["Backflip","Flying Knee"],"picked":"Concentrate+1","floor":18},{"not_picked":["PiercingWail","Expertise"],"picked":"Deadly Poison","floor":19},{"not_picked":["Blade Dance","Dodge and Roll"],"picked":"PiercingWail","floor":21},{"not_picked":["Infinite Blades","Dagger Spray","Acrobatics+1"],"picked":"SKIP","floor":22}],"player_experience":1950306,"relics_obtained":[{"floor":9.0,"key":"War Paint"},{"floor":11,"key":"Regal Pillow"}],"event_choices":[{"damage_healed":0.0,"max_hp_gain":0.0,"max_hp_loss":0.0,"gold_gain":0.0,"event_name":"Shining Light","player_choice":"Entered Light","floor":3.0,"gold_loss":0.0,"damage_taken":20.0,"cards_upgraded":["Neutralize","Defend_G"]},{"damage_healed":0.0,"max_hp_gain":0.0,"max_hp_loss":0.0,"gold_gain":75.0,"event_name":"World of Goop","player_choice":"Gather Gold","floor":4.0,"gold_loss":0.0,"damage_taken":11.0},{"damage_healed":0,"gold_gain":0,"player_choice":"Joined the Cult","damage_taken":6,"max_hp_gain":0,"max_hp_loss":0,"event_name":"Nest","floor":24,"gold_loss":0,"cards_obtained":["RitualDagger"]}],"is_beta":false,"boss_relics":[{"not_picked":["Coffee Dripper","Cursed Key"],"picked":"SlaversCollar"}],"items_purged_floors":[12],"is_endless":false,"potions_floor_spawned":[5,7,8,11,14,19],"killed_by":"Shelled Parasite and Fungi","ascension_level":20}}