{"host":"bg8va46pgqgvtzim","time":1609676296,"event":{"mods":["BaseMod","Minty Spire (QoL Compilation)","Quick Restart","StSLib","SuperFastMode"],"gold_per_floor":[116,126,142,160,160,160,191,191,238,268,280,303,315,73,73,176,176,196,214,228,240,339,339,373,373,373,383,152,185,195,213,213,308,308,327,347,48,48,61,96,96,96,96,96,109,142,153,178,178,178,178,178,33,62,62],"floor_reached":56,"playtime":1858,"items_purged":["Strike_G","Poisoned Stab"],"score":1652,"play_id":"47b7ba99-dc5f-4f94-bd8b-b3cb9a710331","local_time":"20210103201816","is_ascension_mode":true,"campfire_choices":[{"data":"Glass Knife","floor":6.0,"key":"SMITH"},{"data":"Crippling Poison","floor":11.0,"key":"SMITH"},{"data":"Dash","floor":13.0,"key":"SMITH"},{"data":"Apotheosis","floor":15.0,"key":"SMITH"},{"data":"Calculated Gamble","floor":23.0,"key":"SMITH"},{"floor":25.0,"key":"RECALL"},{"data":"Prepared","floor":32.0,"key":"SMITH"},{"data":"Acrobatics","floor":41,"key":"SMITH"},{"data":"Setup","floor":44,"key":"SMITH"},{"data":"After Image","floor":49,"key":"SMITH"},{"data":"Well Laid Plans","floor":52,"key":"SMITH"}],"circlet_count":0,"master_deck":["Survivor+1","Neutralize","Crippling Poison+1","Cloak And Dagger","Prepared+1","Glass Knife+1","Calculated Gamble+1","Dash+1","PiercingWail","Apotheosis+1","Tactician","Malaise","Blade Dance+1","Reflex","After Image+1","Acrobatics+1","Well Laid Plans+1","Eviscerate+1","A Thousand Cuts","Underhanded Strike","Dodge and Roll","Setup+1","Glass Knife","Accuracy","Flying Knee","Expertise","Infinite Blades","Calculated Gamble+1","Concentrate+1","Acrobatics+1","Flash of Steel","Finesse","Bandage Up","Terror+1","Blur+1"],"relics":["Philosopher\u0027s Stone","Question Card","Blood Vial","War Paint","MawBank","Black Star","Oddly Smooth Stone","White Beast Statue","ClockworkSouvenir","HornCleat","Bottled Lightning","Pandora\u0027s Box","Orrery","Anchor","Lantern","Shuriken","Snake Skull","Gremlin Horn","InkBottle","Vajra","Medical Kit","Kunai","Bag of Preparation"],"acts_visited":["Exordium","TheCity","TheBeyond","TheEnding"],"potions_floor_usage":[46,55,55,55,55,55,55],"damage_taken":[{"damage":0.0,"enemies":"Cultist","floor":1.0,"turns":4.0},{"damage":1.0,"enemies":"Jaw Worm","floor":2.0,"turns":4.0},{"damage":0.0,"enemies":"Small Slimes","floor":3.0,"turns":4.0},{"damage":5.0,"enemies":"Exordium Wildlife","floor":4.0,"turns":7.0},{"damage":29.0,"enemies":"Gremlin Nob","floor":7.0,"turns":5.0},{"damage":8.0,"enemies":"3 Sentries","floor":10.0,"turns":9.0},{"damage":0.0,"enemies":"Looter","floor":12.0,"turns":2.0},{"damage":2.0,"enemies":"Hexaghost","floor":16.0,"turns":10.0},{"damage":10.0,"enemies":"2 Thieves","floor":18.0,"turns":5.0},{"damage":6.0,"enemies":"Spheric Guardian","floor":19.0,"turns":6.0},{"damage":2.0,"enemies":"Shelled Parasite and Fungi","floor":20.0,"turns":8.0},{"damage":3.0,"enemies":"Centurion and Healer","floor":21.0,"turns":7.0},{"damage":15.0,"enemies":"Gremlin Leader","floor":24.0,"turns":9.0},{"damage":1.0,"enemies":"Snake Plant","floor":27.0,"turns":5.0},{"damage":12.0,"enemies":"Slavers","floor":29.0,"turns":5.0},{"damage":0.0,"enemies":"Sentry and Sphere","floor":30.0,"turns":7.0},{"damage":1.0,"enemies":"Snecko","floor":31.0,"turns":4.0},{"damage":0.0,"enemies":"Automaton","floor":33.0,"turns":11.0},{"damage":0.0,"enemies":"Orb Walker","floor":35.0,"turns":2.0},{"damage":0.0,"enemies":"3 Darklings","floor":36.0,"turns":3.0},{"damage":0,"enemies":"4 Shapes","floor":39,"turns":3},{"damage":10,"enemies":"Giant Head","floor":40,"turns":3},{"damage":0,"enemies":"Transient","floor":45,"turns":3},{"damage":0,"enemies":"Reptomancer","floor":46,"turns":3},{"damage":0,"enemies":"Sphere and 2 Shapes","floor":47,"turns":1},{"damage":0,"enemies":"Giant Head","floor":48,"turns":3},{"damage":0,"enemies":"Awakened One","floor":50,"turns":4},{"damage":0,"enemies":"Shield and Spear","floor":54,"turns":2},{"damage":0,"enemies":"The Heart","floor":55,"turns":4}],"seed_played":"4009872021827975463","potions_obtained":[{"floor":1.0,"key":"Explosive Potion"},{"floor":7.0,"key":"SteroidPotion"},{"floor":16.0,"key":"SneckoOil"},{"floor":19.0,"key":"Swift Potion"},{"floor":24.0,"key":"ColorlessPotion"},{"floor":27.0,"key":"CunningPotion"},{"floor":29.0,"key":"DuplicationPotion"},{"floor":30.0,"key":"GamblersBrew"},{"floor":35.0,"key":"SpeedPotion"},{"floor":42,"key":"PowerPotion"},{"floor":45,"key":"LiquidMemories"},{"floor":46,"key":"EntropicBrew"}],"is_trial":false,"path_per_floor":["M","M","M","M","?","R","E","?","T","E","R","M","R","$","R","B",null,"M","M","M","M","?","R","E","R","T","M","$","E","M","M","R","B",null,"M","M","$","?","M","E","R","?","T","R","M","E","M","E","R","B",null,"R","$","E","B",null],"character_chosen":"THE_SILENT","items_purchased":["Apotheosis","Tactician","ClockworkSouvenir","Orrery","Acrobatics","Medical Kit"],"campfire_rested":0,"item_purchase_floors":[14,14,28,37,37,53],"current_hp_per_floor":[70,69,69,64,64,64,35,28,28,22,22,24,24,24,24,24,70,60,56,56,55,55,55,42,42,42,43,43,33,35,36,36,38,70,70,70,70,60,68,66,66,66,66,66,70,70,70,70,70,70,70,70,70,70,70],"gold":62,"neow_bonus":"BOSS_RELIC","is_daily":false,"chose_seed":false,"campfire_upgraded":10,"win_rate":0.0,"timestamp":1609676296,"path_taken":["M","M","?","M","?","R","E","?","T","E","R","M","R","?","R","BOSS","M","M","M","M","?","R","E","R","T","M","$","E","M","M","R","BOSS","M","M","$","?","M","E","R","?","T","R","M","E","M","E","R","BOSS","R","$","E","BOSS"],"items_purchased_type":["Card","Card","Relic","Relic","Card","Relic"],"build_version":"2020-12-22","purchased_purges":2,"victory":true,"max_hp_per_floor":[70,70,70,70,70,70,70,70,70,70,70,70,70,70,70,70,70,70,70,70,70,70,70,70,70,70,70,70,70,70,70,70,70,70,70,70,70,70,70,70,70,70,70,70,70,70,70,70,70,70,70,70,70,70,70],"card_choices":[{"not_picked":["Outmaneuver","Flying Knee"],"picked":"Crippling Poison","floor":1.0},{"not_picked":["Backflip","All Out Attack"],"picked":"Cloak And Dagger","floor":2.0},{"not_picked":["Slice","Concentrate"],"picked":"Prepared","floor":3.0},{"not_picked":["Setup","Footwork"],"picked":"Glass Knife","floor":4.0},{"not_picked":["Endless Agony","Masterful Stab"],"picked":"Calculated Gamble","floor":7.0},{"not_picked":["Calculated Gamble","Caltrops","Flying Knee"],"picked":"Dash","floor":10.0},{"not_picked":["Cloak And Dagger","Outmaneuver","Backflip"],"picked":"PiercingWail","floor":12.0},{"not_picked":["A Thousand Cuts","Storm of Steel","Doppelganger"],"picked":"Malaise","floor":16.0},{"not_picked":["Deadly Poison","Riddle With Holes","Outmaneuver","Bane+1"],"picked":"SKIP","floor":18.0},{"not_picked":["Accuracy","Slice","Choke"],"picked":"Blade Dance+1","floor":19.0},{"not_picked":["Predator","Outmaneuver","Crippling Poison+1","Sucker Punch"],"picked":"SKIP","floor":20.0},{"not_picked":["Caltrops","Calculated Gamble","Outmaneuver"],"picked":"Reflex","floor":21.0},{"not_picked":["Setup","Riddle With Holes","Accuracy"],"picked":"After Image","floor":24.0},{"not_picked":["Calculated Gamble","Terror","Dagger Throw"],"picked":"Acrobatics+1","floor":27.0},{"not_picked":["Concentrate+1","Leg Sweep+1","Backflip+1"],"picked":"Well Laid Plans","floor":29.0},{"not_picked":["Choke","Flechettes","Blade Dance"],"picked":"Eviscerate+1","floor":30.0},{"not_picked":["PiercingWail","Bane","Accuracy","Backstab"],"picked":"SKIP","floor":31.0},{"not_picked":["Burst","Unload","Tools of the Trade"],"picked":"A Thousand Cuts","floor":33.0},{"not_picked":["Poisoned Stab+1","Bouncing Flask","Bane+1"],"picked":"Calculated Gamble+1","floor":35.0},{"not_picked":["Dagger Throw","Bane","Dodge and Roll+1","Dash+1"],"picked":"SKIP","floor":36.0},{"not_picked":["Bane","Flechettes","Prepared+1"],"picked":"Concentrate+1","floor":37.0},{"not_picked":["Dramatic Entrance","Good Instincts","Swift Strike"],"picked":"Flash of Steel","floor":38},{"not_picked":["HandOfGreed","Magnetism","Dark Shackles"],"picked":"Finesse","floor":38},{"not_picked":["Mind Blast","Enlightenment","Metamorphosis"],"picked":"Bandage Up","floor":38},{"not_picked":["Outmaneuver+1","Bane","Quick Slash+1","Backstab+1"],"picked":"SKIP","floor":39},{"not_picked":["Setup","Underhanded Strike+1","Distraction","Dagger Spray+1"],"picked":"SKIP","floor":40},{"not_picked":["Phantasmal Killer","Outmaneuver","Dodge and Roll"],"picked":"Terror+1","floor":45},{"not_picked":["Crippling Poison+1","Bane","Footwork+1","Phantasmal Killer"],"picked":"SKIP","floor":46},{"not_picked":["Poisoned Stab","Caltrops+1","Eviscerate","Sucker Punch"],"picked":"SKIP","floor":47},{"not_picked":["Underhanded Strike","Malaise","Reflex","Predator"],"picked":"SKIP","floor":48},{"not_picked":["Quick Slash","Masterful Stab+1","Prepared"],"picked":"Blur+1","floor":54}],"player_experience":2232750,"relics_obtained":[{"floor":7.0,"key":"Question Card"},{"floor":9.0,"key":"War Paint"},{"floor":10.0,"key":"MawBank"},{"floor":24.0,"key":"Oddly Smooth Stone"},{"floor":24.0,"key":"White Beast Statue"},{"floor":29.0,"key":"HornCleat"},{"floor":29.0,"key":"Bottled Lightning"},{"floor":40,"key":"Anchor"},{"floor":40,"key":"Lantern"},{"floor":43,"key":"Shuriken"},{"floor":46,"key":"Snake Skull"},{"floor":46,"key":"Gremlin Horn"},{"floor":48,"key":"InkBottle"},{"floor":48,"key":"Vajra"},{"floor":54,"key":"Kunai"},{"floor":54,"key":"Bag of Preparation"}],"event_choices":[{"damage_healed":0.0,"max_hp_gain":0.0,"max_hp_loss":0.0,"gold_gain":0.0,"event_name":"Liars Game","player_choice":"Ignored","floor":5.0,"gold_loss":0.0,"damage_taken":0.0},{"damage_healed":0.0,"max_hp_gain":0.0,"max_hp_loss":0.0,"gold_gain":0.0,"event_name":"Scrap Ooze","player_choice":"Success","floor":8.0,"gold_loss":0.0,"damage_taken":7.0,"relics_obtained":["Blood Vial"]},{"damage_healed":0.0,"max_hp_gain":0.0,"max_hp_loss":0.0,"gold_gain":99.0,"event_name":"Nest","player_choice":"Stole From Cult","floor":22.0,"gold_loss":0.0,"damage_taken":0.0},{"damage_healed":0,"gold_gain":0,"player_choice":"Memory 3","damage_taken":10,"max_hp_gain":0,"max_hp_loss":0,"event_name":"SensoryStone","floor":38,"gold_loss":0},{"damage_healed":0,"gold_gain":0,"player_choice":"Got Potions","damage_taken":0,"max_hp_gain":0,"max_hp_loss":0,"event_name":"Lab","floor":42,"gold_loss":0}],"is_beta":false,"boss_relics":[{"not_picked":["SacredBark","Fusion Hammer"],"picked":"Black Star"},{"not_picked":["Calling Bell","Tiny House"],"picked":"Pandora\u0027s Box"}],"items_purged_floors":[28,37],"is_endless":false,"potions_floor_spawned":[1,7,16,19,24,27,29,30,31,33,35,36,39,40,45,46,47,48,54],"ascension_level":1}}