{"host":"sfkslwp4t49i7lrt","time":1609695282,"event":{"mods":["BaseMod","Bestiary","Block Reminder","Downfall","Highlight Path","Minty Spire (QoL Compilation)","Relic Stats","StSLib","everything is the same but u backflip on backflip","slay the spire mod where everything is the same but ironclad has a cowboy hat"],"gold_per_floor":[196,300,0,102,102,102,102,102],"floor_reached":9,"playtime":227,"items_purged":[],"score":1070,"play_id":"ce3771ab-ab31-472c-8489-619e98f49468","local_time":"20210104003441","is_ascension_mode":false,"campfire_choices":[{"data":"Slimebound:Split","floor":3,"key":"SMITH"}],"circlet_count":0,"master_deck":["Slimebound:Strike_Slimebound","Slimebound:Strike_Slimebound","Slimebound:Strike_Slimebound","Slimebound:Tackle","Slimebound:Defend_Slimebound","Slimebound:Defend_Slimebound","Slimebound:Defend_Slimebound","Slimebound:Defend_Slimebound","Slimebound:Split+1","Slimebound:CorrosiveSpit","Slimebound:Darklings","Slimebound:Darklings"],"relics":["Slimebound:AbsorbEndCombatUpgraded","Coffee Dripper","downfall:HeartBlessingRed","downfall:HeartBlessingGreen","downfall:HeartBlessingBlue"],"acts_visited":["Exordium","TheCity","TheBeyond","TheEnding"],"potions_floor_usage":[],"damage_taken":[{"damage":0,"enemies":"downfall:Ironclad","floor":1,"turns":1},{"damage":0,"enemies":"downfall:Silent","floor":4,"turns":1},{"damage":0,"enemies":"downfall:Defect","floor":6,"turns":1},{"damage":49,"enemies":"downfall:NeowBoss","floor":8,"turns":6}],"seed_played":"2146568017859082339","potions_obtained":[{"floor":0,"key":"SteroidPotion"},{"floor":0,"key":"Slimebound:SpawnSlimePotion"},{"floor":0,"key":"SpeedPotion"}],"is_trial":false,"path_per_floor":["B",null,"R","B",null,"B",null,"B",null],"character_chosen":"SLIMEBOUND","items_purchased":[],"campfire_rested":0,"item_purchase_floors":[],"current_hp_per_floor":[65,65,75,75,75,75,75,26],"gold":102,"neow_bonus":"THREE_SMALL_POTIONS","is_daily":false,"chose_seed":false,"campfire_upgraded":1,"win_rate":0.0,"timestamp":1609695281,"path_taken":["BOSS","R","BOSS","BOSS","BOSS"],"items_purchased_type":[],"build_version":"2020-12-22","purchased_purges":0,"victory":true,"max_hp_per_floor":[65,65,75,75,75,75,75,75],"relic_stats":{"counters":[4,9],"obtain_stats":[{"downfall:HeartBlessingRed":3,"downfall:HeartBlessingBlue":3,"downfall:HeartBlessingGreen":3,"Slimebound:AbsorbEndCombat":0,"Coffee Dripper":2,"Slimebound:AbsorbEndCombatUpgraded":5},{"downfall:HeartBlessingRed":1,"downfall:HeartBlessingBlue":1,"downfall:HeartBlessingGreen":1,"Slimebound:AbsorbEndCombat":0,"Coffee Dripper":1,"Slimebound:AbsorbEndCombatUpgraded":2},{"downfall:HeartBlessingRed":1,"downfall:HeartBlessingBlue":1,"downfall:HeartBlessingGreen":1,"Slimebound:AbsorbEndCombat":0,"Coffee Dripper":1,"Slimebound:AbsorbEndCombatUpgraded":2}]},"card_choices":[{"not_picked":["Slimebound:MassFeed","Slimebound:RallyTheTroops"],"picked":"Slimebound:Darklings","floor":1},{"not_picked":["Slimebound:OneTwoCombo","Slimebound:LeechLife"],"picked":"Slimebound:Darklings","floor":4}],"player_experience":441381,"relics_obtained":[],"event_choices":[],"is_beta":false,"boss_relics":[{"not_picked":["Empty Cage","SacredBark"],"picked":"Coffee Dripper"},{"not_picked":["Pandora\u0027s Box","Tiny House"],"picked":"Slimebound:AbsorbEndCombatUpgraded"}],"items_purged_floors":[],"is_endless":false,"potions_floor_spawned":[1,4],"ascension_level":0}}