{"host":"armnliea5o2aqs4b","time":1609682631,"event":{"mods":["BaseMod","Hubris","Infinite Spire","Minty Spire (QoL Compilation)","Quick Restart","StSLib"],"gold_per_floor":[119,194,194,205,50,75,75,75,75],"floor_reached":8,"playtime":163,"items_purged":[],"score":99,"play_id":"adafdc86-0afa-49a8-8da5-9026204396b7","local_time":"20210104010351","is_ascension_mode":true,"campfire_choices":[{"data":"Entrench","floor":7,"key":"SMITH"}],"circlet_count":0,"master_deck":["Strike_R","Strike_R","Strike_R","Strike_R","Strike_R","Defend_R","Defend_R","Defend_R","Defend_R","Bash","Entrench+1"],"relics":["Burning Blood","NeowsBlessing","infinitespire:PuzzleCube","Thread and Needle"],"acts_visited":["Exordium"],"potions_floor_usage":[8,8],"damage_taken":[{"damage":0,"enemies":"Jaw Worm","floor":1,"turns":1},{"damage":0,"enemies":"Cultist","floor":4,"turns":1},{"damage":0,"enemies":"Lagavulin","floor":6,"turns":1},{"damage":20,"enemies":"3 Sentries","floor":8,"turns":6}],"seed_played":"-2993222901105239803","potions_obtained":[{"floor":3,"key":"DuplicationPotion"},{"floor":3,"key":"AttackPotion"},{"floor":3,"key":"SneckoOil"}],"is_trial":false,"path_per_floor":["M","?","?","M","$","E","R","E"],"character_chosen":"IRONCLAD","items_purchased":["infinitespire:PuzzleCube"],"campfire_rested":0,"item_purchase_floors":[5],"current_hp_per_floor":[80,69,69,75,75,80,80,60,60],"gold":75,"neow_bonus":"THREE_ENEMY_KILL","is_daily":false,"chose_seed":false,"campfire_upgraded":1,"win_rate":0.0,"timestamp":1609682631,"path_taken":["M","?","?","?","$","E","R","E"],"items_purchased_type":["Relic"],"build_version":"2020-12-22","purchased_purges":0,"victory":false,"max_hp_per_floor":[80,80,80,80,80,80,80,80,80],"card_choices":[{"not_picked":["Headbutt","True Grit","Sever Soul"],"picked":"SKIP","floor":1},{"not_picked":["Warcry","Clash","Twin Strike"],"picked":"SKIP","floor":4},{"not_picked":["Armaments","Whirlwind"],"picked":"Entrench","floor":6}],"player_experience":161985,"relics_obtained":[{"floor":6,"key":"Thread and Needle"}],"event_choices":[{"damage_healed":0,"gold_gain":75,"player_choice":"Gather Gold","damage_taken":11,"max_hp_gain":0,"max_hp_loss":0,"event_name":"World of Goop","floor":2,"gold_loss":0},{"damage_healed":0,"gold_gain":0,"player_choice":"Got Potions","damage_taken":0,"max_hp_gain":0,"max_hp_loss":0,"event_name":"Lab","floor":3,"gold_loss":0}],"is_beta":false,"boss_relics":[],"items_purged_floors":[],"is_endless":false,"potions_floor_spawned":[6],"killed_by":"3 Sentries","ascension_level":5}}