{"host":"wha9hktbkslqvblg","time":1609672029,"event":{"mods":["BaseMod","Colored Map","Minty Spire (QoL Compilation)","Relic Stats","SuperFastMode","everything is the same but u backflip on backflip"],"gold_per_floor":[119,119,44,44,44,77,91,91,91,103,138,138,138,171,171,262,262,286,47,47,72,122,161,161,61,61,61,99,99,132,157,157,252,252,268,143,156,6,31,65,90,134,146,196,232,285,317,360,372,384,396,408,420,43,87,87],"floor_reached":57,"playtime":1357,"items_purged":["Strike_R","Defend_R","Bash","Carnage+1","Double Tap+1"],"score":3863,"play_id":"a1357bf3-0211-4494-a290-0e1cdf5d575e","local_time":"20210103200709","is_ascension_mode":true,"campfire_choices":[{"data":"Carnage","floor":8.0,"key":"SMITH"},{"data":"Shrug It Off","floor":12.0,"key":"SMITH"},{"data":"Battle Trance","floor":15.0,"key":"SMITH"},{"data":"Evolve","floor":24.0,"key":"SMITH"},{"data":"Second Wind","floor":27.0,"key":"SMITH"},{"floor":29.0,"key":"RECALL"},{"data":"Body Slam","floor":32,"key":"SMITH"},{"data":"Power Through","floor":49,"key":"SMITH"},{"data":"Double Tap","floor":53,"key":"SMITH"}],"circlet_count":0,"master_deck":["AscendersBane","Defend_R+1","Defend_R+1","Defend_R","Shrug It Off+1","Evolve+1","Battle Trance+1","Second Wind+1","Power Through+1","Body Slam+1","Entrench+1"],"relics":["Burning Blood","NeowsBlessing","Sundial","Question Card","Meat on the Bone","Golden Idol","Akabeko","Coffee Dripper","TheAbacus","Nunchaku","Eternal Feather","Calipers","War Paint","Black Star","Pen Nib","CaptainsWheel","Omamori","MawBank","Anchor","Boot","PreservedInsect","Mummified Hand","Ice Cream","Medical Kit","Kunai","Bottled Flame"],"acts_visited":["Exordium","TheCity","TheBeyond","TheEnding"],"potions_floor_usage":[56,56],"damage_taken":[{"damage":0.0,"enemies":"Cultist","floor":1.0,"turns":1.0},{"damage":0.0,"enemies":"3 Sentries","floor":6.0,"turns":2.0},{"damage":0.0,"enemies":"Jaw Worm","floor":7.0,"turns":1.0},{"damage":3.0,"enemies":"2 Louse","floor":10.0,"turns":3.0},{"damage":30.0,"enemies":"Lagavulin","floor":11.0,"turns":5.0},{"damage":21.0,"enemies":"3 Sentries","floor":14.0,"turns":8.0},{"damage":30.0,"enemies":"The Guardian","floor":16.0,"turns":8.0},{"damage":6.0,"enemies":"2 Thieves","floor":18.0,"turns":3.0},{"damage":1.0,"enemies":"3 Byrds","floor":21.0,"turns":4.0},{"damage":3.0,"enemies":"Slavers","floor":23.0,"turns":4.0},{"damage":7.0,"enemies":"Gremlin Leader","floor":28.0,"turns":3.0},{"damage":0,"enemies":"Book of Stabbing","floor":30,"turns":3},{"damage":0,"enemies":"Cultist and Chosen","floor":31,"turns":4},{"damage":0,"enemies":"Champ","floor":33,"turns":4},{"damage":11,"enemies":"Orb Walker","floor":35,"turns":4},{"damage":0,"enemies":"3 Shapes","floor":37,"turns":3},{"damage":0,"enemies":"Writhing Mass","floor":39,"turns":5},{"damage":0,"enemies":"Nemesis","floor":40,"turns":3},{"damage":0,"enemies":"4 Shapes","floor":41,"turns":3},{"damage":0,"enemies":"Giant Head","floor":42,"turns":4},{"damage":0,"enemies":"Nemesis","floor":44,"turns":3},{"damage":0,"enemies":"Jaw Worm Horde","floor":45,"turns":3},{"damage":0,"enemies":"Giant Head","floor":46,"turns":3},{"damage":0,"enemies":"Spire Growth","floor":47,"turns":1},{"damage":0,"enemies":"Mind Bloom Boss Battle","floor":48,"turns":3},{"damage":0,"enemies":"Time Eater","floor":50,"turns":4},{"damage":0,"enemies":"Awakened One","floor":51,"turns":4},{"damage":0,"enemies":"Shield and Spear","floor":55,"turns":3},{"damage":0,"enemies":"The Heart","floor":56,"turns":6}],"seed_played":"7567624282243815394","potions_obtained":[{"floor":10.0,"key":"DuplicationPotion"},{"floor":14.0,"key":"Explosive Potion"},{"floor":16.0,"key":"CultistPotion"},{"floor":31,"key":"Dexterity Potion"}],"is_trial":false,"path_per_floor":["M","?","?","?","?","E","M","R","T","M","E","R","?","E","R","B",null,"M","$","?","M","?","E","R","$","T","R","E","R","E","M","R","B",null,"M","$","M","$","M","E","M","E","T","E","M","E","M","?","R","B","B",null,"R","$","E","B",null],"character_chosen":"IRONCLAD","items_purchased":["TheAbacus","Medical Kit","ColorlessPotion"],"campfire_rested":0,"item_purchase_floors":[19,54,54],"current_hp_per_floor":[74,74,74,67,72,78,80,80,80,80,56,56,56,53,53,41,64,64,64,64,69,69,72,72,72,72,72,71,72,72,72,72,72,72,67,67,72,72,72,72,72,72,72,72,72,72,72,72,72,72,72,72,72,72,72,72],"gold":87,"neow_bonus":"THREE_ENEMY_KILL","is_daily":false,"chose_seed":false,"campfire_upgraded":8,"win_rate":0.0,"timestamp":1609672029,"path_taken":["M","?","?","?","?","E","M","R","T","M","E","R","?","E","R","BOSS","M","$","?","M","?","E","R","$","T","R","E","R","E","M","R","BOSS","M","$","M","$","M","E","M","E","T","E","M","E","M","?","R","BOSS","BOSS","R","$","E","BOSS"],"items_purchased_type":["Relic","Relic","Potion"],"build_version":"2020-12-22","purchased_purges":5,"victory":true,"max_hp_per_floor":[75,75,75,75,80,80,80,80,80,80,80,80,72,72,72,72,72,72,72,72,72,72,72,72,72,72,72,72,72,72,72,72,72,72,72,72,72,72,72,72,72,72,72,72,72,72,72,72,72,72,72,72,72,72,72,72],"relic_stats":{"counters":[29,105],"Golden Idol":210,"Eternal Feather":1,"Pen Nib":[3],"PreservedInsect":77,"War Paint":["Defend_R","Defend_R"],"Question Card":23,"MawBank":144,"Boot":[0],"Medical Kit":[2],"Burning Blood":70,"Nunchaku":[7],"TheAbacus":[564],"Sundial":[74],"Mummified Hand":[5],"Black Star":5,"Kunai":[0],"obtain_stats":[{"Ice Cream":48,"Calipers":28,"Boot":44,"Burning Blood":0,"Nunchaku":23,"TheAbacus":19,"Sundial":6,"Mummified Hand":46,"Kunai":55,"NeowsBlessing":0,"Golden Idol":13,"Eternal Feather":26,"Pen Nib":40,"PreservedInsect":46,"Omamori":42,"War Paint":30,"Question Card":9,"MawBank":42,"Medical Kit":54,"Akabeko":14,"CaptainsWheel":40,"Anchor":44,"Bottled Flame":55,"Coffee Dripper":17,"Black Star":34,"Meat on the Bone":11},{"Ice Cream":25,"Calipers":11,"Boot":21,"Burning Blood":0,"Nunchaku":10,"TheAbacus":8,"Sundial":2,"Mummified Hand":23,"Kunai":28,"NeowsBlessing":0,"Golden Idol":5,"Eternal Feather":10,"Pen Nib":18,"PreservedInsect":23,"Omamori":20,"War Paint":12,"Question Card":3,"MawBank":20,"Medical Kit":27,"Akabeko":6,"CaptainsWheel":18,"Anchor":21,"Bottled Flame":28,"Coffee Dripper":7,"Black Star":14,"Meat on the Bone":5},{"Ice Cream":88,"Calipers":42,"Boot":78,"Burning Blood":0,"Nunchaku":39,"TheAbacus":31,"Sundial":3,"Mummified Hand":84,"Kunai":99,"NeowsBlessing":0,"Golden Idol":12,"Eternal Feather":39,"Pen Nib":68,"PreservedInsect":84,"Omamori":75,"War Paint":45,"Question Card":4,"MawBank":75,"Medical Kit":96,"Akabeko":20,"CaptainsWheel":68,"Anchor":78,"Bottled Flame":99,"Coffee Dripper":28,"Black Star":53,"Meat on the Bone":12}],"Meat on the Bone":24},"card_choices":[{"not_picked":["Iron Wave","Armaments","Clash"],"picked":"SKIP","floor":1.0},{"not_picked":["Twin Strike","Feel No Pain","Metallicize"],"picked":"SKIP","floor":6.0},{"not_picked":["Clothesline","Havoc","True Grit"],"picked":"SKIP","floor":7.0},{"not_picked":["Heavy Blade","Sentinel","Pummel"],"picked":"Shrug It Off","floor":10.0},{"not_picked":["Iron Wave","Whirlwind","Perfected Strike"],"picked":"Evolve","floor":11.0},{"not_picked":["Pummel","Carnage","Evolve"],"picked":"Battle Trance","floor":14.0},{"not_picked":["Feed","Corruption","Brutality"],"picked":"Double Tap","floor":16.0},{"not_picked":["Pommel Strike","Pummel","Warcry"],"picked":"Second Wind","floor":18.0},{"not_picked":["Sword Boomerang","Anger","Iron Wave","Pummel"],"picked":"SKIP","floor":21.0},{"not_picked":["Heavy Blade","Flex+1","Twin Strike","Havoc"],"picked":"SKIP","floor":23.0},{"not_picked":["Inflame","Dark Embrace","Clothesline+1","Demon Form"],"picked":"SKIP","floor":28.0},{"not_picked":["Sword Boomerang","Ghostly Armor","Flame Barrier"],"picked":"Power Through","floor":30},{"not_picked":["Pummel","Rupture","Cleave"],"picked":"Body Slam","floor":31},{"not_picked":["True Grit","Twin Strike","Whirlwind","Armaments"],"picked":"SKIP","floor":35},{"not_picked":["Pommel Strike","Body Slam+1","Burning Pact","Clothesline"],"picked":"SKIP","floor":37},{"not_picked":["True Grit","Wild Strike+1","Clash","Warcry"],"picked":"SKIP","floor":39},{"not_picked":["Iron Wave","Fiend Fire","Flame Barrier","Heavy Blade"],"picked":"SKIP","floor":40},{"not_picked":["Twin Strike","Cleave","Iron Wave+1","Sword Boomerang"],"picked":"SKIP","floor":41},{"not_picked":["Sever Soul","Carnage","Flex","Havoc"],"picked":"SKIP","floor":42},{"not_picked":["Shrug It Off+1","Cleave","Second Wind","Inflame+1"],"picked":"SKIP","floor":44},{"not_picked":["Sentinel+1","Anger","Pommel Strike","Armaments"],"picked":"SKIP","floor":45},{"not_picked":["Clothesline","Iron Wave","Evolve","Havoc+1"],"picked":"SKIP","floor":46},{"not_picked":["Brutality","Anger","Heavy Blade+1"],"picked":"Entrench+1","floor":47},{"not_picked":["Wild Strike","Perfected Strike+1","Warcry","Twin Strike"],"picked":"SKIP","floor":55}],"player_experience":929485,"relics_obtained":[{"floor":6.0,"key":"Sundial"},{"floor":9.0,"key":"Question Card"},{"floor":11.0,"key":"Meat on the Bone"},{"floor":14.0,"key":"Akabeko"},{"floor":23.0,"key":"Nunchaku"},{"floor":26.0,"key":"Eternal Feather"},{"floor":28.0,"key":"Calipers"},{"floor":30,"key":"War Paint"},{"floor":40,"key":"Pen Nib"},{"floor":40,"key":"CaptainsWheel"},{"floor":42,"key":"Omamori"},{"floor":42,"key":"MawBank"},{"floor":44,"key":"Anchor"},{"floor":44,"key":"Boot"},{"floor":46,"key":"PreservedInsect"},{"floor":46,"key":"Mummified Hand"},{"floor":48,"key":"Ice Cream"},{"floor":55,"key":"Kunai"},{"floor":55,"key":"Bottled Flame"}],"event_choices":[{"damage_healed":0.0,"max_hp_gain":0.0,"max_hp_loss":0.0,"gold_gain":0.0,"cards_transformed":["Strike_R"],"event_name":"Living Wall","player_choice":"Change","floor":2.0,"gold_loss":0.0,"damage_taken":0.0,"cards_obtained":["Carnage"]},{"cards_removed":["Strike_R"],"damage_healed":0.0,"max_hp_gain":0.0,"max_hp_loss":0.0,"gold_gain":0.0,"event_name":"The Cleric","player_choice":"Card Removal","floor":3.0,"gold_loss":75.0,"damage_taken":0.0},{"cards_removed":["Strike_R"],"damage_healed":0.0,"max_hp_gain":0.0,"max_hp_loss":0.0,"gold_gain":0.0,"event_name":"Golden Wing","player_choice":"Card Removal","floor":4.0,"gold_loss":0.0,"damage_taken":7.0},{"damage_healed":0.0,"max_hp_gain":5.0,"max_hp_loss":0.0,"gold_gain":0.0,"event_name":"Big Fish","player_choice":"Donut","floor":5.0,"gold_loss":0.0,"damage_taken":0.0},{"damage_healed":0.0,"max_hp_gain":0.0,"max_hp_loss":8.0,"gold_gain":0.0,"event_name":"Golden Idol","player_choice":"Lose Max HP","floor":13.0,"gold_loss":0.0,"damage_taken":0.0,"relics_obtained":["Golden Idol"]},{"cards_removed":["Strike_R"],"damage_healed":0.0,"max_hp_gain":0.0,"max_hp_loss":0.0,"gold_gain":0.0,"event_name":"Back to Basics","player_choice":"Elegance","floor":20.0,"gold_loss":0.0,"damage_taken":0.0},{"damage_healed":0.0,"max_hp_gain":0.0,"max_hp_loss":0.0,"gold_gain":50.0,"event_name":"Golden Shrine","player_choice":"Pray","floor":22.0,"gold_loss":0.0,"damage_taken":0.0},{"damage_healed":0,"gold_gain":0,"player_choice":"Fight","damage_taken":0,"max_hp_gain":0,"max_hp_loss":0,"event_name":"MindBloom","floor":48,"gold_loss":0}],"is_beta":false,"boss_relics":[{"not_picked":["SlaversCollar","Tiny House"],"picked":"Coffee Dripper"},{"not_picked":["Snecko Eye","Velvet Choker"],"picked":"Black Star"}],"items_purged_floors":[19,25,36,38,54],"is_endless":false,"potions_floor_spawned":[10,14,16,18,21,31,39,42,46,47,55],"ascension_level":20}}