{"host":"pf5oese4ka0eje7d","time":1609667866,"event":{"mods":["AchievementEnabler","BaseMod","Colored Map","Minty Spire (QoL Compilation)","StSLib","SuperFastMode"],"gold_per_floor":[115,134,144,69,79,108,8,27,107,119,119,132,132,145,145,249,249,266,365,365,377,252,252,252,252],"floor_reached":24,"playtime":523,"items_purged":["Strike_B","Strike_B","Strike_B"],"score":250,"play_id":"37aaca8e-5930-49ea-9c41-c9541fcf6c6d","local_time":"20210103105746","is_ascension_mode":true,"campfire_choices":[{"floor":11,"key":"REST"},{"floor":13,"key":"REST"},{"floor":15,"key":"REST"},{"floor":23,"key":"REST"}],"circlet_count":0,"master_deck":["Strike_B","Defend_B","Defend_B","Defend_B","Defend_B+1","Zap+1","Dualcast+1","Beam Cell","Defragment","Gash","Static Discharge","Machine Learning","CurseOfTheBell"],"relics":["Cracked Core","Pen Nib","Ornamental Fan","Pantograph","Shovel","War Paint","Nloth\u0027s Gift"],"acts_visited":["Exordium","TheCity"],"potions_floor_usage":[16,16],"damage_taken":[{"damage":0,"enemies":"Cultist","floor":1,"turns":3},{"damage":4,"enemies":"Jaw Worm","floor":2,"turns":3},{"damage":0,"enemies":"2 Louse","floor":3,"turns":2},{"damage":7,"enemies":"Red Slaver","floor":5,"turns":4},{"damage":25,"enemies":"Lagavulin","floor":6,"turns":5},{"damage":0,"enemies":"3 Louse","floor":8,"turns":4},{"damage":16,"enemies":"Blue Slaver","floor":10,"turns":3},{"damage":26,"enemies":"Exordium Thugs","floor":12,"turns":4},{"damage":17,"enemies":"Exordium Wildlife","floor":14,"turns":3},{"damage":32,"enemies":"The Guardian","floor":16,"turns":7},{"damage":20,"enemies":"3 Byrds","floor":18,"turns":3},{"damage":32,"enemies":"Shell Parasite","floor":21,"turns":5},{"damage":37,"enemies":"Gremlin Leader","floor":24,"turns":4}],"seed_played":"-621145428198497616","potions_obtained":[{"floor":1,"key":"PotionOfCapacity"},{"floor":6,"key":"SkillPotion"},{"floor":8,"key":"SteroidPotion"},{"floor":14,"key":"EssenceOfDarkness"},{"floor":16,"key":"SpeedPotion"}],"is_trial":false,"path_per_floor":["M","M","M","$","M","E","$","M","T","M","R","M","R","M","R","B",null,"M","?","?","M","$","R","E"],"character_chosen":"DEFECT","items_purchased":[],"campfire_rested":4,"item_purchase_floors":[],"current_hp_per_floor":[75,71,71,71,64,39,39,39,39,23,45,19,41,24,46,14,60,40,40,40,8,8,30,0,0],"gold":252,"neow_bonus":"UPGRADE_CARD","is_daily":false,"chose_seed":false,"campfire_upgraded":0,"win_rate":0.0,"timestamp":1609667866,"path_taken":["M","M","?","$","M","E","$","M","T","M","R","M","R","M","R","BOSS","M","?","?","M","$","R","E"],"items_purchased_type":[],"build_version":"2020-12-22","purchased_purges":3,"victory":false,"max_hp_per_floor":[75,75,75,75,75,75,75,75,75,75,75,75,75,75,75,75,75,75,75,75,75,75,75,75,75],"card_choices":[{"not_picked":["FTL","Coolheaded"],"picked":"Beam Cell","floor":1},{"not_picked":["Redo","Double Energy"],"picked":"Defragment","floor":2},{"not_picked":["Conserve Battery","Heatsinks","Hologram"],"picked":"SKIP","floor":3},{"not_picked":["Consume","Skim","Aggregate"],"picked":"SKIP","floor":5},{"not_picked":["Streamline","Rebound"],"picked":"Gash","floor":6},{"not_picked":["Sweeping Beam","Buffer"],"picked":"Static Discharge","floor":8},{"not_picked":["Sweeping Beam","Beam Cell","Go for the Eyes"],"picked":"SKIP","floor":10},{"not_picked":["Go for the Eyes","Darkness","Barrage"],"picked":"SKIP","floor":12},{"not_picked":["Conserve Battery","Consume","Cold Snap"],"picked":"SKIP","floor":14},{"not_picked":["Multi-Cast","Biased Cognition"],"picked":"Machine Learning","floor":16},{"not_picked":["Stack","Coolheaded","Cold Snap"],"picked":"SKIP","floor":18},{"not_picked":["Fusion+1","Blizzard","Turbo"],"picked":"SKIP","floor":21}],"player_experience":310407,"relics_obtained":[{"floor":6,"key":"Pen Nib"},{"floor":9,"key":"Ornamental Fan"},{"floor":17,"key":"Pantograph"},{"floor":17,"key":"Shovel"},{"floor":17,"key":"War Paint"}],"event_choices":[{"damage_healed":0,"gold_gain":99,"player_choice":"Stole From Cult","damage_taken":0,"max_hp_gain":0,"max_hp_loss":0,"event_name":"Nest","floor":19,"gold_loss":0},{"damage_healed":0,"gold_gain":0,"player_choice":"Traded Relic","damage_taken":0,"relics_obtained":["Nloth\u0027s Gift"],"max_hp_gain":0,"max_hp_loss":0,"event_name":"N\u0027loth","floor":20,"relics_lost":["Calling Bell"],"gold_loss":0}],"is_beta":false,"boss_relics":[{"not_picked":["Snecko Eye","Coffee Dripper"],"picked":"Calling Bell"}],"items_purged_floors":[4,7,22],"is_endless":false,"potions_floor_spawned":[1,6,8,14,16],"killed_by":"Gremlin Leader","ascension_level":5}}