{"host":"hca6liskeo7s99fa","time":1609635233,"event":{"mods":["BaseMod","Downfall","Hermit","Minty Spire (QoL Compilation)","Replay The Spire","StSLib","The Cursed","The Dragon Tamer","The Servant 0.9.4"],"gold_per_floor":[112,112,112,112,187,187,187,187,267,267,278,278,278,297,297,397,397,414,427,367,367,377,377,392,419,493,140,157,171,171,60,60,60,60],"floor_reached":33,"playtime":2340,"items_purged":[],"score":303,"play_id":"b9e5eda4-e60d-4249-9017-d279bf960132","local_time":"20210102195353","is_ascension_mode":false,"campfire_choices":[{"data":"KidneyShot","floor":6,"key":"SMITH"},{"data":"Exchange","floor":8,"key":"SMITH"},{"data":"Misdirection","floor":10,"key":"SMITH"},{"data":"Starlight","floor":15,"key":"SMITH"},{"data":"MurderousAura","floor":23,"key":"SMITH"},{"data":"Starlight","floor":30,"key":"SMITH"},{"data":"Moonlight","floor":32,"key":"SMITH"}],"circlet_count":0,"master_deck":["Strike_S","Strike_S","Strike_S","Strike_S","Defend_S","Defend_S","Defend_S","KidneyShot+1","Exchange+1","Misdirection+1","Starlight+1","GearUp","MurderousAura+1","Starlight+1","Contraction","InstantArmor","Starlight+1","Starlight","Moonlight","Moonlight+1","Ricochet"],"relics":["SplendidAttire","NeowsBlessing","Bottled Lightning","Mummified Hand","Regal Pillow","Replay:Ringing Soul","BargainBundle","Tiny Chest"],"acts_visited":["Exordium","TheCity"],"potions_floor_usage":[16,25,25,28,29],"damage_taken":[{"damage":0,"enemies":"Jaw Worm","floor":1,"turns":1},{"damage":0,"enemies":"Cultist","floor":11,"turns":1},{"damage":0,"enemies":"2 Louse","floor":14,"turns":1},{"damage":12,"enemies":"Hexaghost","floor":16,"turns":11},{"damage":11,"enemies":"2 Thieves","floor":18,"turns":5},{"damage":4,"enemies":"Spheric Guardian","floor":19,"turns":4},{"damage":0,"enemies":"Snecko","floor":22,"turns":3},{"damage":0,"enemies":"Cultist and Chosen","floor":24,"turns":6},{"damage":0,"enemies":"Book of Stabbing","floor":25,"turns":4},{"damage":0,"enemies":"3 Cultists","floor":28,"turns":4},{"damage":0,"enemies":"Snecko","floor":29,"turns":4},{"damage":65,"enemies":"Pondfish","floor":33,"turns":12}],"seed_played":"-9133041471505126544","potions_obtained":[{"floor":1,"key":"SmokeBomb"},{"floor":14,"key":"Strength Potion"},{"floor":18,"key":"SteroidPotion"},{"floor":21,"key":"LifebloodPotion"},{"floor":21,"key":"Energy Potion"}],"is_trial":false,"path_per_floor":["M","?","$","?","?","R","?","R","T","R","M","T","?","M","R","B",null,"M","M","?","?","M","R","M","E","T","$","M","M","R","$","R","B"],"character_chosen":"THE_SERVANT","items_purchased":["BargainBundle","ColorlessPotion","Block Potion","InstantArmor","Tiny Chest","Moonlight","Ricochet"],"campfire_rested":0,"item_purchase_floors":[27,27,27,27,27,31,31],"current_hp_per_floor":[65,59,59,59,48,48,48,48,48,48,48,48,48,48,48,36,65,54,50,50,50,50,50,50,50,50,53,56,59,59,62,62,0,0],"gold":60,"neow_bonus":"THREE_ENEMY_KILL","is_daily":false,"chose_seed":false,"campfire_upgraded":7,"win_rate":0.0,"timestamp":1609635233,"path_taken":["M","?","$","?","?","R","?","R","T","R","?","?","?","M","R","BOSS","M","M","?","?","M","R","M","E","T","$","M","?","R","$","R","BOSS"],"items_purchased_type":["Relic","Potion","Potion","Card","Relic","Card","Card"],"build_version":"2020-12-22","purchased_purges":0,"victory":false,"max_hp_per_floor":[65,65,65,65,65,65,65,65,65,65,65,65,65,65,65,65,65,65,65,65,65,65,65,65,65,65,68,71,74,74,77,77,77,77],"card_choices":[{"not_picked":["Unruled","Revamp"],"picked":"Misdirection","floor":1},{"not_picked":["Spin","SurpressingFire"],"picked":"Starlight","floor":11},{"not_picked":["TimeWarp","BottledTime"],"picked":"GearUp","floor":14},{"not_picked":["Initiator","PendulumOfEternity"],"picked":"MurderousAura","floor":16},{"not_picked":["Collapse","Revamp","Replace"],"picked":"SKIP","floor":18},{"not_picked":["Alleviate","Contraction"],"picked":"Starlight+1","floor":19},{"not_picked":["Hightail+1","TimeWarp","Spin"],"picked":"SKIP","floor":22},{"not_picked":["Alleviate","Unruled","ShatteredReality"],"picked":"SKIP","floor":24},{"not_picked":["Read","Spin"],"picked":"Contraction","floor":25},{"not_picked":["DoubleEdge+1","LightFlow"],"picked":"Starlight","floor":28},{"not_picked":["Alleviate","TimeWarp"],"picked":"Starlight","floor":29}],"player_experience":229969,"relics_obtained":[{"floor":9,"key":"Bottled Lightning"},{"floor":12,"key":"Mummified Hand"},{"floor":25,"key":"Regal Pillow"},{"floor":26,"key":"Replay:Ringing Soul"}],"event_choices":[{"damage_healed":0,"gold_gain":0,"player_choice":"Damaged","damage_taken":6,"max_hp_gain":0,"max_hp_loss":0,"event_name":"Wheel of Change","floor":2,"gold_loss":0},{"damage_healed":0,"gold_gain":75,"player_choice":"Gather Gold","damage_taken":11,"max_hp_gain":0,"max_hp_loss":0,"event_name":"World of Goop","floor":5,"gold_loss":0},{"damage_healed":0,"gold_gain":0,"player_choice":"Ignored","damage_taken":0,"max_hp_gain":0,"max_hp_loss":0,"event_name":"Liars Game","floor":7,"gold_loss":0},{"damage_healed":0,"gold_gain":0,"player_choice":"Bought 0 Potions","damage_taken":0,"max_hp_gain":0,"max_hp_loss":0,"event_name":"The Woman in Blue","floor":13,"gold_loss":0},{"damage_healed":0,"gold_gain":0,"player_choice":"Got Potions","damage_taken":0,"max_hp_gain":0,"max_hp_loss":0,"event_name":"Lab","floor":21,"gold_loss":0}],"is_beta":false,"boss_relics":[{"not_picked":["StoneMask","Snecko Eye"],"picked":"SplendidAttire"}],"items_purged_floors":[],"is_endless":false,"potions_floor_spawned":[1,14,18,22,24,28],"killed_by":"Pondfish","ascension_level":0}}