{"host":"3qkmyeoym75lj4wn","time":1609679424,"event":{"mods":["2.2 Compatiblity","BaseMod","Block Reminder","Colored Powertips","Highlight Path","Minty Spire (QoL Compilation)","Permanent Neow","Potion Indicator Mod","Rare Cards Sparkle","Relic Stats","StSLib"],"gold_per_floor":[116,116,116,134,149,149,180,180,206,50,50,81,81,106,106,180,180,196,221,271,286,298,298,331,331,400,429,445,445,106,122,122,122,122],"floor_reached":33,"playtime":1138,"items_purged":["Strike_G"],"score":652,"play_id":"d1b18578-57c3-42c0-bf7f-8707a0ceaee2","local_time":"20210103131024","is_ascension_mode":true,"campfire_choices":[{"data":"Blade Dance","floor":6.0,"key":"SMITH"},{"data":"Neutralize","floor":8.0,"key":"SMITH"},{"data":"A Thousand Cuts","floor":11.0,"key":"SMITH"},{"floor":13.0,"key":"REST"},{"data":"Riddle With Holes","floor":15.0,"key":"SMITH"},{"data":"Glass Knife","floor":23,"key":"SMITH"},{"floor":32,"key":"REST"}],"circlet_count":0,"master_deck":["AscendersBane","Strike_G","Strike_G+1","Defend_G","Defend_G","Defend_G","Defend_G","Defend_G","Survivor","Neutralize+1","Cloak And Dagger","Blade Dance+1","Backstab+1","A Thousand Cuts+1","Backstab","Riddle With Holes+1","Glass Knife+1","Dagger Spray+1","Calculated Gamble","Backflip","PiercingWail","Trip"],"relics":["Ring of the Snake","Mango","CultistMask","Lantern","Bronze Scales","Akabeko","Omamori","Empty Cage","Red Mask","Anchor","White Beast Statue","Toy Ornithopter","Whetstone"],"acts_visited":["Exordium","TheCity"],"potions_floor_usage":[22,24,27,33,33],"damage_taken":[{"damage":1.0,"enemies":"Small Slimes","floor":1.0,"turns":4.0},{"damage":0.0,"enemies":"2 Louse","floor":4.0,"turns":2.0},{"damage":0.0,"enemies":"Cultist","floor":5.0,"turns":4.0},{"damage":44.0,"enemies":"Gremlin Nob","floor":7.0,"turns":4.0},{"damage":0.0,"enemies":"3 Sentries","floor":12.0,"turns":7.0},{"damage":14.0,"enemies":"Lagavulin","floor":14.0,"turns":8.0},{"damage":24.0,"enemies":"The Guardian","floor":16.0,"turns":11.0},{"damage":0.0,"enemies":"3 Byrds","floor":18.0,"turns":3.0},{"damage":8.0,"enemies":"Masked Bandits","floor":19.0,"turns":3.0},{"damage":0.0,"enemies":"Chosen","floor":21.0,"turns":1.0},{"damage":0,"enemies":"Snecko","floor":22,"turns":1},{"damage":8,"enemies":"Slavers","floor":24,"turns":5},{"damage":4,"enemies":"Book of Stabbing","floor":27,"turns":2},{"damage":0,"enemies":"Centurion and Healer","floor":28,"turns":2},{"damage":0,"enemies":"Sentry and Sphere","floor":31,"turns":2},{"damage":69,"enemies":"Automaton","floor":33,"turns":8}],"seed_played":"-1951051876372544191","potions_obtained":[{"floor":4.0,"key":"SpeedPotion"},{"floor":5.0,"key":"SpeedPotion"},{"floor":7.0,"key":"Energy Potion"},{"floor":12.0,"key":"SneckoOil"},{"floor":18.0,"key":"SteroidPotion"},{"floor":24,"key":"AttackPotion"},{"floor":27,"key":"Block Potion"},{"floor":28,"key":"LiquidBronze"}],"is_trial":false,"path_per_floor":["M","?","?","M","M","R","E","R","T","$","R","E","R","E","R","B",null,"M","?","?","M","M","R","E","?","T","E","M","?","$","M","R","B"],"character_chosen":"THE_SILENT","items_purchased":["A Thousand Cuts","Trip","Whetstone"],"campfire_rested":2,"item_purchase_floors":[10,30,30],"current_hp_per_floor":[72,72,72,72,72,72,28,28,28,28,28,28,50,36,36,12,59,59,51,51,51,51,51,43,58,58,54,54,33,33,33,56,0,0],"gold":122,"neow_bonus":"ONE_RARE_RELIC","is_daily":false,"chose_seed":false,"campfire_upgraded":5,"win_rate":0.0,"timestamp":1609679424,"path_taken":["M","?","?","M","M","R","E","R","T","$","R","E","R","E","R","BOSS","M","?","?","?","M","R","E","?","T","E","M","?","$","M","R","BOSS"],"items_purchased_type":["Card","Card","Relic"],"build_version":"2020-12-22","purchased_purges":1,"victory":false,"max_hp_per_floor":[74,74,74,74,74,74,74,74,74,74,74,74,74,74,74,74,74,74,74,74,74,74,74,74,74,74,74,74,79,79,79,79,79,79],"relic_stats":{"counters":[16,67],"Bronze Scales":[173],"Whetstone":["Backstab","Strike_G"],"obtain_stats":[{"Lantern":7,"Mango":0,"Omamori":14,"Whetstone":30,"Empty Cage":17,"Akabeko":12,"White Beast Statue":26,"Anchor":24,"Bronze Scales":9,"CultistMask":3,"Red Mask":19,"Toy Ornithopter":27,"Ring of the Snake":0},{"Lantern":4,"Mango":0,"Omamori":6,"Whetstone":14,"Empty Cage":7,"Akabeko":5,"White Beast Statue":12,"Anchor":12,"Bronze Scales":4,"CultistMask":1,"Red Mask":9,"Toy Ornithopter":13,"Ring of the Snake":0},{"Lantern":14,"Mango":0,"Omamori":29,"Whetstone":57,"Empty Cage":40,"Akabeko":21,"White Beast Statue":53,"Anchor":53,"Bronze Scales":14,"CultistMask":4,"Red Mask":46,"Toy Ornithopter":55,"Ring of the Snake":0}],"Toy Ornithopter":10,"Ring of the Snake":[32]},"card_choices":[{"not_picked":["Acrobatics","Blur"],"picked":"Cloak And Dagger","floor":1.0},{"not_picked":["Choke","Setup","Prepared"],"picked":"SKIP","floor":4.0},{"not_picked":["Setup","Reflex"],"picked":"Blade Dance","floor":5.0},{"not_picked":["Dagger Throw","Blade Dance"],"picked":"Backstab","floor":7.0},{"not_picked":["Catalyst","Acrobatics"],"picked":"Backstab","floor":12.0},{"not_picked":["Distraction","PiercingWail"],"picked":"Riddle With Holes","floor":14.0},{"not_picked":["Night Terror","After Image"],"picked":"Glass Knife","floor":16.0},{"not_picked":["Choke","Prepared","Dagger Throw"],"picked":"SKIP","floor":18.0},{"not_picked":["Deflect","Slice"],"picked":"Dagger Spray+1","floor":19.0},{"not_picked":["Sucker Punch","Choke"],"picked":"Calculated Gamble","floor":21.0},{"not_picked":["Infinite Blades","Poisoned Stab"],"picked":"Backflip","floor":22},{"not_picked":["Envenom","Prepared"],"picked":"PiercingWail","floor":24},{"not_picked":["Poisoned Stab","Expertise","Infinite Blades"],"picked":"SKIP","floor":27},{"not_picked":["Acrobatics","Accuracy","Eviscerate"],"picked":"SKIP","floor":28},{"not_picked":["Dodge and Roll","Slice","Quick Slash"],"picked":"SKIP","floor":31}],"player_experience":1645000,"relics_obtained":[{"floor":7.0,"key":"Lantern"},{"floor":9.0,"key":"Bronze Scales"},{"floor":12.0,"key":"Akabeko"},{"floor":14.0,"key":"Omamori"},{"floor":19.0,"key":"Red Mask"},{"floor":24,"key":"Anchor"},{"floor":26,"key":"White Beast Statue"},{"floor":27,"key":"Toy Ornithopter"}],"event_choices":[{"damage_healed":0.0,"max_hp_gain":0.0,"max_hp_loss":0.0,"gold_gain":0.0,"event_name":"The Cleric","player_choice":"Leave","floor":2.0,"gold_loss":0.0,"damage_taken":0.0},{"damage_healed":0.0,"max_hp_gain":0.0,"max_hp_loss":0.0,"gold_gain":0.0,"event_name":"FaceTrader","player_choice":"Trade","floor":3.0,"gold_loss":0.0,"damage_taken":0.0,"relics_obtained":["CultistMask"]},{"damage_healed":0.0,"max_hp_gain":0.0,"max_hp_loss":0.0,"gold_gain":0.0,"event_name":"Masked Bandits","player_choice":"Fought Bandits","floor":19.0,"gold_loss":0.0,"damage_taken":0.0},{"damage_healed":0.0,"max_hp_gain":0.0,"max_hp_loss":0.0,"gold_gain":50.0,"event_name":"Nest","player_choice":"Stole From Cult","floor":20.0,"gold_loss":0.0,"damage_taken":0.0},{"damage_healed":15,"gold_gain":0,"player_choice":"Heal","damage_taken":0,"max_hp_gain":0,"max_hp_loss":0,"event_name":"The Library","floor":25,"gold_loss":0},{"damage_healed":0,"gold_gain":0,"player_choice":"Shed Blood","damage_taken":26,"max_hp_gain":5,"max_hp_loss":0,"event_name":"Forgotten Altar","floor":29,"gold_loss":0}],"is_beta":false,"boss_relics":[{"not_picked":["WristBlade","Fusion Hammer"],"picked":"Empty Cage"}],"items_purged_floors":[30],"is_endless":false,"potions_floor_spawned":[4,5,7,12,18,21,24,27,28,31],"killed_by":"Automaton","ascension_level":20}}