{"host":"qm4rv4rkpk76sbxu","time":1609712375,"event":{"mods":["BaseMod","Bestiary","Block Reminder","Filter the Spire","Keyboard Shortcuts","Minty Spire (QoL Compilation)","MonsterHotkey","Potion Indicator Mod","Quick Restart","Relic Stats","Slay-I","StSLib","ojb\u0027s Better Paths Mod"],"gold_per_floor":[115,126,138,192,192,225,241,241,241,269,23,73,93,125,125,197,197,209,37,37,37,37,62,62,96,96,109,109,128,140,170,170,241,241,259,275,3,57,1056,1085,1085,1118,1199,1210,790,813,841,858,858,858,858,858,858,34,64,64],"floor_reached":57,"playtime":2836,"items_purged":["Strike_B","Strike_B"],"score":2957,"play_id":"798d05e0-2f18-4a8a-9fe4-3dfa56ffdf4b","local_time":"20210103231935","is_ascension_mode":true,"campfire_choices":[{"floor":8.0,"key":"REST"},{"data":"Streamline","floor":15.0,"key":"SMITH"},{"data":"Defragment","floor":24.0,"key":"SMITH"},{"floor":28.0,"key":"REST"},{"floor":32.0,"key":"REST"},{"data":"Defragment","floor":41.0,"key":"SMITH"},{"floor":49.0,"key":"RECALL"},{"data":"Capacitor","floor":53.0,"key":"SMITH"}],"circlet_count":0,"master_deck":["AscendersBane","Strike_B+1","Defend_B","Defend_B","Defend_B","Defend_B","Zap","Dualcast","Streamline+1","Beam Cell+1","Defragment+1","Undo","Conserve Battery","Ball Lightning+1","Defragment+1","Lockon+1","Thunder Strike+1","Beam Cell+1","Cold Snap+1","White Noise+1","Capacitor+1","Electrodynamics","Ball Lightning+1","Hologram","Electrodynamics","Cold Snap+1","Coolheaded+1","Stack+1","Compile Driver+1","Echo Form","Coolheaded","Go for the Eyes+1"],"relics":["Cracked Core","NeowsBlessing","Molten Egg 2","Happy Flower","Meat on the Bone","Dream Catcher","Lee\u0027s Waffle","Regal Pillow","Black Star","PreservedInsect","WarpedTongs","Lizard Tail","Blue Candle","Potion Belt","InkBottle","Omamori","Anchor","CaptainsWheel","Empty Cage","Runic Capacitor","WingedGreaves","HornCleat","Nunchaku","Letter Opener","Ornamental Fan","Lantern","Cauldron","Whetstone","DataDisk","Oddly Smooth Stone","Medical Kit","Mango","Vajra","Centennial Puzzle"],"acts_visited":["Exordium","TheCity","TheBeyond","TheEnding"],"potions_floor_usage":[56,56,56,56],"damage_taken":[{"damage":0.0,"enemies":"Small Slimes","floor":1.0,"turns":1.0},{"damage":0.0,"enemies":"Jaw Worm","floor":2.0,"turns":1.0},{"damage":0.0,"enemies":"Cultist","floor":3.0,"turns":1.0},{"damage":50.0,"enemies":"3 Sentries","floor":6.0,"turns":8.0},{"damage":3.0,"enemies":"2 Fungi Beasts","floor":7.0,"turns":3.0},{"damage":23.0,"enemies":"Lagavulin","floor":10.0,"turns":7.0},{"damage":19.0,"enemies":"Gremlin Gang","floor":13.0,"turns":5.0},{"damage":4.0,"enemies":"Gremlin Nob","floor":14.0,"turns":3.0},{"damage":0.0,"enemies":"Slime Boss","floor":16.0,"turns":5.0},{"damage":19.0,"enemies":"3 Byrds","floor":18.0,"turns":5.0},{"damage":7.0,"enemies":"Gremlin Leader","floor":23.0,"turns":6.0},{"damage":22.0,"enemies":"Book of Stabbing","floor":25.0,"turns":3.0},{"damage":13.0,"enemies":"2 Thieves","floor":27.0,"turns":3.0},{"damage":26.0,"enemies":"3 Cultists","floor":29.0,"turns":5.0},{"damage":23.0,"enemies":"Cultist and Chosen","floor":30.0,"turns":5.0},{"damage":18.0,"enemies":"Gremlin Leader","floor":31.0,"turns":5.0},{"damage":36.0,"enemies":"Champ","floor":33.0,"turns":8.0},{"damage":9.0,"enemies":"3 Shapes","floor":35.0,"turns":4.0},{"damage":0.0,"enemies":"Orb Walker","floor":36.0,"turns":3.0},{"damage":26.0,"enemies":"2 Orb Walkers","floor":38.0,"turns":6.0},{"damage":30.0,"enemies":"Giant Head","floor":40.0,"turns":7.0},{"damage":5.0,"enemies":"Reptomancer","floor":42.0,"turns":3.0},{"damage":0.0,"enemies":"Sphere and 2 Shapes","floor":44.0,"turns":3.0},{"damage":30.0,"enemies":"Nemesis","floor":47.0,"turns":5.0},{"damage":2.0,"enemies":"Writhing Mass","floor":48.0,"turns":4.0},{"damage":53.0,"enemies":"Awakened One","floor":50.0,"turns":15.0},{"damage":5.0,"enemies":"Donu and Deca","floor":51.0,"turns":9.0},{"damage":41.0,"enemies":"Shield and Spear","floor":55.0,"turns":6.0},{"damage":52,"enemies":"The Heart","floor":56,"turns":10}],"seed_played":"-4125189829312522605","potions_obtained":[{"floor":6.0,"key":"SneckoOil"},{"floor":7.0,"key":"SmokeBomb"},{"floor":10.0,"key":"PowerPotion"},{"floor":14.0,"key":"AttackPotion"},{"floor":16.0,"key":"Fire Potion"},{"floor":25.0,"key":"Energy Potion"},{"floor":29.0,"key":"Swift Potion"},{"floor":35.0,"key":"PowerPotion"},{"floor":36.0,"key":"Energy Potion"},{"floor":42.0,"key":"EssenceOfSteel"},{"floor":45.0,"key":"Fruit Juice"},{"floor":45.0,"key":"Regen Potion"},{"floor":45.0,"key":"LiquidMemories"},{"floor":47.0,"key":"DistilledChaos"}],"is_trial":false,"path_per_floor":["M","M","M","?","T","E","M","R","T","E","$","?","M","E","R","B",null,"M","$","?","?","?","E","R","E","T","M","R","M","M","E","R","B",null,"M","M","$","?","?","E","R","E","T","M","$","T","E","M","R","B","B",null,"R","$","E","B",null],"character_chosen":"DEFECT","items_purchased":["Lee\u0027s Waffle","PreservedInsect","Runic Capacitor","FocusPotion","Dexterity Potion","Lantern","Cauldron","Echo Form","Medical Kit","Mango","Ancient Potion","Coolheaded","Dexterity Potion"],"campfire_rested":3,"item_purchase_floors":[11,19,37,37,37,45,45,54,54,54,54,54,54],"current_hp_per_floor":[64,64,64,64,64,14,11,32,32,21,78,71,52,48,48,48,71,52,52,30,30,30,35,35,25,25,24,63,49,38,32,71,47,74,65,65,65,51,51,33,33,40,40,52,57,57,39,49,49,23,30,74,74,88,59,19],"gold":64,"neow_bonus":"THREE_ENEMY_KILL","is_daily":false,"chose_seed":false,"campfire_upgraded":4,"win_rate":0.0,"timestamp":1609712375,"path_taken":["M","M","M","?","?","E","?","R","T","E","$","?","?","E","R","BOSS","M","$","?","?","?","E","R","E","T","M","R","?","M","E","R","BOSS","M","M","$","?","?","E","R","E","T","M","$","?","E","M","R","BOSS","BOSS","R","$","E","BOSS"],"items_purchased_type":["Relic","Relic","Relic","Potion","Potion","Relic","Relic","Card","Relic","Relic","Potion","Card","Potion"],"build_version":"2020-12-22","purchased_purges":2,"victory":true,"max_hp_per_floor":[71,71,71,71,71,71,71,71,71,71,78,78,78,78,78,78,78,78,78,83,83,83,83,83,83,83,83,83,83,83,83,83,83,83,83,83,83,83,83,83,83,83,83,83,88,88,88,88,88,88,88,88,88,102,102,102],"relic_stats":{"Lee\u0027s Waffle":57,"Regal Pillow":30,"Happy Flower":[46],"counters":[29,149],"Blue Candle":[5],"PreservedInsect":450,"Letter Opener":[74],"Whetstone":["Strike_B","Beam Cell"],"Medical Kit":[7],"WarpedTongs":[99],"Dream Catcher":2,"Lizard Tail":0,"Nunchaku":[10],"Centennial Puzzle":[3],"Ornamental Fan":[64],"Black Star":7,"obtain_stats":[{"Regal Pillow":14,"Lantern":45,"Vajra":55,"Mango":54,"Runic Capacitor":37,"Whetstone":46,"Empty Cage":34,"Dream Catcher":10,"Lizard Tail":23,"Nunchaku":40,"Centennial Puzzle":55,"HornCleat":40,"WingedGreaves":38,"Cracked Core":0,"InkBottle":25,"Potion Belt":25,"Lee\u0027s Waffle":11,"NeowsBlessing":0,"Happy Flower":6,"Blue Candle":23,"Oddly Smooth Stone":47,"PreservedInsect":19,"Omamori":26,"Letter Opener":42,"Medical Kit":54,"WarpedTongs":22,"Cauldron":45,"Anchor":31,"CaptainsWheel":31,"DataDisk":47,"Ornamental Fan":42,"Molten Egg 2":5,"Black Star":17,"Meat on the Bone":9},{"Regal Pillow":8,"Lantern":23,"Vajra":28,"Mango":27,"Runic Capacitor":19,"Whetstone":23,"Empty Cage":17,"Dream Catcher":6,"Lizard Tail":11,"Nunchaku":21,"Centennial Puzzle":28,"HornCleat":21,"WingedGreaves":20,"Cracked Core":0,"InkBottle":12,"Potion Belt":12,"Lee\u0027s Waffle":6,"NeowsBlessing":0,"Happy Flower":4,"Blue Candle":11,"Oddly Smooth Stone":24,"PreservedInsect":10,"Omamori":12,"Letter Opener":22,"Medical Kit":27,"WarpedTongs":10,"Cauldron":23,"Anchor":16,"CaptainsWheel":16,"DataDisk":24,"Ornamental Fan":22,"Molten Egg 2":3,"Black Star":9,"Meat on the Bone":5},{"Regal Pillow":29,"Lantern":100,"Vajra":139,"Mango":133,"Runic Capacitor":81,"Whetstone":100,"Empty Cage":74,"Dream Catcher":21,"Lizard Tail":45,"Nunchaku":94,"Centennial Puzzle":139,"HornCleat":94,"WingedGreaves":87,"Cracked Core":0,"InkBottle":48,"Potion Belt":48,"Lee\u0027s Waffle":21,"NeowsBlessing":0,"Happy Flower":11,"Blue Candle":45,"Oddly Smooth Stone":105,"PreservedInsect":39,"Omamori":48,"Letter Opener":97,"Medical Kit":133,"WarpedTongs":39,"Cauldron":100,"Anchor":66,"CaptainsWheel":66,"DataDisk":105,"Ornamental Fan":97,"Molten Egg 2":3,"Black Star":34,"Meat on the Bone":14}],"InkBottle":[42],"Meat on the Bone":216},"card_choices":[{"not_picked":["Redo","BootSequence"],"picked":"Streamline","floor":1.0},{"not_picked":["Undo","Sweeping Beam"],"picked":"Beam Cell","floor":2.0},{"not_picked":["Recycle","Hologram"],"picked":"Defragment","floor":3.0},{"not_picked":["Chaos","Capacitor"],"picked":"Undo","floor":6.0},{"not_picked":["Gash+1","Sweeping Beam+1"],"picked":"Conserve Battery","floor":7.0},{"not_picked":["Rip and Tear+1","Beam Cell+1"],"picked":"Ball Lightning+1","floor":10.0},{"not_picked":["Chaos","Chill"],"picked":"Defragment","floor":13.0},{"not_picked":["Auto Shields","Capacitor"],"picked":"Lockon+1","floor":14.0},{"not_picked":["Hyperbeam+1","Meteor Strike+1"],"picked":"Thunder Strike+1","floor":16.0},{"not_picked":["Turbo","Steam Power","Chaos"],"picked":"SKIP","floor":18.0},{"not_picked":["Sweeping Beam+1","Creative AI"],"picked":"Beam Cell+1","floor":23.0},{"not_picked":["Go for the Eyes+1","Reprogram"],"picked":"Cold Snap+1","floor":25.0},{"not_picked":["Go for the Eyes+1","Coolheaded"],"picked":"White Noise+1","floor":27.0},{"not_picked":["Melter+1","Hologram"],"picked":"Capacitor","floor":29.0},{"not_picked":["Streamline+1","Genetic Algorithm"],"picked":"Electrodynamics","floor":30.0},{"not_picked":["Leap","Blizzard+1"],"picked":"Ball Lightning+1","floor":31.0},{"not_picked":["Go for the Eyes+1","Barrage+1"],"picked":"Hologram","floor":32.0},{"not_picked":["Thunder Strike+1","Buffer"],"picked":"Electrodynamics","floor":33.0},{"not_picked":["Darkness","Leap"],"picked":"Cold Snap+1","floor":35.0},{"not_picked":["Streamline+1","White Noise"],"picked":"Coolheaded+1","floor":36.0},{"not_picked":["Multi-Cast","Ball Lightning+1"],"picked":"Stack+1","floor":38.0},{"not_picked":["Sweeping Beam+1","Rainbow","Cold Snap+1"],"picked":"SKIP","floor":40.0},{"not_picked":["Leap+1","Coolheaded"],"picked":"Compile Driver+1","floor":42.0},{"not_picked":["Cold Snap+1","Rebound+1","Steam Power+1"],"picked":"SKIP","floor":44.0},{"not_picked":["Hologram+1","Hello World","Compile Driver+1"],"picked":"SKIP","floor":47.0},{"not_picked":["Cold Snap+1","FTL+1","Barrage+1"],"picked":"SKIP","floor":48.0},{"not_picked":["Tempest","Darkness"],"picked":"Go for the Eyes+1","floor":55.0}],"player_experience":1196735,"relics_obtained":[{"floor":5.0,"key":"Molten Egg 2"},{"floor":6.0,"key":"Happy Flower"},{"floor":9.0,"key":"Meat on the Bone"},{"floor":10.0,"key":"Dream Catcher"},{"floor":14.0,"key":"Regal Pillow"},{"floor":23.0,"key":"Lizard Tail"},{"floor":23.0,"key":"Blue Candle"},{"floor":25.0,"key":"Potion Belt"},{"floor":25.0,"key":"InkBottle"},{"floor":26.0,"key":"Omamori"},{"floor":31.0,"key":"Anchor"},{"floor":31.0,"key":"CaptainsWheel"},{"floor":38.0,"key":"WingedGreaves"},{"floor":40.0,"key":"HornCleat"},{"floor":40.0,"key":"Nunchaku"},{"floor":42.0,"key":"Letter Opener"},{"floor":42.0,"key":"Ornamental Fan"},{"floor":46.0,"key":"Whetstone"},{"floor":47.0,"key":"DataDisk"},{"floor":47.0,"key":"Oddly Smooth Stone"},{"floor":55.0,"key":"Vajra"},{"floor":55.0,"key":"Centennial Puzzle"}],"event_choices":[{"damage_healed":0.0,"max_hp_gain":0.0,"max_hp_loss":0.0,"gold_gain":54.0,"event_name":"Golden Wing","player_choice":"Gained Gold","floor":4.0,"gold_loss":0.0,"damage_taken":0.0},{"damage_healed":0.0,"max_hp_gain":0.0,"max_hp_loss":0.0,"gold_gain":50.0,"event_name":"FaceTrader","player_choice":"Touch","floor":12.0,"gold_loss":0.0,"damage_taken":7.0},{"damage_healed":0.0,"max_hp_gain":5.0,"max_hp_loss":0.0,"gold_gain":0.0,"event_name":"Forgotten Altar","player_choice":"Shed Blood","floor":20.0,"gold_loss":0.0,"damage_taken":27.0},{"damage_healed":0.0,"max_hp_gain":0.0,"max_hp_loss":0.0,"gold_gain":0.0,"event_name":"Ghosts","player_choice":"Ignored","floor":21.0,"gold_loss":0.0,"damage_taken":0.0},{"damage_healed":0.0,"max_hp_gain":0.0,"max_hp_loss":0.0,"gold_gain":0.0,"event_name":"Accursed Blacksmith","player_choice":"Rummage","floor":22.0,"gold_loss":0.0,"damage_taken":0.0,"relics_obtained":["WarpedTongs"],"cards_obtained":["Pain"]},{"damage_healed":0.0,"max_hp_gain":0.0,"max_hp_loss":0.0,"gold_gain":0.0,"event_name":"Mysterious Sphere","player_choice":"Fight","floor":38.0,"gold_loss":0.0,"damage_taken":0.0},{"damage_healed":0.0,"max_hp_gain":0.0,"max_hp_loss":0.0,"gold_gain":999.0,"event_name":"MindBloom","player_choice":"Gold","floor":39.0,"gold_loss":0.0,"damage_taken":0.0,"cards_obtained":["Normality","Normality"]}],"is_beta":false,"boss_relics":[{"not_picked":["SlaversCollar","Snecko Eye"],"picked":"Black Star"},{"not_picked":["SacredBark","Inserter"],"picked":"Empty Cage"}],"items_purged_floors":[11,45],"is_endless":false,"potions_floor_spawned":[6,7,10,14,16,25,29,35,36,42,47],"ascension_level":20}}