{"host":"w5vfr18i2ft1pzo2","time":1609693321,"event":{"mods":["Act Like it!","Aspiration","BaseMod","Better Third Choice","BetterRewards","Colored Map","Colored Powertips","Conspire","Curses Come First","DNKmod","Defuse TimeMaze Blight","Dota2Spire","Energized Spire","Evolution","Force Act Four","Friendly Minions","Gensokyo","GifTheSpireLib","Gold Saver","Halation","Hubris","Hyrulean Relics","Infinite Spire","Jedi Mod","Marisa????????","Minty Spire (QoL Compilation)","MostiFishMod","Prisma Mod","Remilia??????","Replay The Spire","SacredBarkPlus","Small Relic Pack","Spicy Shops","Spikes Relics","StSLib","Stuff the Spire","Synergy Search","The Blue Laboratory","The Servant 0.9.4","Trackpad","Treasure Hunter","Uncapped","Wandering Minibosses","Yakumo Yukari mod","noobMod","vexMod","??????REMEMod"],"gold_per_floor":[11414,10358,10358,8679,8689,8689,8723,8723,8723,8753,8779,8805,8823,8839,8839,8942,8992,9004,9054,9071,9083,9083,9083,7439,7465,7465,6390,7145,7176,7188,7205,7205,7305,7305,7318,7318,7334,7351,7415,7462,7474,7515,7527,7539,7581,7593,7635,7658,7670,7685],"floor_reached":51,"playtime":1609,"items_purged":["Strike_S","Strike_S","Strike_S","KidneyShot"],"score":1584,"play_id":"5dd556c6-f28b-4139-937c-e6e510e87b3a","local_time":"20210104010201","is_ascension_mode":true,"campfire_choices":[{"floor":6,"key":"RECALL"},{"data":"REME_MagicPocketWatch","floor":8,"key":"SMITH"},{"data":"Pot Of Greed","floor":15,"key":"SMITH"},{"data":"BottledTime","floor":23,"key":"SMITH"},{"data":"TheWorld","floor":32,"key":"SMITH"},{"data":"Moondial","floor":41,"key":"SMITH"}],"circlet_count":0,"master_deck":["Strike_S+1","Defend_S","Defend_S","Defend_S","Defend_S","Exchange","REME_MagicPocketWatch+1","Luminosity","BottledTime+1","Luminosity","Reforge","Deep Breath","Thinking Ahead+1","Discovery","Starlight","TH:ElvenBoots","Rearm","TH:CursedSword","TH:DeckOfManyThings","Foresight","TH:CursedSword","Pot Of Greed+1","Pot Of Greed","TH:DeckOfManyThings","Pot Of Greed","KillingDoll","StarChef","Starlight","TH:DeckOfManyThings","Solidify","Starlight","BottledTime+1","TheWorld+1","Secret Weapon","TH:BikiniMail","BottledTime","Acrobatics","Pot Of Greed","SilverBlades","Rearm+1","TH:TreasureMap","RealityMarble","Hightail+1","Rearm","TH:DeckOfManyThings","SoulSculpture","MostiFishMod:FrostNova","MostiFishMod:WinterMarkForm","Manipulate+1","Revamp+1","Pot Of Greed","ShiftingGears+1","Foresight+1","Duplication","TH:CursedSword","Moondial+1","TH:DeckOfManyThings","MurderousAura","TH:CursedSword","Wraith","TH:CursedSword","GearUp","TH:DeckOfManyThings","Pot Of Greed","Luminosity"],"relics":["StuffTheSpire:OccultApparatus","EVO:Axolotl","DaveBox","ice","REME_ComplimentaryCards","CombinedTypeHook","SynthV:TestCard","Vajra","ReplayFunnel","ExplosiveVial","Medical Kit","relicPack:OneForAll","ChiLing","Chi","Ling","Dota2Spire:EyeOfSkadi","Dota2Spire:ArmletOfMordiggian","jedi:heavyjacket","ClockworkSouvenir","WingedGreaves","Dota2Spire:PhaseBoots","PreservedInsect","Grinning Jar","Tiny House","Centennial Puzzle","TH:Strongbox","halation:LostSnail","aspiration:Nostalgia","m_SnakeCloak","Boot","hubris:MysteriousPyramids","Replay:WaspNest","Dota2Spire:PowerTreads","Dota2Spire:BladeMail","TheAbacus","hubris:DeckOfHolding","wanderingMiniBosses:MasterThiefsPresence","halation:IllGainedPizza","FrostBlade","MawBank","Replay:Ringing Soul","infinitespire:WardingShard","Blue Doll","aspiration:ArtOfWarUpgrade","aspiration:TomeofQuesting"],"acts_visited":["Exordium","TheCity","TheBeyond"],"potions_floor_usage":[7,25,25,25,25,25,25,25],"damage_taken":[{"damage":0,"enemies":"Cultist","floor":1,"turns":2},{"damage":1,"enemies":"Jaw Worm","floor":5,"turns":2},{"damage":2,"enemies":"3 Sentries","floor":7,"turns":1},{"damage":0,"enemies":"Lagavulin","floor":10,"turns":2},{"damage":1,"enemies":"3 Sentries","floor":12,"turns":2},{"damage":0,"enemies":"2 Louse","floor":13,"turns":1},{"damage":0,"enemies":"Lots of Slimes","floor":14,"turns":2},{"damage":0,"enemies":"The Guardian","floor":16,"turns":2},{"damage":0,"enemies":"Chosen","floor":18,"turns":2},{"damage":0,"enemies":"3 Byrds","floor":20,"turns":2},{"damage":0,"enemies":"Snake Plant","floor":21,"turns":2},{"damage":0,"enemies":"Slavers","floor":25,"turns":1},{"damage":6,"enemies":"Chosen and Byrds","floor":28,"turns":5},{"damage":0,"enemies":"Book of Stabbing","floor":29,"turns":2},{"damage":0,"enemies":"Snecko","floor":30,"turns":2},{"damage":0,"enemies":"Snake Plant","floor":31,"turns":2},{"damage":0,"enemies":"Collector","floor":33,"turns":2},{"damage":0,"enemies":"3 Darklings","floor":35,"turns":2},{"damage":0,"enemies":"3 Shapes","floor":37,"turns":2},{"damage":0,"enemies":"Jaw Worm Horde","floor":38,"turns":2},{"damage":0,"enemies":"R_Hoarder","floor":40,"turns":2},{"damage":0,"enemies":"Nemesis","floor":42,"turns":3},{"damage":0,"enemies":"R_Hoarder","floor":45,"turns":2},{"damage":0,"enemies":"Nightmare","floor":47,"turns":2},{"damage":0,"enemies":"Maw","floor":48,"turns":2},{"damage":0,"enemies":"conspire:OrnateMirror","floor":50,"turns":2}],"seed_played":"-8664588028524953633","potions_obtained":[{"floor":12,"key":"Energy Potion"},{"floor":17,"key":"REME_GoldPotion"},{"floor":25,"key":"blueLaboratory:RememoryPotion"},{"floor":39,"key":"Swift Potion"}],"is_trial":false,"path_per_floor":["M","$","?","$","M","R","E","R","T","E","T","E","M","M","R","B",null,"M","?","M","M","?","R","$","E","?","$","M","E","M","M","R","B",null,"M","?","M","M","?","E","R","E","T","?","E","R","NM","M","R","B",null],"character_chosen":"THE_SERVANT","items_purchased":["BottledTime","Luminosity","Reforge","Vajra","ReplayFunnel","ExplosiveVial","Medical Kit","Deep Breath","ChiLing","Dota2Spire:EyeOfSkadi","Dota2Spire:ArmletOfMordiggian","jedi:heavyjacket","ClockworkSouvenir","Adrenaline Potion","Swift Potion","Thinking Ahead","Discovery","Centennial Puzzle","TH:Strongbox","halation:LostSnail","aspiration:Nostalgia","Boot","Fruit Juice","EntropicBrew","Secret Weapon","hubris:MysteriousPyramids","Acrobatics","SilverBlades","Dota2Spire:PowerTreads","Dota2Spire:BladeMail","TheAbacus","hubris:DeckOfHolding","SteroidPotion","Strength Potion"],"campfire_rested":0,"item_purchase_floors":[2,2,2,2,2,2,2,2,4,4,4,4,4,4,4,4,4,24,24,24,24,24,24,24,24,24,27,27,27,27,27,27,27,27],"current_hp_per_floor":[65,65,65,70,69,69,69,69,69,69,69,68,68,68,68,68,77,77,77,77,77,77,77,77,82,82,82,76,76,76,76,76,76,82,82,82,82,82,82,85,85,88,91,94,97,97,100,103,103,103],"gold":7697,"neow_bonus":"RANDOM_COLORLESS","is_daily":false,"chose_seed":false,"campfire_upgraded":5,"win_rate":0.0,"timestamp":1609693321,"path_taken":["M","$","?","$","M","R","E","R","T","E","?","E","?","M","R","BOSS","M","?","?","M","?","R","$","E","?","$","M","E","?","M","R","BOSS","M","?","M","M","?","E","R","E","T","?","E","R","NM","M","R","BOSS"],"items_purchased_type":["Card","Card","Card","Relic","Relic","Relic","Relic","Card","Relic","Relic","Relic","Relic","Relic","Potion","Potion","Card","Card","Relic","Relic","Relic","Relic","Relic","Potion","Potion","Card","Relic","Card","Card","Relic","Relic","Relic","Relic","Potion","Potion"],"build_version":"2020-12-22","purchased_purges":4,"victory":true,"max_hp_per_floor":[65,65,65,70,70,70,72,72,72,72,72,72,72,72,72,72,77,77,77,77,77,77,77,77,82,82,82,82,82,82,82,82,82,82,82,82,82,82,82,85,85,88,91,94,97,97,100,103,103,103],"card_choices":[{"not_picked":["Swift Strike","Replay:Sssssssssshield"],"picked":"REME_MagicPocketWatch","floor":0},{"not_picked":["DoubleEdge","Collapse"],"picked":"Luminosity","floor":1},{"not_picked":["Revamp","Unruled","Collapse","Defy"],"picked":"Starlight","floor":5},{"not_picked":["TH:CopperCoins","TH:ArmorSpikes","TH:TreasureMap"],"picked":"TH:ElvenBoots","floor":7},{"not_picked":["Moonlight","Defy","Spin","Starlight"],"picked":"Rearm","floor":7},{"not_picked":["TH:PixieDust","TH:ArmorSpikes","TH:TreasureMap"],"picked":"TH:CursedSword","floor":9},{"not_picked":["TH:TreasureMap","TH:Mimic","TH:EnergyPotion"],"picked":"TH:DeckOfManyThings","floor":10},{"not_picked":["SpecialFormula","FastForward","Alleviate","ShiftingGears"],"picked":"Foresight","floor":10},{"not_picked":["TH:EnergyPotion","TH:Mimic","TH:BikiniMail"],"picked":"TH:CursedSword","floor":11},{"not_picked":["TH:BikiniMail","TH:TreasureMap","TH:CopperCoins"],"picked":"TH:DeckOfManyThings","floor":12},{"not_picked":["Replace","Potential","GearUp","Revamp"],"picked":"KillingDoll","floor":12},{"not_picked":["Moonlight","Misdirection","Unruled","Potential"],"picked":"StarChef","floor":13},{"not_picked":["Defy","Read","Barrier","Revamp"],"picked":"Starlight","floor":14},{"not_picked":["TH:ElvenBoots","TH:PixieDust","TH:CursedSword"],"picked":"TH:DeckOfManyThings","floor":16},{"not_picked":["FloweringNight","Initiator","Deny","ForgedInTime"],"picked":"Solidify","floor":16},{"not_picked":["Reset","Defy","Comet","DoubleEdge"],"picked":"Starlight","floor":17},{"not_picked":["Spin","Ricochet+1","RealityMarble","SilverBlades"],"picked":"BottledTime+1","floor":18},{"not_picked":["Moonlight","Snipe","Replace","TimeWarp","DualDimension"],"picked":"SKIP","floor":20},{"not_picked":["Ricochet","BestPractice","Luminosity","BottledTime"],"picked":"TheWorld","floor":21},{"not_picked":["TH:PixieDust","TH:TreasureMap","TH:Mimic"],"picked":"TH:BikiniMail","floor":25},{"not_picked":["Desolation","Revamp+1","Dagger Throw","ShatteredReality+1"],"picked":"BottledTime","floor":25},{"not_picked":["ReturningBlade","Prepared+1","Reflex","Ricochet+1"],"picked":"Rearm+1","floor":28},{"not_picked":["TH:Mimic","TH:ElvenBoots","TH:EnergyPotion"],"picked":"TH:TreasureMap","floor":29},{"not_picked":["Contraction","Dagger Throw","SilverBlades","ShatteredReality"],"picked":"RealityMarble","floor":29},{"not_picked":["DoubleEdge","SurpressingFire+1","Comet","Replace+1"],"picked":"Hightail+1","floor":30},{"not_picked":["ReturningBlade","Snipe","FastForward","Masterful Stab"],"picked":"Rearm","floor":31},{"not_picked":["TH:ArmorSpikes","TH:PixieDust","TH:ElvenBoots"],"picked":"TH:DeckOfManyThings","floor":33},{"not_picked":["FlawlessForm","PendulumOfEternity","Duplication","ForgedInTime"],"picked":"SoulSculpture","floor":33},{"not_picked":["Misdirection+1","Rewind+1","SurpressingFire","DoubleEdge"],"picked":"Manipulate+1","floor":35},{"not_picked":["DoubleEdge+1","Starlight+1","FastForward+1","Potential"],"picked":"Revamp+1","floor":37},{"not_picked":["TimeWarp","Alleviate+1","DualDimension","FastForward+1"],"picked":"ShiftingGears+1","floor":38},{"not_picked":["FanOfKnives+1","ShiftingGears","SilverBlades+1","WasteNot+1"],"picked":"Foresight+1","floor":39},{"not_picked":["Hightail","Alleviate","BottledTime","Defy"],"picked":"Duplication","floor":39},{"not_picked":["TH:TreasureMap","TH:CopperCoins","TH:ElvenBoots"],"picked":"TH:CursedSword","floor":40},{"not_picked":["ShatteredReality","Rewind+1","Defy+1","Alleviate+1"],"picked":"Moondial","floor":40},{"not_picked":["TH:TreasureMap","TH:CursedSword","TH:EnergyPotion"],"picked":"TH:DeckOfManyThings","floor":42},{"not_picked":["FastForward","ForgedInTime","Snipe+1","SoulSculpture"],"picked":"MurderousAura","floor":42},{"not_picked":["TH:TreasureMap","TH:ElvenBoots","TH:PixieDust"],"picked":"TH:CursedSword","floor":43},{"not_picked":["TH:ElvenBoots","TH:EnergyPotion","TH:Mimic"],"picked":"TH:CursedSword","floor":45},{"not_picked":["Revamp+1","Unruled","TimeWarp","InstantArmor+1"],"picked":"GearUp","floor":45},{"not_picked":["TH:EnergyPotion","TH:CopperCoins","TH:BikiniMail"],"picked":"TH:DeckOfManyThings","floor":47},{"not_picked":["Revamp","Sabotage","Defy+1","ReturningBlade","DoubleEdge"],"picked":"SKIP","floor":47},{"not_picked":["Defy","Replace+1","Dilation","Alleviate"],"picked":"Luminosity","floor":48}],"player_experience":206392,"relics_obtained":[{"floor":1,"key":"SynthV:TestCard"},{"floor":7,"key":"WingedGreaves"},{"floor":10,"key":"Dota2Spire:PhaseBoots"},{"floor":11,"key":"PreservedInsect"},{"floor":12,"key":"Grinning Jar"},{"floor":25,"key":"Replay:WaspNest"},{"floor":28,"key":"wanderingMiniBosses:MasterThiefsPresence"},{"floor":29,"key":"halation:IllGainedPizza"},{"floor":39,"key":"MawBank"},{"floor":40,"key":"Replay:Ringing Soul"},{"floor":42,"key":"infinitespire:WardingShard"},{"floor":43,"key":"Blue Doll"},{"floor":45,"key":"Art of War"},{"floor":47,"key":"aspiration:TomeofQuesting"}],"event_choices":[{"damage_healed":0,"gold_gain":100,"player_choice":"Bet on Murderer","damage_taken":0,"max_hp_gain":0,"max_hp_loss":0,"event_name":"The Joust","floor":19,"gold_loss":50},{"damage_healed":0,"gold_gain":0,"player_choice":"Ignored","damage_taken":0,"max_hp_gain":0,"max_hp_loss":0,"event_name":"OrinTheCat","floor":44,"gold_loss":0}],"is_beta":false,"boss_relics":[{"not_picked":["FeatherPendant","Replay:Wanted Poster"],"picked":"Tiny House"},{"not_picked":["Replay:Ancient Bell","trackpad:StolenKidneys"],"picked":"FrostBlade"}],"items_purged_floors":[2,4,24,27],"is_endless":false,"potions_floor_spawned":[5,12,13,25,28,30,42,45,47,48],"ascension_level":1}}