{"host":"1zfbckszmdcrhnfi","time":1609649208,"event":{"mods":["AchievementEnabler","BaseMod","Colored Map","Downfall","Hero for Fun","Minty Spire (QoL Compilation)","Quick Restart","Shop Mod","StSLib","The Bladedancer","The Cursed","The Hierophant","The Runesmith"],"gold_per_floor":[118,118,132,147,157,184,184,33,57,57,77,77,77,102,102,223,223,248,248,248],"floor_reached":19,"playtime":884,"items_purged":[],"score":169,"play_id":"50c2727e-9a6b-415e-861e-c47a7e3e090c","local_time":"20210103124648","is_ascension_mode":false,"campfire_choices":[{"floor":7.0,"key":"REST"},{"floor":10.0,"key":"REST"},{"data":"Runesmith:CraftFirestone","floor":13.0,"key":"SMITH"},{"floor":15.0,"key":"REST"}],"circlet_count":0,"master_deck":["Runesmith:Strike_RS","Runesmith:Strike_RS","Runesmith:Strike_RS","Runesmith:Strike_RS","Runesmith:Defend_RS","Runesmith:Defend_RS","Runesmith:Defend_RS","Runesmith:Defend_RS","Runesmith:CraftFirestone+1","Runesmith:Fortify","Runesmith:FrozenChisel","Runesmith:HeatExchange","Runesmith:CraftSpiculum","Runesmith:CraftVitae","Runesmith:CraftIndustria","Runesmith:Grindstone","Runesmith:CraftProtectio","Runesmith:ReplicatingBarrier","CurseOfTheBell","Runesmith:HeatExchange+1"],"relics":["Runesmith:BrokenRuby","NeowsBlessing","Blood Vial","Golden Idol","Calling Bell","Happy Flower","Meat on the Bone","Girya"],"acts_visited":["Exordium","TheCity"],"potions_floor_usage":[16],"damage_taken":[{"damage":0.0,"enemies":"Small Slimes","floor":1.0,"turns":1.0},{"damage":0.0,"enemies":"Jaw Worm","floor":3.0,"turns":1.0},{"damage":0.0,"enemies":"2 Louse","floor":4.0,"turns":1.0},{"damage":9.0,"enemies":"Blue Slaver","floor":5.0,"turns":4.0},{"damage":42.0,"enemies":"3 Sentries","floor":6.0,"turns":7.0},{"damage":31.0,"enemies":"Large Slime","floor":11.0,"turns":8.0},{"damage":6.0,"enemies":"2 Fungi Beasts","floor":14.0,"turns":3.0},{"damage":22,"enemies":"The Guardian","floor":16,"turns":12},{"damage":32,"enemies":"3 Byrds","floor":18,"turns":5},{"damage":46,"enemies":"Chosen","floor":19,"turns":6}],"seed_played":"-2523368691132397314","potions_obtained":[{"floor":1.0,"key":"Fruit Juice"},{"floor":4.0,"key":"BlessingOfTheForge"},{"floor":5.0,"key":"Ancient Potion"},{"floor":11.0,"key":"Fire Potion"},{"floor":16,"key":"AttackPotion"}],"is_trial":false,"path_per_floor":["M","?","M","M","M","E","R","$","T","R","M","?","R","M","R","B",null,"M","M"],"character_chosen":"RUNESMITH_CLASS","items_purchased":["Runesmith:CraftIndustria"],"campfire_rested":3,"item_purchase_floors":[8],"current_hp_per_floor":[70,70,70,70,61,24,46,46,46,68,39,39,39,35,55,35,69,37,0,0],"gold":248,"neow_bonus":"THREE_ENEMY_KILL","is_daily":false,"chose_seed":false,"campfire_upgraded":1,"win_rate":0.0,"timestamp":1609649208,"path_taken":["M","?","M","M","M","E","R","?","T","R","M","?","R","M","R","BOSS","M","M"],"items_purchased_type":["Card"],"build_version":"2020-12-22","purchased_purges":0,"victory":false,"max_hp_per_floor":[70,70,70,70,70,75,75,75,75,75,75,69,69,69,69,69,69,69,69,69],"card_choices":[{"not_picked":["Runesmith:BackupBattery","Runesmith:Augment"],"picked":"Runesmith:FrozenChisel","floor":1.0},{"not_picked":["Runesmith:BackupBattery","Runesmith:Overpower"],"picked":"Runesmith:HeatExchange","floor":3.0},{"not_picked":["Runesmith:ShiftingStrike","Runesmith:Refine","Runesmith:WhiteBalance"],"picked":"SKIP","floor":4.0},{"not_picked":["Runesmith:Firewall","Runesmith:NanitesCloud"],"picked":"Runesmith:CraftSpiculum","floor":5.0},{"not_picked":["Runesmith:CraftSpiculum","Runesmith:CraftMagma"],"picked":"Runesmith:CraftVitae","floor":6.0},{"not_picked":["Runesmith:BackupBattery","Runesmith:CraftSpiculum"],"picked":"Runesmith:Grindstone","floor":11.0},{"not_picked":["Runesmith:Repurpose","Runesmith:Firewall"],"picked":"Runesmith:CraftProtectio","floor":14.0},{"not_picked":["Runesmith:DuctTape","Runesmith:CreatorForm"],"picked":"Runesmith:ReplicatingBarrier","floor":16},{"not_picked":["Runesmith:ShiftingStrike","Runesmith:EnergizedChisel+1"],"picked":"Runesmith:HeatExchange+1","floor":18}],"player_experience":208305,"relics_obtained":[{"floor":6.0,"key":"Blood Vial"},{"floor":17,"key":"Happy Flower"},{"floor":17,"key":"Meat on the Bone"},{"floor":17,"key":"Girya"}],"event_choices":[{"damage_healed":0.0,"max_hp_gain":0.0,"max_hp_loss":0.0,"gold_gain":0.0,"event_name":"Liars Game","player_choice":"Ignored","floor":2.0,"gold_loss":0.0,"damage_taken":0.0},{"damage_healed":0.0,"max_hp_gain":0.0,"max_hp_loss":6.0,"gold_gain":0.0,"event_name":"Golden Idol","player_choice":"Lose Max HP","floor":12.0,"gold_loss":0.0,"damage_taken":0.0,"relics_obtained":["Golden Idol"]}],"is_beta":false,"boss_relics":[{"not_picked":["Empty Cage","SlaversCollar"],"picked":"Calling Bell"}],"items_purged_floors":[],"is_endless":false,"potions_floor_spawned":[1,4,5,11,16],"killed_by":"Chosen","ascension_level":0}}