{"host":"novohdx135h0xyrr","time":1609696612,"event":{"mods":["BaseMod","Colored Map","Colored Powertips","Highlight Path","Minty Spire (QoL Compilation)"],"gold_per_floor":[118,118,26,26,41,68,68,81,81,101,145,171,206,217,217,217,217],"floor_reached":16,"playtime":767,"items_purged":[],"score":176,"play_id":"6c14339f-0355-4796-80b0-1085ea442863","local_time":"20210103095652","is_ascension_mode":true,"campfire_choices":[{"data":"Shrug It Off","floor":7,"key":"SMITH"},{"floor":15,"key":"REST"}],"circlet_count":0,"master_deck":["Strike_R","Strike_R","Strike_R","Strike_R","Strike_R","Defend_R","Defend_R","Defend_R","Defend_R","Bash","Thunderclap","Shrug It Off+1","Perfected Strike","Pommel Strike","Heavy Blade","Shrug It Off"],"relics":["Burning Blood","NeowsBlessing","Meat on the Bone","The Courier","CeramicFish","MealTicket","Molten Egg 2"],"acts_visited":["Exordium"],"potions_floor_usage":[11,13,14],"damage_taken":[{"damage":0,"enemies":"Cultist","floor":1,"turns":1},{"damage":0,"enemies":"2 Louse","floor":5,"turns":1},{"damage":0,"enemies":"Lagavulin","floor":6,"turns":1},{"damage":4,"enemies":"Small Slimes","floor":8,"turns":2},{"damage":5,"enemies":"2 Fungi Beasts","floor":10,"turns":3},{"damage":19,"enemies":"3 Sentries","floor":11,"turns":9},{"damage":15,"enemies":"Exordium Thugs","floor":12,"turns":4},{"damage":36,"enemies":"Gremlin Nob","floor":13,"turns":5},{"damage":28,"enemies":"Gremlin Gang","floor":14,"turns":6},{"damage":63,"enemies":"Slime Boss","floor":16,"turns":6}],"seed_played":"-1594388055802157173","potions_obtained":[{"floor":5,"key":"Swift Potion"},{"floor":8,"key":"Swift Potion"},{"floor":11,"key":"Energy Potion"}],"is_trial":false,"path_per_floor":["M","T","$","?","M","E","R","M","T","M","E","M","E","M","R","B"],"character_chosen":"IRONCLAD","items_purchased":["Shrug It Off","Perfected Strike"],"campfire_rested":1,"item_purchase_floors":[3,3],"current_hp_per_floor":[80,80,80,80,80,80,80,80,80,80,67,58,40,30,54,0,0],"gold":217,"neow_bonus":"THREE_ENEMY_KILL","is_daily":false,"chose_seed":false,"campfire_upgraded":1,"win_rate":0.0,"timestamp":1609696612,"path_taken":["M","?","$","?","M","E","R","M","T","M","E","M","E","M","R","BOSS"],"items_purchased_type":["Card","Card"],"build_version":"2020-12-22","purchased_purges":0,"victory":false,"max_hp_per_floor":[80,80,80,80,80,80,80,80,80,80,80,80,80,80,80,80,80],"card_choices":[{"not_picked":["Anger","Headbutt"],"picked":"Thunderclap","floor":1},{"not_picked":["Body Slam","Sword Boomerang"],"picked":"Pommel Strike","floor":5},{"not_picked":["Combust","Thunderclap","Evolve"],"picked":"SKIP","floor":6},{"not_picked":["Body Slam","Anger","Havoc"],"picked":"SKIP","floor":8},{"not_picked":["Havoc","Sword Boomerang","Clothesline"],"picked":"SKIP","floor":10},{"not_picked":["Seeing Red","Pummel"],"picked":"Heavy Blade","floor":11},{"not_picked":["Brutality","Havoc"],"picked":"Shrug It Off","floor":12},{"not_picked":["Shockwave","Iron Wave+1","Fire Breathing"],"picked":"SKIP","floor":13},{"not_picked":["Shockwave","Armaments","True Grit"],"picked":"SKIP","floor":14}],"player_experience":192502,"relics_obtained":[{"floor":2,"key":"Meat on the Bone"},{"floor":6,"key":"The Courier"},{"floor":9,"key":"CeramicFish"},{"floor":11,"key":"MealTicket"},{"floor":13,"key":"Molten Egg 2"}],"event_choices":[{"damage_healed":0,"gold_gain":0,"player_choice":"Full Heal","damage_taken":0,"max_hp_gain":0,"max_hp_loss":0,"event_name":"Wheel of Change","floor":4,"gold_loss":0}],"is_beta":false,"boss_relics":[],"items_purged_floors":[],"is_endless":false,"potions_floor_spawned":[5,8,11],"killed_by":"Slime Boss","ascension_level":4}}