{"host":"g5zc4ej6zn2at89o","time":1609658017,"event":{"mods":["2.2 Compatiblity","AchievementEnabler","BaseMod","Colored Map","DeckTracker","Highlight Path","KOR Keyword Fix","Keyboard Shortcuts","Minty Spire (QoL Compilation)","Permanent Neow","Quick Restart","Say the Spire","StSLib","SuperFastMode","everything is the same but u backflip on backflip"],"gold_per_floor":[119,130,145,95,95,95,123,141,141,152,30,30,30,65,65,65,65],"floor_reached":16,"playtime":737,"items_purged":[],"score":135,"play_id":"664fdaba-c891-4120-ad18-afdd04addad7","local_time":"20210103161337","is_ascension_mode":false,"campfire_choices":[{"data":"Cloak And Dagger","floor":6,"key":"SMITH"},{"floor":13,"key":"REST"},{"data":"Defend_G","floor":15,"key":"PURGE"}],"circlet_count":0,"master_deck":["Strike_G","Strike_G","Strike_G","Defend_G","Defend_G","Survivor","Neutralize","Cloak And Dagger+1","Backstab","Dagger Throw","Crippling Poison","Backflip","All Out Attack","Leg Sweep","PiercingWail"],"relics":["Ring of the Snake","The Courier","Peace Pipe","FossilizedHelix","PreservedInsect","Pen Nib"],"acts_visited":["Exordium"],"potions_floor_usage":[16],"damage_taken":[{"damage":1,"enemies":"Cultist","floor":1,"turns":4},{"damage":0,"enemies":"Small Slimes","floor":2,"turns":3},{"damage":0,"enemies":"2 Louse","floor":3,"turns":2},{"damage":26,"enemies":"3 Sentries","floor":7,"turns":8},{"damage":0,"enemies":"Looter","floor":8,"turns":2},{"damage":0,"enemies":"Blue Slaver","floor":10,"turns":2},{"damage":0,"enemies":"Gremlin Nob","floor":14,"turns":3},{"damage":31,"enemies":"Slime Boss","floor":16,"turns":14}],"seed_played":"-7699039823216768306","potions_obtained":[{"floor":8,"key":"EssenceOfSteel"},{"floor":14,"key":"SpeedPotion"}],"is_trial":false,"path_per_floor":["M","M","M","?","?","R","E","M","T","M","$","?","R","E","R","B"],"character_chosen":"THE_SILENT","items_purchased":["PreservedInsect"],"campfire_rested":1,"item_purchase_floors":[11],"current_hp_per_floor":[48,48,48,48,41,41,15,15,15,15,15,15,36,36,36,5,5],"gold":65,"neow_bonus":"REMOVE_TWO","is_daily":false,"chose_seed":false,"campfire_upgraded":1,"win_rate":0.0,"timestamp":1609658017,"path_taken":["M","?","M","?","?","R","E","M","T","M","$","?","R","E","R","BOSS"],"items_purchased_type":["Relic"],"build_version":"2020-12-22","purchased_purges":0,"victory":false,"max_hp_per_floor":[70,70,70,70,70,70,70,70,70,70,70,70,70,70,70,70,70],"card_choices":[{"not_picked":["Deadly Poison","Deflect"],"picked":"Cloak And Dagger","floor":1},{"not_picked":["Tactician","Deadly Poison"],"picked":"Backstab","floor":2},{"not_picked":["Acrobatics","Outmaneuver"],"picked":"Dagger Throw","floor":3},{"not_picked":["Calculated Gamble","Riddle With Holes"],"picked":"Crippling Poison","floor":7},{"not_picked":["Heel Hook","Sucker Punch"],"picked":"Backflip","floor":8},{"not_picked":["Acrobatics","Quick Slash"],"picked":"All Out Attack","floor":10},{"not_picked":["Flying Knee","Tactician"],"picked":"PiercingWail","floor":14}],"player_experience":119427,"relics_obtained":[{"floor":7,"key":"Peace Pipe"},{"floor":9,"key":"FossilizedHelix"},{"floor":14,"key":"Pen Nib"}],"event_choices":[{"cards_removed":["Defend_G"],"damage_healed":0,"gold_gain":0,"player_choice":"Card Removal","damage_taken":0,"max_hp_gain":0,"max_hp_loss":0,"event_name":"The Cleric","floor":4,"gold_loss":50},{"damage_healed":0,"gold_gain":0,"player_choice":"Success","damage_taken":7,"relics_obtained":["The Courier"],"max_hp_gain":0,"max_hp_loss":0,"event_name":"Scrap Ooze","floor":5,"gold_loss":0},{"damage_healed":0,"gold_gain":0,"cards_transformed":["Strike_G"],"player_choice":"Change","damage_taken":0,"max_hp_gain":0,"max_hp_loss":0,"event_name":"Living Wall","floor":12,"gold_loss":0,"cards_obtained":["Leg Sweep"]}],"is_beta":false,"boss_relics":[],"items_purged_floors":[],"is_endless":false,"potions_floor_spawned":[8,14],"killed_by":"Slime Boss","ascension_level":0}}