{"host":"359hz4210ybch7ku","time":1609697449,"event":{"mods":["BaseMod","Block Reminder","Colored Map","Colored Powertips","Highlight Path","Minty Spire (QoL Compilation)","Slay the Relics Exporter","StSLib"],"gold_per_floor":[111,124,199,45,55,90,90,15,96,96,96,111,111,11,11,11,11],"floor_reached":16,"playtime":1133,"items_purged":["Strike_P","Defend_P"],"score":113,"play_id":"122f79ba-142a-4204-a89c-29fe752cf6c9","local_time":"20210103101049","is_ascension_mode":true,"campfire_choices":[{"data":"TalkToTheHand","floor":7,"key":"SMITH"},{"data":"Adaptation","floor":13,"key":"SMITH"},{"data":"Eruption","floor":15,"key":"SMITH"}],"circlet_count":0,"master_deck":["Strike_P","Strike_P","Strike_P","Defend_P","Defend_P","Defend_P","Eruption+1","Vigilance","Consecrate","Adaptation+1","TalkToTheHand+1","LessonLearned+1","ClearTheMind"],"relics":["PureWater","NeowsBlessing","Tiny Chest","Centennial Puzzle","Bottled Flame","Golden Idol"],"acts_visited":["Exordium"],"potions_floor_usage":[6,12,16],"damage_taken":[{"damage":0,"enemies":"Small Slimes","floor":1,"turns":1},{"damage":0,"enemies":"2 Louse","floor":2,"turns":1},{"damage":0,"enemies":"Jaw Worm","floor":5,"turns":1},{"damage":29,"enemies":"Lagavulin","floor":6,"turns":4},{"damage":9,"enemies":"3 Louse","floor":12,"turns":2},{"damage":47,"enemies":"Hexaghost","floor":16,"turns":11}],"seed_played":"-5786733093865830496","potions_obtained":[{"floor":1,"key":"BottledMiracle"},{"floor":5,"key":"FearPotion"},{"floor":12,"key":"Explosive Potion"}],"is_trial":false,"path_per_floor":["M","M","?","$","M","E","R","$","T","?","?","M","R","$","R","B"],"character_chosen":"WATCHER","items_purchased":["Tiny Chest"],"campfire_rested":0,"item_purchase_floors":[4],"current_hp_per_floor":[72,72,61,61,61,32,32,32,32,32,54,45,45,45,45,0,0],"gold":11,"neow_bonus":"THREE_ENEMY_KILL","is_daily":false,"chose_seed":false,"campfire_upgraded":3,"win_rate":0.0,"timestamp":1609697449,"path_taken":["M","M","?","$","M","E","R","$","T","?","?","M","R","?","R","BOSS"],"items_purchased_type":["Relic"],"build_version":"2020-12-22","purchased_purges":2,"victory":false,"max_hp_per_floor":[72,72,72,72,72,72,72,72,72,67,67,67,67,67,67,67,67],"card_choices":[{"not_picked":["Halt","EmptyBody"],"picked":"Consecrate","floor":1},{"not_picked":["Conclude","ClearTheMind"],"picked":"Adaptation","floor":2},{"not_picked":["Evaluate","Prostrate"],"picked":"TalkToTheHand","floor":5},{"not_picked":["PathToVictory","Perseverance"],"picked":"LessonLearned","floor":6},{"not_picked":["FlyingSleeves","JustLucky"],"picked":"ClearTheMind","floor":12}],"player_experience":131926,"relics_obtained":[{"floor":6,"key":"Centennial Puzzle"},{"floor":9,"key":"Bottled Flame"}],"event_choices":[{"damage_healed":0,"gold_gain":75,"player_choice":"Gather Gold","damage_taken":11,"max_hp_gain":0,"max_hp_loss":0,"event_name":"World of Goop","floor":3,"gold_loss":0},{"damage_healed":0,"gold_gain":0,"player_choice":"Lose Max HP","damage_taken":0,"relics_obtained":["Golden Idol"],"max_hp_gain":0,"max_hp_loss":5,"event_name":"Golden Idol","floor":10,"gold_loss":0},{"damage_healed":22,"gold_gain":0,"player_choice":"Banana","damage_taken":0,"max_hp_gain":0,"max_hp_loss":0,"event_name":"Big Fish","floor":11,"gold_loss":0}],"is_beta":false,"boss_relics":[],"items_purged_floors":[8,14],"is_endless":false,"potions_floor_spawned":[1,5,12],"killed_by":"Hexaghost","ascension_level":3}}