{"host":"bizh8s6kqxoug1aw","time":1609674819,"event":{"mods":["AchievementEnabler","BaseMod","Better Vampires","Colored Powertips","Downfall","Minty Spire (QoL Compilation)","MostiFishMod","Replay The Spire","StSLib"],"gold_per_floor":[117,131,131,141,66,97,112,112,135,135,20,39,39,52,52,154,154,170,188,188,59,59,59,94,94,94,46,75,86,86,105,105,110,110,127,146,56,13,13,45,78,78,101,101,134,53,52,63,63,63,63,63,63,97,97],"floor_reached":56,"playtime":2973,"items_purged":["Regret"],"score":1623,"play_id":"60d86e74-05b3-46ff-a9b8-f563fdf3f5cd","local_time":"20210103195339","is_ascension_mode":false,"campfire_choices":[{"floor":8,"key":"RECALL"},{"data":"MostiFishMod:LegendTransform","floor":10,"key":"SMITH"},{"data":"Eruption","floor":15,"key":"SMITH"},{"data":"Crescendo","floor":23,"key":"SMITH"},{"floor":32,"key":"REST"},{"data":"MostiFishMod:Dust","floor":44,"key":"SMITH"},{"data":"expansioncontent:Chronoboost","floor":52,"key":"SMITH"}],"circlet_count":0,"master_deck":["Strike_P","Strike_P","Strike_P","Defend_P","Defend_P","Defend_P","Eruption+1","Vigilance","Replay:Battleflow","Crescendo+1","FlurryOfBlows","MostiFishMod:LegendTransform+1","JustLucky","FlurryOfBlows","Vault+1","Prostrate","ConjureBlade","FlurryOfBlows","MostiFishMod:Disappear","SandsOfTime+1","MasterReality","FlurryOfBlows","Replay:Cycle","MostiFishMod:DustFall","DevaForm","JustLucky+1","FlurryOfBlows+1","expansioncontent:Chronoboost+1","FollowUp+1","MostiFishMod:Dust+1","Hallucinations","FlurryOfBlows+1","SandsOfTime+1","Omniscience","DevaForm"],"relics":["PureWater","DaveBox","BirthdayGift-Icosahedron","SynthV:TestCard","Juzu Bracelet","Replay:Wax Seal","Black Star","SynthV:C4","Sundial","Pen Nib","Mummified Hand","PreservedInsect","WingedGreaves","Blue Doll","Enchiridion","GreenFoldingFan","Dodecahedron","Dream Catcher","Darkstone Periapt","Strawberry","Ancient Tea Set","ReplayTheSpireMod:Ring of Challenge","ReplayTheSpireMod:Ring of Exchange","Simple Rune","Omamori","DianDianMeat","ReplayTheSpireMod:CursedCoin","Letter Opener","StoneCalendar","Nunchaku"],"acts_visited":["Exordium","TheCity","TheBeyond","TheEnding"],"potions_floor_usage":[55,55],"damage_taken":[{"damage":0,"enemies":"Cultist","floor":1,"turns":2},{"damage":0,"enemies":"Jaw Worm","floor":2,"turns":1},{"damage":0,"enemies":"2 Louse","floor":4,"turns":1},{"damage":2,"enemies":"Lagavulin","floor":6,"turns":3},{"damage":7,"enemies":"Exordium Wildlife","floor":7,"turns":2},{"damage":0,"enemies":"Exordium Thugs","floor":12,"turns":3},{"damage":3,"enemies":"Lots of Slimes","floor":14,"turns":2},{"damage":26,"enemies":"Hexaghost","floor":16,"turns":5},{"damage":1,"enemies":"Chosen","floor":18,"turns":3},{"damage":0,"enemies":"3 Byrds","floor":19,"turns":3},{"damage":0,"enemies":"Book of Stabbing","floor":24,"turns":4},{"damage":0,"enemies":"Slavers","floor":28,"turns":2},{"damage":0,"enemies":"Shelled Parasite and Fungi","floor":29,"turns":3},{"damage":0,"enemies":"Centurion and Healer","floor":31,"turns":2},{"damage":0,"enemies":"Automaton","floor":33,"turns":3},{"damage":0,"enemies":"3 Shapes","floor":35,"turns":1},{"damage":0,"enemies":"Orb Walker","floor":36,"turns":1},{"damage":2,"enemies":"R_Hoarder","floor":40,"turns":2},{"damage":4,"enemies":"Giant Head","floor":41,"turns":3},{"damage":0,"enemies":"Reptomancer","floor":45,"turns":1},{"damage":2,"enemies":"Maw","floor":46,"turns":2},{"damage":0,"enemies":"Spire Growth","floor":48,"turns":1},{"damage":10,"enemies":"Awakened One","floor":50,"turns":3},{"damage":0,"enemies":"Shield and Spear","floor":54,"turns":1},{"damage":59,"enemies":"The Heart","floor":55,"turns":4}],"seed_played":"-3725072292534485406","potions_obtained":[{"floor":1,"key":"PowerPotion"},{"floor":2,"key":"Doom Potion"},{"floor":7,"key":"Dexterity Potion"},{"floor":14,"key":"SpeedPotion"},{"floor":18,"key":"Elixir"},{"floor":40,"key":"champ:CounterPotion"},{"floor":45,"key":"BottledMiracle"}],"is_trial":false,"path_per_floor":["M","M","?","M","$","E","M","R","T","R","$","M","?","M","R","B",null,"M","M","?","$","$","R","E","?","T","$","E","M","?","M","R","B",null,"M","M","?","$","?","E","E","?","T","R","E","M","$","M","R","B",null,"R","$","E","B",null],"character_chosen":"WATCHER","items_purchased":["MostiFishMod:LegendTransform","Vault+1","SandsOfTime+1","PreservedInsect","Dodecahedron","ReplayTheSpireMod:CursedCoin","Letter Opener"],"campfire_rested":1,"item_purchase_floors":[5,11,21,27,38,47,47],"current_hp_per_floor":[79,79,79,79,79,78,72,72,72,72,72,73,73,71,71,46,79,79,79,79,79,79,79,79,64,64,64,65,66,50,51,76,77,84,84,84,84,84,84,84,91,97,97,97,97,98,98,100,103,103,103,103,103,107,59],"gold":97,"neow_bonus":"TEN_PERCENT_HP_BONUS","is_daily":false,"chose_seed":false,"campfire_upgraded":5,"win_rate":0.0,"timestamp":1609674819,"path_taken":["M","?","?","M","?","E","M","R","T","R","?","M","?","M","R","BOSS","M","M","?","?","$","R","E","?","T","$","E","M","?","M","R","BOSS","M","M","?","?","?","E","E","?","T","R","E","M","$","M","R","BOSS","R","$","E","BOSS"],"items_purchased_type":["Card","Card","Card","Relic","Relic","Relic","Relic"],"build_version":"2020-12-22","purchased_purges":1,"victory":true,"max_hp_per_floor":[79,79,79,79,79,79,79,79,79,79,79,79,79,79,79,79,79,79,79,79,79,79,79,79,84,84,84,84,84,84,84,84,84,84,84,84,84,84,84,84,91,97,97,97,97,98,98,100,103,103,103,103,103,107,107],"card_choices":[{"not_picked":["Replay:Hum","CutThroughFate"],"picked":"Replay:Battleflow","floor":1},{"not_picked":["EmptyFist","WheelKick","MostiFishMod:FlowState","ClearTheMind"],"picked":"Crescendo","floor":2},{"not_picked":["EmptyMind","Replay:AtTheReady","FollowUp","Weave"],"picked":"FlurryOfBlows","floor":4},{"not_picked":["Replay:ManipulateFuture","PathToVictory","MostiFishMod:StarHerder","Indignation"],"picked":"JustLucky","floor":6},{"not_picked":["Consecrate","Halt","Conclude","Evaluate"],"picked":"FlurryOfBlows","floor":7},{"not_picked":["Replay:AtTheReady","Wallop","ClearTheMind","PathToVictory","EmptyFist"],"picked":"SKIP","floor":12},{"not_picked":["ReachHeaven","Replay:Hum","Halt","CrushJoints"],"picked":"Prostrate","floor":14},{"not_picked":["MostiFishMod:Minus","MostiFishMod:Pointsdynamics","MostiFishMod:KamiSmash","MostiFishMod:Dust"],"picked":"ConjureBlade","floor":16},{"not_picked":["Replay:Hum","Protect","Replay:AtTheReady","SashWhip"],"picked":"FlurryOfBlows","floor":18},{"not_picked":["Replay:BluntJabs","ThirdEye","EmptyBody","Replay:ManipulateFuture+1"],"picked":"MostiFishMod:Disappear","floor":19},{"not_picked":["TalkToTheHand","FlurryOfBlows","EmptyBody","MostiFishMod:Speedup"],"picked":"MasterReality","floor":24},{"not_picked":["Worship","ThirdEye","Prostrate+1","FlyingSleeves+1"],"picked":"FlurryOfBlows","floor":28},{"not_picked":["ThirdEye","CutThroughFate","Replay:Battleflow+1","WreathOfFlame"],"picked":"Replay:Cycle","floor":29},{"not_picked":["FlurryOfBlows","Replay:BluntJabs","FollowUp","Crescendo"],"picked":"MostiFishMod:DustFall","floor":31},{"not_picked":["MostiFishMod:Pointsdynamics","MostiFishMod:StarWish","MostiFishMod:DisColor","Brilliance"],"picked":"DevaForm","floor":33},{"not_picked":["Adaptation","WheelKick+1","Halt+1","CutThroughFate"],"picked":"JustLucky+1","floor":35},{"not_picked":["Prostrate+1","EmptyFist","Wallop+1","DeceiveReality+1"],"picked":"FlurryOfBlows+1","floor":36},{"not_picked":["Replay:Sssssssssshield","expansioncontent:GoopSpray","Apotheosis","expansioncontent:SuperHexaguard"],"picked":"expansioncontent:Chronoboost","floor":39},{"not_picked":["Prostrate","ReachHeaven","WreathOfFlame","FlyingSleeves"],"picked":"FollowUp+1","floor":40},{"not_picked":["BowlingBash","MostiFishMod:Speedup","Weave","Protect"],"picked":"MostiFishMod:Dust","floor":41},{"not_picked":["ReachHeaven+1","FlyingSleeves+1","CrushJoints","Consecrate","Replay:BluntJabs"],"picked":"SKIP","floor":45},{"not_picked":["Replay:Anticipation","MostiFishMod:Nomercy","MostiFishMod:FlowState","Replay:BluntJabs"],"picked":"FlurryOfBlows+1","floor":46},{"not_picked":["FollowUp+1","SashWhip+1","PathToVictory+1","MostiFishMod:Moonprays"],"picked":"SandsOfTime+1","floor":48},{"not_picked":["Crescendo","Pray","JustLucky","FollowUp"],"picked":"DevaForm","floor":54}],"player_experience":43085,"relics_obtained":[{"floor":1,"key":"SynthV:TestCard"},{"floor":6,"key":"Replay:Wax Seal"},{"floor":24,"key":"Sundial"},{"floor":24,"key":"Pen Nib"},{"floor":26,"key":"Mummified Hand"},{"floor":28,"key":"WingedGreaves"},{"floor":28,"key":"Blue Doll"},{"floor":30,"key":"Enchiridion"},{"floor":40,"key":"Dream Catcher"},{"floor":40,"key":"Darkstone Periapt"},{"floor":41,"key":"Strawberry"},{"floor":41,"key":"Ancient Tea Set"},{"floor":42,"key":"ReplayTheSpireMod:Ring of Challenge"},{"floor":42,"key":"ReplayTheSpireMod:Ring of Exchange"},{"floor":43,"key":"Simple Rune"},{"floor":45,"key":"Omamori"},{"floor":45,"key":"DianDianMeat"},{"floor":54,"key":"StoneCalendar"},{"floor":54,"key":"Nunchaku"}],"event_choices":[{"damage_healed":0,"gold_gain":0,"player_choice":"Box","damage_taken":0,"relics_obtained":["Juzu Bracelet"],"max_hp_gain":0,"max_hp_loss":0,"event_name":"Big Fish","floor":3,"gold_loss":0,"cards_obtained":["Regret"]},{"damage_healed":0,"gold_gain":0,"player_choice":"Leave","damage_taken":0,"max_hp_gain":0,"max_hp_loss":0,"event_name":"The Cleric","floor":13,"gold_loss":0},{"damage_healed":0,"gold_gain":0,"player_choice":"Gave Potion","damage_taken":0,"relics_obtained":["SynthV:C4"],"max_hp_gain":0,"max_hp_loss":0,"event_name":"WeMeetAgain","floor":20,"gold_loss":0},{"damage_healed":0,"gold_gain":0,"player_choice":"Shed Blood","damage_taken":20,"max_hp_gain":5,"max_hp_loss":0,"event_name":"Forgotten Altar","floor":25,"gold_loss":0},{"damage_healed":0,"gold_gain":0,"player_choice":"Obtained Book","damage_taken":16,"max_hp_gain":0,"max_hp_loss":0,"event_name":"Cursed Tome","floor":30,"gold_loss":0},{"cards_removed":["Defend_P"],"damage_healed":0,"gold_gain":0,"player_choice":"Upgrade and Remove","damage_taken":0,"max_hp_gain":0,"max_hp_loss":0,"event_name":"Designer","floor":37,"gold_loss":90,"cards_upgraded":["Defend_P"]},{"damage_healed":0,"gold_gain":0,"player_choice":"Memory 1","damage_taken":0,"max_hp_gain":0,"max_hp_loss":0,"event_name":"SensoryStone","floor":39,"gold_loss":0}],"is_beta":false,"boss_relics":[{"not_picked":["Fusion Hammer","xbg"],"picked":"Black Star"},{"not_picked":["TakeMeEscape","Busted Crown"],"picked":"GreenFoldingFan"}],"items_purged_floors":[21],"is_endless":false,"potions_floor_spawned":[1,2,7,12,14,18,19,40,45,46,48,54],"ascension_level":0}}