{"host":"yecadp3kwkksam5a","time":1609659538,"event":{"mods":["BaseMod","Minty Spire (QoL Compilation)","StSLib"],"gold_per_floor":[111,2,2,16,16,16,51,51,102,163,241,312,62,137,137,300,300,379,452,522,522,522,612,334,334,334,184,184,308,308,430,442,737,749,896,1017,1029,1118,117,202,202,317,396,608,608,608,808,88,88,178,178,178,18,254,254],"floor_reached":56,"playtime":2908,"items_purged":["Defend_P","Defend_P+1","Strike_P+1","Vengeance+1","Eruption+1","Crescendo+1"],"score":2203,"play_id":"cc5e71a2-6499-4abe-944e-2ba300ca4b44","local_time":"20210103163858","is_ascension_mode":true,"campfire_choices":[{"floor":6.0,"key":"RECALL"},{"data":"Tantrum","floor":15.0,"key":"SMITH"},{"floor":28,"key":"DIG"},{"floor":30,"key":"DIG"},{"floor":32,"key":"DIG"},{"floor":41,"key":"DIG"},{"floor":46,"key":"DIG"},{"floor":49,"key":"DIG"},{"floor":52,"key":"DIG"}],"circlet_count":0,"master_deck":["Vigilance+1","TalkToTheHand+1","FearNoEvil+1","Scrawl+1","Adaptation+1","Adaptation+1","MentalFortress+1","Wish+1","Wish+1","Tantrum+1","Vault+1","Vault+1","Vault+1"],"relics":["Toxic Egg 2","Toy Ornithopter","VioletLotus","Nloth\u0027s Gift","FossilizedHelix","Sozu","Mercury Hourglass","Kunai","Sundial","Bag of Preparation","Tiny Chest","Omamori","Runic Pyramid","Turnip","Strange Spoon","Shovel","White Beast Statue","Prayer Wheel","CeramicFish","Pen Nib","MawBank","Regal Pillow","VioletLotus","The Courier","Lee\u0027s Waffle","Lantern","Strawberry","InkBottle","Bronze Scales","Meat on the Bone","Toxic Egg 2","Bottled Tornado","Juzu Bracelet","Molten Egg 2","Frozen Egg 2","Bird Faced Urn","Gambling Chip","Pear","MealTicket","Singing Bowl","Shuriken","Mummified Hand","Blue Candle","Bag of Marbles"],"acts_visited":["Exordium","TheCity","TheBeyond","TheEnding"],"potions_floor_usage":[],"damage_taken":[{"damage":0.0,"enemies":"Small Slimes","floor":1.0,"turns":1.0},{"damage":0.0,"enemies":"2 Louse","floor":4.0,"turns":1.0},{"damage":0.0,"enemies":"Gremlin Nob","floor":7.0,"turns":1.0},{"damage":0.0,"enemies":"Lagavulin","floor":10.0,"turns":2.0},{"damage":0.0,"enemies":"Cultist","floor":11.0,"turns":2.0},{"damage":0.0,"enemies":"Red Slaver","floor":12.0,"turns":2.0},{"damage":0.0,"enemies":"Looter","floor":14.0,"turns":2.0},{"damage":0.0,"enemies":"The Guardian","floor":16.0,"turns":4.0},{"damage":0.0,"enemies":"2 Thieves","floor":18.0,"turns":3.0},{"damage":6.0,"enemies":"Chosen","floor":19.0,"turns":3.0},{"damage":0.0,"enemies":"Shelled Parasite and Fungi","floor":20.0,"turns":4.0},{"damage":0.0,"enemies":"Slavers","floor":23.0,"turns":3.0},{"damage":0,"enemies":"Gremlin Leader","floor":29,"turns":2},{"damage":0,"enemies":"Slavers","floor":31,"turns":2},{"damage":0,"enemies":"Champ","floor":33,"turns":3},{"damage":0,"enemies":"3 Shapes","floor":35,"turns":1},{"damage":0,"enemies":"3 Darklings","floor":36,"turns":2},{"damage":0,"enemies":"Transient","floor":38,"turns":2},{"damage":0,"enemies":"Reptomancer","floor":40,"turns":2},{"damage":0,"enemies":"Giant Head","floor":42,"turns":1},{"damage":0,"enemies":"Reptomancer","floor":44,"turns":2},{"damage":0,"enemies":"Mind Bloom Boss Battle","floor":47,"turns":1},{"damage":0,"enemies":"Time Eater","floor":50,"turns":3},{"damage":18,"enemies":"Shield and Spear","floor":54,"turns":3},{"damage":4,"enemies":"The Heart","floor":55,"turns":4}],"seed_played":"3569395165201084504","potions_obtained":[],"is_trial":false,"path_per_floor":["M","$","?","M","?","R","E","?","T","E","M","M","$","M","R","B",null,"M","M","M","T","?","E","$","T","T","$","R","E","R","E","R","B",null,"M","M","?","M","$","E","R","E","T","E","?","R","?","$","R","B",null,"R","$","E","B",null],"character_chosen":"WATCHER","items_purchased":["MentalFortress","Bag of Preparation","Vault+1","Strange Spoon","Lee\u0027s Waffle","Lantern","Strawberry","InkBottle","Bronze Scales","Meat on the Bone","Pear","MealTicket","Singing Bowl","Shuriken"],"campfire_rested":0,"item_purchase_floors":[2,2,13,24,39,39,39,39,39,39,48,48,48,48],"current_hp_per_floor":[86,86,69,69,62,62,62,54,54,54,54,54,54,54,54,54,78,78,72,72,72,72,72,72,72,72,72,72,72,72,72,72,72,83,83,83,83,83,100,100,100,100,100,100,100,100,100,110,110,110,110,110,110,94,96],"gold":254,"neow_bonus":"TEN_PERCENT_HP_BONUS","is_daily":false,"chose_seed":false,"campfire_upgraded":1,"win_rate":0.0,"timestamp":1609659538,"path_taken":["M","$","?","M","?","R","E","?","T","E","?","M","$","M","R","BOSS","M","M","M","?","?","E","$","?","T","$","R","E","R","E","R","BOSS","M","M","?","M","$","E","R","E","T","E","?","R","?","$","R","BOSS","R","$","E","BOSS"],"items_purchased_type":["Card","Relic","Card","Relic","Relic","Relic","Relic","Relic","Relic","Relic","Relic","Relic","Relic","Relic"],"build_version":"2020-12-22","purchased_purges":6,"victory":true,"max_hp_per_floor":[86,86,86,86,86,86,86,86,86,86,86,86,86,86,86,86,86,86,86,86,86,86,86,86,86,86,86,86,86,86,86,86,86,86,86,86,86,86,100,100,100,100,100,100,100,100,100,110,110,110,110,110,110,112,112],"card_choices":[{"not_picked":["Prostrate+1","MasterReality"],"picked":"Adaptation","floor":1.0},{"not_picked":["ClearTheMind+1","Pray+1","JustLucky"],"picked":"SKIP","floor":4.0},{"not_picked":["PathToVictory+1","ThirdEye+1"],"picked":"Wish+1","floor":7.0},{"not_picked":["Crescendo+1","Vault+1"],"picked":"Wish+1","floor":10.0},{"not_picked":["Consecrate","SandsOfTime"],"picked":"Tantrum","floor":11.0},{"not_picked":["CutThroughFate","Worship+1","JustLucky"],"picked":"SKIP","floor":12.0},{"not_picked":["WindmillStrike","MentalFortress","SashWhip"],"picked":"SKIP","floor":14.0},{"not_picked":["Alpha+1","ConjureBlade+1"],"picked":"Vault+1","floor":16.0},{"not_picked":["Alpha+1","Tantrum+1"],"picked":"Vault+1","floor":18.0},{"not_picked":["EmptyBody+1","Halt+1","FlurryOfBlows"],"picked":"SKIP","floor":19.0},{"not_picked":["Judgement+1","WaveOfTheHand+1","FlyingSleeves"],"picked":"SKIP","floor":20.0},{"not_picked":["Nirvana","Blasphemy+1","ThirdEye+1"],"picked":"SKIP","floor":23.0},{"not_picked":["EmptyMind+1","Collect+1","JustLucky"],"picked":"SKIP","floor":29},{"not_picked":["Swivel+1","Worship+1","Prostrate+1"],"picked":"SKIP","floor":31},{"not_picked":["FearNoEvil+1","Indignation+1","Consecrate+1"],"picked":"SKIP","floor":35},{"not_picked":["Collect+1","Evaluate+1","EmptyMind+1"],"picked":"SKIP","floor":35},{"not_picked":["EmptyFist+1","BowlingBash+1","MentalFortress"],"picked":"SKIP","floor":36},{"not_picked":["ConjureBlade+1","PathToVictory+1","EmptyMind+1"],"picked":"SKIP","floor":36},{"not_picked":["Halt+1","Worship+1","CarveReality"],"picked":"SKIP","floor":38},{"not_picked":["FollowUp+1","ClearTheMind+1","Worship+1"],"picked":"SKIP","floor":38},{"not_picked":["ConjureBlade+1","Consecrate","EmptyBody+1"],"picked":"SKIP","floor":40},{"not_picked":["JustLucky+1","DeceiveReality+1","Consecrate+1"],"picked":"SKIP","floor":42},{"not_picked":["LikeWater+1","TalkToTheHand+1","Protect+1"],"picked":"SKIP","floor":44},{"not_picked":["Weave+1","LessonLearned+1","Wireheading+1"],"picked":"Singing Bowl","floor":54}],"player_experience":317700,"relics_obtained":[{"floor":9.0,"key":"Tiny Chest"},{"floor":10.0,"key":"Omamori"},{"floor":23.0,"key":"Turnip"},{"floor":25,"key":"Shovel"},{"floor":26,"key":"White Beast Statue"},{"floor":28,"key":"Prayer Wheel"},{"floor":29,"key":"CeramicFish"},{"floor":30,"key":"Pen Nib"},{"floor":31,"key":"MawBank"},{"floor":32,"key":"Regal Pillow"},{"floor":40,"key":"Toxic Egg 2"},{"floor":41,"key":"Bottled Tornado"},{"floor":42,"key":"Juzu Bracelet"},{"floor":43,"key":"Molten Egg 2"},{"floor":44,"key":"Frozen Egg 2"},{"floor":46,"key":"Bird Faced Urn"},{"floor":47,"key":"Gambling Chip"},{"floor":49,"key":"Mummified Hand"},{"floor":52,"key":"Blue Candle"},{"floor":54,"key":"Bag of Marbles"}],"event_choices":[{"damage_healed":0.0,"max_hp_gain":0.0,"max_hp_loss":0.0,"gold_gain":0.0,"event_name":"Shining Light","player_choice":"Entered Light","floor":3.0,"gold_loss":0.0,"damage_taken":17.0,"cards_upgraded":["MentalFortress","Adaptation"]},{"cards_removed":["MasterReality"],"damage_healed":0.0,"max_hp_gain":0.0,"max_hp_loss":0.0,"gold_gain":0.0,"event_name":"Golden Wing","player_choice":"Card Removal","floor":5.0,"gold_loss":0.0,"damage_taken":7.0},{"damage_healed":0.0,"max_hp_gain":0.0,"max_hp_loss":0.0,"gold_gain":0.0,"event_name":"Wheel of Change","player_choice":"Damaged","floor":8.0,"gold_loss":0.0,"damage_taken":8.0},{"damage_healed":0.0,"max_hp_gain":0.0,"max_hp_loss":0.0,"gold_gain":0.0,"event_name":"Match and Keep!","player_choice":"0 cards matched","floor":22.0,"gold_loss":0.0,"damage_taken":0.0,"cards_obtained":[]},{"damage_healed":0,"gold_gain":0,"player_choice":"0 cards matched","damage_taken":0,"max_hp_gain":0,"max_hp_loss":0,"event_name":"Match and Keep!","floor":37,"gold_loss":0,"cards_obtained":[]},{"cards_removed":["Crescendo"],"damage_healed":0,"gold_gain":0,"player_choice":"Removed Skill","damage_taken":0,"max_hp_gain":0,"max_hp_loss":0,"event_name":"Falling","floor":45,"gold_loss":0},{"damage_healed":0,"gold_gain":0,"player_choice":"Fight","damage_taken":0,"max_hp_gain":0,"max_hp_loss":0,"event_name":"MindBloom","floor":47,"gold_loss":0}],"is_beta":false,"boss_relics":[{"not_picked":["Pandora\u0027s Box","Empty Cage"],"picked":"Runic Pyramid"},{"not_picked":["SlaversCollar","Busted Crown"],"picked":"VioletLotus"}],"items_purged_floors":[2,13,24,27,39,53],"is_endless":false,"potions_floor_spawned":[4,12,16,18,20,29,31,33,35,36,38,40,42,44,47,54],"ascension_level":5}}