{"host":"p742ht8mn9fxu2jl","time":1609680518,"event":{"mods":["Arknights The Spire","BaseMod","Colored Powertips","Hermit","Minty Spire (QoL Compilation)","StSLib","Td1madao Mod","The Bug Knight","The Cursed","The Dragon Tamer","The Hierophant","The Runesmith"],"gold_per_floor":[211,386,199050,199062,198249,198249,198282,198282,198282,197399,197418,197418,197443,197457,197457,197560,197560,197577,197595,197595,196690,196605,195624,195624,195624,195675,194902,194914,194927,194939,194959,194959,195054,195054,195068,195068,195068,195086,194497,194528,194528,194528,194528,194561,194561,194615,194635,194148,194148,194148],"floor_reached":51,"playtime":3573,"items_purged":["ats:Strike V","ats:Defend","ats:Defend","ats:Defend","Doubt","ats:Strike G","ats:Strike C","ats:Strike S"],"score":844,"play_id":"3cbdca06-cec8-45b6-93cc-2a71b67039dd","local_time":"20210103222838","is_ascension_mode":true,"campfire_choices":[{"data":"ats:Soul Absorption","floor":6,"key":"SMITH"},{"floor":15,"key":"REST"},{"data":"ats:Flexible Camouflage","floor":25,"key":"SMITH"},{"floor":32,"key":"REST"},{"data":"ats:Emotion Absorption","floor":41,"key":"SMITH"},{"data":"ats:Soul Absorption","floor":49,"key":"SMITH"}],"circlet_count":0,"master_deck":["ats:Armor Crushing Shot","ats:Emotion Absorption+1","ats:Assault Order","Violence","ats:Assault Order","ats:Shell Defense","ats:Soul Absorption+1","ats:Neurotoxin+1","ats:Powerful Strike","ats:Healing Drone","ats:Rapid Magazine+1","ats:Consecutive Shot Auto","ats:Nebulous Foxfire","ats:Hammer On","ats:Explosion Area Strengthen","ats:Poison Spread","ats:Powerful Strike","ats:Explosion Area Strengthen","ats:Roar Of Ursus+1","ats:Sword Rain","ats:Song Of Battle+1","ats:Sword Rain","ats:Part Time Job+1","ats:Flexible Camouflage+1","ats:Defend Order+1","ats:Powerful Strike","ats:Soul Absorption+1","ats:Apocalypse+1","ats:Thermite Blade","ats:Apocalypse","ats:Powerful Strike+1","Flash of Steel","ats:Shell Defense","ats:Sword Rain","ats:Chain Hook","ats:Curse Doll+1","ats:Magnetic Hammer+1","Violence","ats:Explosion Area Strengthen"],"relics":["ats:Sanity","Vajra","ats:Emergency Defibrillator","ats:Cure","Nunchaku","Frozen Egg 2","Lee\u0027s Waffle","ats:Originium","Dream Catcher","Regal Pillow","Centennial Puzzle","HollowMod:PaleOreRelic","ats:Support","Art of War","Toy Ornithopter","Sozu","Pear","Mummified Hand","Strange Spoon","Runesmith:Nanobots","Runesmith:Locket","Mercury Hourglass","Toolbox","Omamori","Bag of Marbles","Tiny Chest","ats:Arts","Philosopher\u0027s Stone","InkBottle","Juzu Bracelet","ats:Spiritual Recovery","Membership Card","Boot","Pen Nib","MealTicket","Bottled Flame","CaptainsWheel","Bottled Tornado","Ancient Tea Set","Chemical X"],"acts_visited":["Exordium","TheCity","TheBeyond"],"potions_floor_usage":[3],"damage_taken":[{"damage":1,"enemies":"Cultist","floor":1,"turns":4},{"damage":9,"enemies":"2 Louse","floor":4,"turns":4},{"damage":42,"enemies":"Lagavulin","floor":7,"turns":7},{"damage":3,"enemies":"Jaw Worm","floor":11,"turns":3},{"damage":9,"enemies":"Gremlin Nob","floor":13,"turns":3},{"damage":15,"enemies":"Exordium Thugs","floor":14,"turns":3},{"damage":41,"enemies":"Hexaghost","floor":16,"turns":7},{"damage":10,"enemies":"Spheric Guardian","floor":18,"turns":3},{"damage":14,"enemies":"3 Byrds","floor":19,"turns":4},{"damage":12,"enemies":"3 Cultists","floor":28,"turns":3},{"damage":0,"enemies":"Snake Plant","floor":29,"turns":2},{"damage":12,"enemies":"Shelled Parasite and Fungi","floor":30,"turns":4},{"damage":11,"enemies":"Snecko","floor":31,"turns":3},{"damage":69,"enemies":"Collector","floor":33,"turns":7},{"damage":0,"enemies":"3 Darklings","floor":35,"turns":2},{"damage":0,"enemies":"3 Shapes","floor":38,"turns":2},{"damage":33,"enemies":"Reptomancer","floor":40,"turns":5},{"damage":10,"enemies":"Giant Head","floor":44,"turns":5},{"damage":23,"enemies":"2 Orb Walkers","floor":46,"turns":3},{"damage":0,"enemies":"Writhing Mass","floor":47,"turns":4},{"damage":46,"enemies":"Donu and Deca","floor":50,"turns":6}],"seed_played":"5354124027701843396","potions_obtained":[{"floor":11,"key":"Swift Potion"},{"floor":13,"key":"Strength Potion"}],"is_trial":false,"path_per_floor":["M","?","$","M","$","R","E","?","T","$","M","T","E","M","R","B",null,"M","M","?","$","?","$","?","R","T","$","M","M","M","M","R","B",null,"M","?","T","M","$","E","R","?","T","E","T","?","M","$","R","B",null],"character_chosen":"DOCTOR_CLASS","items_purchased":["Vajra","Violence","ats:Emergency Defibrillator","ats:Cure","Fruit Juice","Dexterity Potion","Dexterity Potion","ats:Assault Order","Nunchaku","Frozen Egg 2","Lee\u0027s Waffle","ats:Soul Absorption","ats:Neurotoxin+1","ats:Powerful Strike","ats:Rapid Magazine+1","ats:Consecutive Shot Auto","ats:Nebulous Foxfire","ats:Hammer On","Centennial Puzzle","HollowMod:PaleOreRelic","ats:Support","Pear","Mummified Hand","Strange Spoon","ats:Song Of Battle+1","ats:Sword Rain","ats:Part Time Job+1","Runesmith:Locket","Mercury Hourglass","Toolbox","ats:Flexible Camouflage","Bag of Marbles","Tiny Chest","ats:Arts","ats:Defend Order+1","ats:Powerful Strike","Juzu Bracelet","ats:Spiritual Recovery","Membership Card","ats:Sword Rain","Bottled Tornado","Ancient Tea Set","Chemical X","Violence","ats:Explosion Area Strengthen"],"campfire_rested":2,"item_purchase_floors":[3,3,3,3,3,3,3,3,5,5,5,5,5,5,10,10,10,10,10,10,10,21,21,21,21,21,23,23,23,23,23,27,27,27,27,27,39,39,39,39,48,48,48,48,48],"current_hp_per_floor":[71,71,76,67,84,84,42,35,35,35,35,35,37,24,64,39,84,77,71,71,81,81,81,62,62,62,62,61,61,67,74,99,51,99,99,89,89,89,89,84,84,99,99,96,96,81,98,99,99,79],"gold":194148,"neow_bonus":"HUNDRED_GOLD","is_daily":false,"chose_seed":false,"campfire_upgraded":4,"win_rate":0.0,"timestamp":1609680518,"path_taken":["M","?","$","M","$","R","E","?","T","?","?","?","E","M","R","BOSS","M","M","?","$","?","?","?","R","T","$","M","M","M","M","R","BOSS","M","?","?","M","$","E","R","?","T","E","?","?","M","$","R","BOSS"],"items_purchased_type":["Relic","Card","Relic","Relic","Potion","Potion","Potion","Card","Relic","Relic","Relic","Card","Card","Card","Card","Card","Card","Card","Relic","Relic","Relic","Relic","Relic","Relic","Card","Card","Card","Relic","Relic","Relic","Card","Relic","Relic","Relic","Card","Card","Relic","Relic","Relic","Card","Relic","Relic","Relic","Card","Card"],"build_version":"2020-12-22","purchased_purges":8,"victory":true,"max_hp_per_floor":[72,72,77,77,84,84,84,84,84,84,84,84,84,84,84,84,84,84,84,84,94,94,94,99,99,99,99,99,99,99,99,99,99,99,99,99,99,99,99,99,99,99,99,99,99,99,99,99,99,99],"card_choices":[{"not_picked":["ats:Explosion Area Strengthen","ats:Shadow Raid"],"picked":"ats:Assault Order","floor":1},{"not_picked":["ats:Assault Order","ats:Powerful Strike"],"picked":"ats:Shell Defense","floor":4},{"not_picked":["ats:Counter Healing Mode+1","ats:Calcification"],"picked":"ats:Healing Drone","floor":7},{"not_picked":["ats:Cat Scratch","ats:Assault Order"],"picked":"ats:Explosion Area Strengthen","floor":11},{"not_picked":["ats:Hammer On","ats:Cat Scratch"],"picked":"ats:Poison Spread","floor":13},{"not_picked":["ats:Consecutive Shot Auto","ats:Poison Spread"],"picked":"ats:Powerful Strike","floor":14},{"not_picked":["ats:Curse Doll","ats:Healing Drone"],"picked":"ats:Explosion Area Strengthen","floor":15},{"not_picked":["ats:Volcano","ats:Disruption Kick"],"picked":"ats:Roar Of Ursus+1","floor":16},{"not_picked":["ats:Guardian Obelisk","ats:Assault Order","ats:Cat Scratch"],"picked":"SKIP","floor":18},{"not_picked":["ats:Hook Shot+1","ats:Counter Healing Mode+1"],"picked":"ats:Sword Rain","floor":19},{"not_picked":["ats:Explosion Area Strengthen","ats:Song Of Battle+1"],"picked":"ats:Soul Absorption","floor":28},{"not_picked":["ats:Consecutive Shot Auto","ats:Assault Order+1"],"picked":"ats:Apocalypse+1","floor":29},{"not_picked":["ats:Ignite+1","ats:Cat Scratch"],"picked":"ats:Thermite Blade","floor":30},{"not_picked":["ats:Childhood Dance","ats:Leaping Hammer","ats:Ignite"],"picked":"SKIP","floor":31},{"not_picked":["ats:Rat Pack","ats:Chain Hook+1"],"picked":"ats:Apocalypse","floor":32},{"not_picked":["ats:Overload","ats:Burning Ground+1"],"picked":"ats:Powerful Strike+1","floor":35},{"not_picked":["Swift Strike","Dark Shackles"],"picked":"Flash of Steel","floor":36},{"not_picked":["ats:Cat Scratch","ats:Curse Doll"],"picked":"ats:Shell Defense","floor":38},{"not_picked":["ats:Shell Defense","ats:Hammer On"],"picked":"ats:Chain Hook","floor":40},{"not_picked":["ats:Burning Ground+1","ats:Thermite Blade"],"picked":"ats:Curse Doll+1","floor":44},{"not_picked":["ats:Hammer On","ats:Leaping Hammer+1"],"picked":"ats:Magnetic Hammer+1","floor":47}],"player_experience":47223,"relics_obtained":[{"floor":7,"key":"ats:Originium"},{"floor":7,"key":"Dream Catcher"},{"floor":9,"key":"Regal Pillow"},{"floor":12,"key":"Art of War"},{"floor":13,"key":"ats:Originium"},{"floor":13,"key":"Toy Ornithopter"},{"floor":26,"key":"Omamori"},{"floor":37,"key":"InkBottle"},{"floor":40,"key":"ats:Originium"},{"floor":40,"key":"Boot"},{"floor":43,"key":"Pen Nib"},{"floor":44,"key":"MealTicket"},{"floor":45,"key":"Bottled Flame"},{"floor":46,"key":"CaptainsWheel"}],"event_choices":[{"damage_healed":0,"gold_gain":175,"player_choice":"AGREE","damage_taken":0,"max_hp_gain":0,"max_hp_loss":0,"event_name":"Liars Game","floor":2,"gold_loss":0,"cards_obtained":["Doubt"]},{"cards_removed":["ats:Defend"],"damage_healed":0,"gold_gain":0,"player_choice":"Card Removal","damage_taken":7,"max_hp_gain":0,"max_hp_loss":0,"event_name":"Golden Wing","floor":8,"gold_loss":0},{"damage_healed":0,"gold_gain":0,"player_choice":"Ignored","damage_taken":0,"max_hp_gain":0,"max_hp_loss":0,"event_name":"The Mausoleum","floor":20,"gold_loss":0},{"damage_healed":0,"gold_gain":0,"player_choice":"Obtained Relic","damage_taken":0,"relics_obtained":["Runesmith:Nanobots"],"max_hp_gain":0,"max_hp_loss":0,"event_name":"Addict","floor":22,"gold_loss":85},{"damage_healed":0,"gold_gain":0,"player_choice":"Shed Blood","damage_taken":24,"max_hp_gain":5,"max_hp_loss":0,"event_name":"Forgotten Altar","floor":24,"gold_loss":0},{"damage_healed":0,"gold_gain":0,"player_choice":"Memory 3","damage_taken":10,"max_hp_gain":0,"max_hp_loss":0,"event_name":"SensoryStone","floor":36,"gold_loss":0},{"damage_healed":25,"gold_gain":0,"player_choice":"Writhe","damage_taken":0,"max_hp_gain":0,"max_hp_loss":0,"event_name":"Winding Halls","floor":42,"gold_loss":0,"cards_obtained":["Writhe"]},{"damage_healed":0,"gold_gain":0,"player_choice":"Fight","damage_taken":0,"max_hp_gain":0,"max_hp_loss":0,"event_name":"Mysterious Sphere","floor":46,"gold_loss":0}],"is_beta":false,"boss_relics":[{"not_picked":["Black Star","Cursed Key"],"picked":"Sozu"},{"not_picked":["Fusion Hammer","Coffee Dripper"],"picked":"Philosopher\u0027s Stone"}],"items_purged_floors":[3,5,10,21,23,27,39,48],"is_endless":false,"potions_floor_spawned":[11,13,14,18,28,31,33,35,38,46],"ascension_level":1}}