{"host":"if82ftfycgeplyd6","time":1609639002,"event":{"mods":["BaseMod","Block Reminder","Booster Modes","Hermit","Jorbs\u0027s Wanderer Trilogy","KinomotoSakuraMod(????)","Minty Spire (QoL Compilation)","Robot Space Explorer","Shade Mod","StSLib","The Cursed","The Gatherer","The Hierophant","The Necromancer","The Servant 0.9.4"],"gold_per_floor":[117,131,143,143,154,154,174,174,174,174,202,224,252,292,304,412,424,447,359,253,60,80,112,112,145,190,214,214,241,255,269,269,372,372,372],"floor_reached":34,"playtime":1816,"items_purged":[],"score":447,"play_id":"b23df97b-b89a-4002-a7d5-dde9431a1832","local_time":"20210102175642","is_ascension_mode":false,"campfire_choices":[{"data":"Shade:AnimateDead","floor":6,"key":"SMITH"},{"data":"Shade:CarefulCut","floor":8,"key":"SMITH"},{"floor":10,"key":"RECALL"},{"floor":15,"key":"REST"},{"floor":28,"key":"REST"},{"data":"Shade:ExtraLimbs","floor":32,"key":"SMITH"}],"circlet_count":0,"master_deck":["Shade:Strike_Shade","Shade:Strike_Shade","Shade:Strike_Shade","Shade:Defend_Shade","Shade:Defend_Shade","Shade:Defend_Shade","Shade:Defend_Shade","Shade:AnimateDead+1","Shade:CarefulCut+1","Shade:ScuttlingHand","Shade:AncientSpear","Shade:AblativeArmor","Shade:SpectralStrikes","Shade:TouchOfTheGrave","Shade:FuneraryArmor","Shade:DangerousRitual","Shade:FuneraryArmor","Shade:OminousRitual","Shade:Brains","Shade:ExtraLimbs","Shade:ScuttlingHand","Shade:ExtraLimbs+1","Shade:ExtraLimbs","CurseOfTheBell"],"relics":["Shade:YorickSkull","Ornamental Fan","MawBank","Gambling Chip","Sozu","Eternal Feather","Juzu Bracelet","Gremlin Horn","Enchiridion","Anchor","Toy Ornithopter","Akabeko","Bronze Scales","Calling Bell","Bag of Marbles","InkBottle","Peace Pipe"],"acts_visited":["Exordium","TheCity","TheBeyond"],"potions_floor_usage":[29],"damage_taken":[{"damage":0,"enemies":"Jaw Worm","floor":1,"turns":3},{"damage":0,"enemies":"Cultist","floor":2,"turns":3},{"damage":0,"enemies":"2 Louse","floor":3,"turns":2},{"damage":0,"enemies":"Looter","floor":5,"turns":2},{"damage":0,"enemies":"Red Slaver","floor":7,"turns":3},{"damage":0,"enemies":"Gremlin Nob","floor":11,"turns":3},{"damage":20,"enemies":"Gremlin Gang","floor":12,"turns":5},{"damage":6,"enemies":"Blue Slaver","floor":13,"turns":3},{"damage":14,"enemies":"3 Sentries","floor":14,"turns":7},{"damage":3,"enemies":"The Guardian","floor":16,"turns":11},{"damage":0,"enemies":"3 Byrds","floor":18,"turns":5},{"damage":0,"enemies":"2 Thieves","floor":22,"turns":4},{"damage":19,"enemies":"Slavers","floor":23,"turns":7},{"damage":18,"enemies":"Book of Stabbing","floor":25,"turns":7},{"damage":6,"enemies":"Slavers","floor":29,"turns":7},{"damage":0,"enemies":"Centurion and Healer","floor":30,"turns":4},{"damage":0,"enemies":"Cultist and Chosen","floor":31,"turns":3},{"damage":61,"enemies":"Champ","floor":33,"turns":12}],"seed_played":"-1239370658931766298","potions_obtained":[{"floor":3,"key":"Regen Potion"},{"floor":5,"key":"SmokeBomb"},{"floor":12,"key":"GamblersBrew"},{"floor":13,"key":"BlessingOfTheForge"},{"floor":16,"key":"Regen Potion"}],"is_trial":false,"path_per_floor":["M","M","M","?","M","R","M","R","T","R","E","M","M","E","R","B",null,"M","?","$","$","M","E","?","E","T","T","R","E","M","M","R","B",null],"character_chosen":"SHADE","items_purchased":["Shade:ExtraLimbs","Shade:ScuttlingHand","Shade:ExtraLimbs","Juzu Bracelet"],"campfire_rested":2,"item_purchase_floors":[20,20,21,21],"current_hp_per_floor":[71,71,71,71,71,71,71,71,71,71,71,51,45,31,52,49,71,71,71,71,71,71,52,36,18,18,18,51,50,50,50,62,1,71,71],"gold":372,"neow_bonus":"TEN_PERCENT_HP_BONUS","is_daily":false,"chose_seed":false,"campfire_upgraded":3,"win_rate":0.0,"timestamp":1609639002,"path_taken":["M","M","M","?","M","R","M","R","T","R","E","M","M","E","R","BOSS","M","?","?","$","M","E","?","E","T","?","R","E","M","M","R","BOSS"],"items_purchased_type":["Card","Card","Card","Relic"],"build_version":"2020-12-22","purchased_purges":0,"victory":false,"max_hp_per_floor":[71,71,71,71,71,71,71,71,71,71,71,71,71,71,71,71,71,71,71,71,71,71,71,71,71,71,71,71,71,71,71,71,71,71,71],"card_choices":[{"not_picked":["Shade:FreshBones","Shade:Asphyxiate"],"picked":"Shade:ScuttlingHand","floor":1},{"not_picked":["Shade:DangerousRitual","Shade:Carnophage"],"picked":"Shade:AncientSpear","floor":2},{"not_picked":["Shade:SanguineRitual","Shade:BoneShards","Shade:Premonition"],"picked":"SKIP","floor":3},{"not_picked":["Shade:PressTheAttack","Shade:Bonestorm"],"picked":"Shade:AblativeArmor","floor":5},{"not_picked":["Shade:Patience","Shade:FreshBones"],"picked":"Shade:SpectralStrikes","floor":7},{"not_picked":["Shade:GraveStillness","Shade:BoneShards"],"picked":"Shade:TouchOfTheGrave","floor":11},{"not_picked":["Shade:ClawBack","Shade:Premonition"],"picked":"Shade:FuneraryArmor","floor":12},{"not_picked":["Shade:Premonition","Shade:WallOfFlesh"],"picked":"Shade:DangerousRitual","floor":13},{"not_picked":["Shade:OneIsEnough","Shade:CoffinDance"],"picked":"Shade:FuneraryArmor","floor":14},{"not_picked":["Shade:LichForm","Shade:SoulPierce"],"picked":"Shade:OminousRitual","floor":16},{"not_picked":["Shade:Asphyxiate+1","Shade:FleshOffering"],"picked":"Shade:Brains","floor":18},{"not_picked":["Shade:GraveStillness","Shade:CoffinDance","Shade:SkeletonHug"],"picked":"SKIP","floor":22},{"not_picked":["Shade:FeralStrike+1","Shade:ClawBack","Shade:Haruspicy"],"picked":"SKIP","floor":23},{"not_picked":["Shade:SpectralStrikes","Shade:WallOfFlesh","Shade:DangerousRitual"],"picked":"SKIP","floor":25},{"not_picked":["Shade:AblativeArmor","Shade:GreaterAnimation","Shade:TouchOfTheGrave"],"picked":"SKIP","floor":29},{"not_picked":["Shade:Brains","Shade:SanguineRitual","Shade:GoDigging+1"],"picked":"SKIP","floor":30},{"not_picked":["Shade:Frenzy+1","Shade:SanguineRitual+1"],"picked":"Shade:ExtraLimbs","floor":31}],"player_experience":936881,"relics_obtained":[{"floor":9,"key":"Ornamental Fan"},{"floor":11,"key":"MawBank"},{"floor":14,"key":"Gambling Chip"},{"floor":23,"key":"Gremlin Horn"},{"floor":24,"key":"Enchiridion"},{"floor":25,"key":"Anchor"},{"floor":26,"key":"Toy Ornithopter"},{"floor":27,"key":"Akabeko"},{"floor":29,"key":"Bronze Scales"},{"floor":34,"key":"Bag of Marbles"},{"floor":34,"key":"InkBottle"},{"floor":34,"key":"Peace Pipe"}],"event_choices":[{"cards_removed":["Shade:Strike_Shade"],"damage_healed":0,"gold_gain":0,"player_choice":"Offered Basic","damage_taken":0,"max_hp_gain":0,"max_hp_loss":0,"event_name":"Bonfire Elementals","floor":4,"gold_loss":0},{"damage_healed":0,"gold_gain":0,"player_choice":"Paid Gold","damage_taken":0,"relics_obtained":["Eternal Feather"],"max_hp_gain":0,"max_hp_loss":0,"event_name":"WeMeetAgain","floor":19,"gold_loss":100},{"damage_healed":0,"gold_gain":0,"player_choice":"Obtained Book","damage_taken":16,"max_hp_gain":0,"max_hp_loss":0,"event_name":"Cursed Tome","floor":24,"gold_loss":0}],"is_beta":false,"boss_relics":[{"not_picked":["Philosopher\u0027s Stone","Fusion Hammer"],"picked":"Sozu"},{"not_picked":["Coffee Dripper","Busted Crown"],"picked":"Calling Bell"}],"items_purged_floors":[],"is_endless":false,"potions_floor_spawned":[3,5,12,13,16,23,30],"ascension_level":0}}