{"host":"2js2pxuugveqjuf7","time":1609681349,"event":{"mods":["BaseMod","Downfall","Minty Spire (QoL Compilation)","Relic Stats","StSLib"],"gold_per_floor":[99,118,136,151,165,190,215,245,320,71,71,98,98,150,172,184,184,184],"floor_reached":16,"playtime":2110,"items_purged":[],"score":126,"play_id":"3139f14b-c164-48ed-a7a7-3485701e17cd","local_time":"20210103074229","is_ascension_mode":true,"campfire_choices":[{"floor":1,"key":"RECALL"},{"floor":11,"key":"REST"}],"circlet_count":0,"master_deck":["Slimebound:Strike_Slimebound","Slimebound:Strike_Slimebound","Slimebound:Strike_Slimebound","Slimebound:Tackle","Slimebound:Defend_Slimebound","Slimebound:Defend_Slimebound","Slimebound:Defend_Slimebound","Slimebound:Defend_Slimebound","Slimebound:Split","Slimebound:CorrosiveSpit","Slimebound:FinishingTackle","Slimebound:SplitMire","Slimebound:LivingWall","Slimebound:LivingWall","Slimebound:SplitMire","Slimebound:MinionMaster","Slimebound:SplitSpecialist","expansioncontent:AwakenDeath+1","Slimebound:GoopTackle","Slimebound:GoopSpray"],"relics":["Snecko Eye","Tiny Chest","Nunchaku","Art of War","PreservedInsect","Slimebound:MaxSlimesRelic","MawBank"],"acts_visited":["Exordium"],"potions_floor_usage":[],"damage_taken":[{"damage":4,"enemies":"2 Louse","floor":2,"turns":3},{"damage":8,"enemies":"Jaw Worm","floor":3,"turns":4},{"damage":19,"enemies":"Small Slimes","floor":4,"turns":3},{"damage":5,"enemies":"Red Slaver","floor":5,"turns":2},{"damage":26,"enemies":"3 Sentries","floor":6,"turns":9},{"damage":19,"enemies":"Gremlin Nob","floor":8,"turns":5},{"damage":8,"enemies":"downfall:FleeingMerchant","floor":10,"turns":4},{"damage":41,"enemies":"3 Sentries","floor":12,"turns":6},{"damage":19,"enemies":"2 Fungi Beasts","floor":15,"turns":4},{"damage":54,"enemies":"downfall:Defect","floor":16,"turns":4}],"seed_played":"6283668938136130903","potions_obtained":[{"floor":4,"key":"Guardian:BlockOnCardUsePotion"},{"floor":5,"key":"LiquidBronze"},{"floor":12,"key":"PowerPotion"}],"is_trial":false,"path_per_floor":["R","M","M","M","M","E","T","E","?","$","R","E","?","T","M","B"],"character_chosen":"SLIMEBOUND","items_purchased":["PreservedInsect","expansioncontent:AwakenDeath"],"campfire_rested":1,"item_purchase_floors":[10,10],"current_hp_per_floor":[60,60,56,41,40,22,22,11,11,11,29,13,13,13,32,0,0,0],"gold":184,"neow_bonus":"BOSS_RELIC","is_daily":false,"chose_seed":false,"campfire_upgraded":0,"win_rate":0.0,"timestamp":1609681349,"path_taken":["R","M","M","M","M","E","T","E","?","?","R","E","?","?","M","BOSS"],"items_purchased_type":["Relic","Card"],"build_version":"2020-12-22","purchased_purges":0,"victory":false,"max_hp_per_floor":[60,60,60,60,60,60,60,60,60,60,60,60,60,60,60,60,60,60],"relic_stats":{"Nunchaku":[2],"counters":[10,41],"Snecko Eye":[58,70,65,71],"Tiny Chest":1,"PreservedInsect":30,"Art of War":[5],"MawBank":24,"obtain_stats":[{"Nunchaku":7,"Slimebound:MaxSlimesRelic":12,"Snecko Eye":0,"Tiny Chest":6,"PreservedInsect":10,"Slimebound:AbsorbEndCombat":0,"Art of War":8,"MawBank":14},{"Nunchaku":5,"Slimebound:MaxSlimesRelic":8,"Snecko Eye":0,"Tiny Chest":5,"PreservedInsect":7,"Slimebound:AbsorbEndCombat":0,"Art of War":6,"MawBank":8},{"Nunchaku":19,"Slimebound:MaxSlimesRelic":34,"Snecko Eye":0,"Tiny Chest":19,"PreservedInsect":28,"Slimebound:AbsorbEndCombat":0,"Art of War":24,"MawBank":34}]},"card_choices":[{"not_picked":["Slimebound:ServeAndProtect","Slimebound:ItLooksTasty"],"picked":"Slimebound:FinishingTackle","floor":2},{"not_picked":["Slimebound:Gluttony","Slimebound:Chomp"],"picked":"Slimebound:SplitMire","floor":3},{"not_picked":["Slimebound:SplitLeeching","Slimebound:ViciousTackle"],"picked":"Slimebound:LivingWall","floor":4},{"not_picked":["Slimebound:LevelUp","Slimebound:ComboTackle"],"picked":"Slimebound:LivingWall","floor":5},{"not_picked":["Slimebound:DisruptingSlam","Slimebound:SlimeBarrage"],"picked":"Slimebound:SplitMire","floor":6},{"not_picked":["Slimebound:DivideAndConquer","Slimebound:SpikyOuterGoop"],"picked":"Slimebound:MinionMaster","floor":8},{"not_picked":["Slimebound:SamplingLick","Slimebound:Chomp"],"picked":"Slimebound:SplitSpecialist","floor":10},{"not_picked":["Slimebound:DivideAndConquer","Slimebound:ComboTackle"],"picked":"Slimebound:GoopTackle","floor":12},{"not_picked":["Slimebound:AcidTongue","Slimebound:FinishingTackle"],"picked":"Slimebound:GoopSpray","floor":15}],"player_experience":263431,"relics_obtained":[{"floor":6,"key":"Tiny Chest"},{"floor":7,"key":"Nunchaku"},{"floor":8,"key":"Art of War"},{"floor":12,"key":"Slimebound:MaxSlimesRelic"},{"floor":14,"key":"MawBank"}],"event_choices":[{"damage_healed":0,"gold_gain":0,"player_choice":"Forge","damage_taken":0,"max_hp_gain":0,"max_hp_loss":0,"event_name":"Accursed Blacksmith","floor":13,"gold_loss":0,"cards_upgraded":["expansioncontent:AwakenDeath"]}],"is_beta":false,"boss_relics":[],"items_purged_floors":[],"is_endless":false,"potions_floor_spawned":[4,5,12],"killed_by":"downfall:Defect","ascension_level":1}}