{"host":"xepm4vdq3mgbriir","time":1609638290,"event":{"mods":["AchievementEnabler","BaseMod","Bestiary","Block Reminder","DeckTracker","Minty Spire (QoL Compilation)","Rare Cards Sparkle","Relic Stats","Spire Birthday Party","StSLib","Unceasing Turn Reminder","everything is the same but u backflip on backflip","slay the spire mod where everything is the same but ironclad has a cowboy hat"],"gold_per_floor":[114,64,78,116,39,69,69,87,87,123,123,198,198,50,50,128,128,139,139,16,115,115,115,115,125,179,179,194,0,0,15,15,15,15],"floor_reached":33,"playtime":1334,"items_purged":[],"score":401,"play_id":"807f844f-e515-49de-a4f7-0997b90c3e7c","local_time":"20210102204450","is_ascension_mode":true,"campfire_choices":[{"data":"Bash","floor":7,"key":"SMITH"},{"floor":11,"key":"REST"},{"data":"Rupture","floor":15,"key":"SMITH"},{"data":"Armaments","floor":23,"key":"SMITH"},{"data":"Rupture","floor":27,"key":"SMITH"},{"floor":30,"key":"REST"},{"floor":32,"key":"REST"}],"circlet_count":0,"master_deck":["AscendersBane","Bash+1","Transmutation","Shrug It Off","Combust","Disarm","Metallicize","Spot Weakness","Immolate","Rupture+1","Barricade","Power Through","Rupture+1","Combust","Juggernaut","Exhume","Anger","Flame Barrier","Rage","EmptyBody","Pummel","Armaments+1","Writhe","Reprogram+1"],"relics":["Burning Blood","Regal Pillow","Oddly Smooth Stone","PrismaticShard","Pandora\u0027s Box","Pantograph","Anchor"],"acts_visited":["Exordium","TheCity"],"potions_floor_usage":[6,8,33,33],"damage_taken":[{"damage":0,"enemies":"2 Louse","floor":1,"turns":4},{"damage":7,"enemies":"Small Slimes","floor":3,"turns":3},{"damage":17,"enemies":"Jaw Worm","floor":4,"turns":9},{"damage":43,"enemies":"Gremlin Nob","floor":6,"turns":6},{"damage":19,"enemies":"Large Slime","floor":8,"turns":7},{"damage":5,"enemies":"3 Louse","floor":10,"turns":3},{"damage":36,"enemies":"Slime Boss","floor":16,"turns":10},{"damage":22,"enemies":"3 Byrds","floor":18,"turns":2},{"damage":26,"enemies":"Chosen","floor":25,"turns":7},{"damage":29,"enemies":"Centurion and Healer","floor":28,"turns":6},{"damage":31,"enemies":"Snecko","floor":31,"turns":7},{"damage":88,"enemies":"Collector","floor":33,"turns":6}],"seed_played":"-5550473356112995841","potions_obtained":[{"floor":1,"key":"Regen Potion"},{"floor":4,"key":"Explosive Potion"},{"floor":10,"key":"SneckoOil"},{"floor":16,"key":"SpeedPotion"},{"floor":25,"key":"GamblersBrew"}],"is_trial":false,"path_per_floor":["M","?","M","M","$","E","R","M","T","M","R","?","?","$","R","B",null,"M","?","$","?","?","R","?","M","T","R","M","?","R","M","R","B"],"character_chosen":"IRONCLAD","items_purchased":["Metallicize","PrismaticShard","Pummel","Armaments"],"campfire_rested":3,"item_purchase_floors":[5,14,20,20],"current_hp_per_floor":[78,78,77,66,66,44,44,31,31,32,71,60,44,44,44,14,64,48,48,48,48,74,74,74,54,54,54,31,31,70,45,80,0,0],"gold":15,"neow_bonus":"RANDOM_COLORLESS_2","is_daily":false,"chose_seed":false,"campfire_upgraded":4,"win_rate":0.0,"timestamp":1609638290,"path_taken":["M","?","M","M","$","E","R","M","T","M","R","?","?","$","R","BOSS","M","?","$","?","?","R","?","M","T","R","M","?","R","M","R","BOSS"],"items_purchased_type":["Card","Relic","Card","Card"],"build_version":"2020-12-22","purchased_purges":0,"victory":false,"max_hp_per_floor":[80,80,80,80,80,80,80,80,80,80,80,80,80,80,80,80,80,80,80,80,80,80,80,80,80,80,80,80,80,80,80,80,80,80],"relic_stats":{"Regal Pillow":41,"counters":[12,70],"Pantograph":0,"Pandora\u0027s Box":["Barricade","Power Through","Rupture","Combust","Juggernaut","Exhume","Anger","Flame Barrier","Rage"],"obtain_stats":[{"Regal Pillow":6,"Anchor":26,"Pantograph":24,"Oddly Smooth Stone":9,"Pandora\u0027s Box":17,"PrismaticShard":14,"Burning Blood":0},{"Regal Pillow":4,"Anchor":9,"Pantograph":8,"Oddly Smooth Stone":5,"Pandora\u0027s Box":7,"PrismaticShard":6,"Burning Blood":0},{"Regal Pillow":22,"Anchor":51,"Pantograph":44,"Oddly Smooth Stone":29,"Pandora\u0027s Box":42,"PrismaticShard":32,"Burning Blood":0}],"Burning Blood":66},"card_choices":[{"not_picked":["Panache","Secret Weapon"],"picked":"Transmutation","floor":0},{"not_picked":["Dark Embrace","Perfected Strike"],"picked":"Shrug It Off","floor":1},{"not_picked":["Thunderclap","Body Slam"],"picked":"Combust","floor":3},{"not_picked":["Warcry","Twin Strike"],"picked":"Disarm","floor":4},{"not_picked":["Anger","Rampage"],"picked":"Spot Weakness","floor":6},{"not_picked":["Heavy Blade","Uppercut"],"picked":"Immolate","floor":8},{"not_picked":["Reckless Charge","Hemokinesis"],"picked":"Rupture","floor":10},{"not_picked":["Bane","Carnage"],"picked":"EmptyBody","floor":18},{"not_picked":["Sucker Punch","White Noise"],"picked":"Reprogram+1","floor":25},{"not_picked":["Poisoned Stab","Clothesline","Genetic Algorithm"],"picked":"SKIP","floor":28},{"not_picked":["JustLucky","Dual Wield","WaveOfTheHand"],"picked":"SKIP","floor":31}],"player_experience":468813,"relics_obtained":[{"floor":6,"key":"Regal Pillow"},{"floor":9,"key":"Oddly Smooth Stone"},{"floor":26,"key":"Anchor"}],"event_choices":[{"cards_removed":["Normality"],"damage_healed":0,"gold_gain":0,"player_choice":"Card Removal","damage_taken":0,"max_hp_gain":0,"max_hp_loss":0,"event_name":"The Cleric","floor":2,"gold_loss":50},{"damage_healed":0,"gold_gain":75,"player_choice":"Gather Gold","damage_taken":11,"max_hp_gain":0,"max_hp_loss":0,"event_name":"World of Goop","floor":12,"gold_loss":0},{"damage_healed":0,"gold_gain":0,"player_choice":"Entered Light","damage_taken":16,"max_hp_gain":0,"max_hp_loss":0,"event_name":"Shining Light","floor":13,"gold_loss":0,"cards_upgraded":["Strike_R","Defend_R"]},{"damage_healed":0,"gold_gain":0,"player_choice":"Ignored","damage_taken":0,"max_hp_gain":0,"max_hp_loss":0,"event_name":"Ghosts","floor":19,"gold_loss":0},{"damage_healed":0,"gold_gain":99,"player_choice":"Stole From Cult","damage_taken":0,"max_hp_gain":0,"max_hp_loss":0,"event_name":"Nest","floor":21,"gold_loss":0},{"damage_healed":26,"gold_gain":0,"player_choice":"Heal","damage_taken":0,"max_hp_gain":0,"max_hp_loss":0,"event_name":"The Library","floor":22,"gold_loss":0},{"damage_healed":0,"gold_gain":0,"player_choice":"Opened","damage_taken":0,"relics_obtained":["Pantograph"],"max_hp_gain":0,"max_hp_loss":0,"event_name":"The Mausoleum","floor":24,"gold_loss":0,"cards_obtained":["Writhe"]},{"damage_healed":0,"gold_gain":0,"player_choice":"Paid Fearfully","damage_taken":0,"max_hp_gain":0,"max_hp_loss":0,"event_name":"Masked Bandits","floor":29,"gold_loss":194}],"is_beta":false,"boss_relics":[{"not_picked":["Snecko Eye","Runic Cube"],"picked":"Pandora\u0027s Box"}],"items_purged_floors":[],"is_endless":false,"potions_floor_spawned":[1,4,10,16,25],"killed_by":"Collector","ascension_level":13}}