{"host":"wha9hktbkslqvblg","time":1609640533,"event":{"mods":["BaseMod","Colored Map","Minty Spire (QoL Compilation)","Relic Stats","SuperFastMode","everything is the same but u backflip on backflip"],"gold_per_floor":[113,113,130,205,205,238,238,255,255,305,316,77,105,25,25,102,102,113,113,113,113,17,17,46,46,46,46,12,23,23,23],"floor_reached":30,"playtime":393,"items_purged":["Strike_R","Strike_R"],"score":554,"play_id":"f2400864-843e-4d73-85e6-0eb2ed7c011b","local_time":"20210103112213","is_ascension_mode":true,"campfire_choices":[{"data":"Inflame","floor":7,"key":"SMITH"},{"data":"Heavy Blade","floor":15,"key":"SMITH"},{"floor":27,"key":"REST"}],"circlet_count":0,"master_deck":["AscendersBane","Sword Boomerang+1","Inflame+1","Heavy Blade+1","Immolate","Reaper","Warcry+1","Pummel","Evolve","Flame Barrier","Flame Barrier"],"relics":["Burning Blood","NeowsBlessing","Question Card","Kunai","Medical Kit","The Courier","Pandora\u0027s Box","MutagenicStrength","Nunchaku","Strawberry"],"acts_visited":["Exordium","TheCity"],"potions_floor_usage":[13,16,24,30],"damage_taken":[{"damage":0,"enemies":"Small Slimes","floor":1,"turns":1},{"damage":0,"enemies":"2 Louse","floor":3,"turns":1},{"damage":0,"enemies":"3 Sentries","floor":6,"turns":1},{"damage":2,"enemies":"Cultist","floor":8,"turns":4},{"damage":4,"enemies":"3 Louse","floor":11,"turns":4},{"damage":23,"enemies":"Gremlin Nob","floor":13,"turns":4},{"damage":32,"enemies":"Hexaghost","floor":16,"turns":7},{"damage":24,"enemies":"3 Byrds","floor":18,"turns":3},{"damage":55,"enemies":"Slavers","floor":24,"turns":3},{"damage":26,"enemies":"Shell Parasite","floor":29,"turns":3},{"damage":23,"enemies":"Book of Stabbing","floor":30,"turns":3}],"seed_played":"1684933220092838455","potions_obtained":[{"floor":6,"key":"SkillPotion"},{"floor":13,"key":"DistilledChaos"},{"floor":16,"key":"SteroidPotion"},{"floor":24,"key":"BlessingOfTheForge"}],"is_trial":false,"path_per_floor":["M","?","M","?","?","E","R","M","T","?","M","$","E","$","R","B",null,"M","?","?","?","$","?","E","?","T","R","$","M","E"],"character_chosen":"IRONCLAD","items_purchased":["Medical Kit","Pummel","Evolve","Flame Barrier"],"campfire_rested":1,"item_purchase_floors":[12,22,22,28],"current_hp_per_floor":[74,74,75,64,64,70,70,74,74,74,75,75,58,58,58,32,64,55,55,55,55,55,55,42,21,28,54,54,34,11,11],"gold":23,"neow_bonus":"THREE_ENEMY_KILL","is_daily":false,"chose_seed":false,"campfire_upgraded":2,"win_rate":0.0,"timestamp":1609640533,"path_taken":["M","?","M","?","?","E","R","?","T","?","M","?","E","$","R","BOSS","M","?","?","?","$","?","E","?","T","R","$","M","E"],"items_purchased_type":["Relic","Card","Card","Card"],"build_version":"2020-12-22","purchased_purges":2,"victory":false,"max_hp_per_floor":[75,75,75,75,75,75,75,75,75,75,75,75,75,75,75,75,75,75,75,75,75,75,75,75,80,87,87,87,87,87,87],"relic_stats":{"Nunchaku":[0],"counters":[11,34],"Pandora\u0027s Box":["Blood for Blood","Juggernaut","Armaments","Pommel Strike","True Grit","Cleave","Exhume"],"Kunai":[2],"Question Card":7,"Medical Kit":[10],"obtain_stats":[{"Nunchaku":24,"NeowsBlessing":0,"MutagenicStrength":20,"Strawberry":26,"Pandora\u0027s Box":17,"The Courier":13,"Kunai":9,"Question Card":6,"Medical Kit":12,"Burning Blood":0},{"Nunchaku":9,"NeowsBlessing":0,"MutagenicStrength":8,"Strawberry":9,"Pandora\u0027s Box":7,"The Courier":6,"Kunai":4,"Question Card":3,"Medical Kit":5,"Burning Blood":0},{"Nunchaku":28,"NeowsBlessing":0,"MutagenicStrength":25,"Strawberry":28,"Pandora\u0027s Box":22,"The Courier":15,"Kunai":7,"Question Card":3,"Medical Kit":11,"Burning Blood":0}],"Burning Blood":54},"card_choices":[{"not_picked":["Clash","Thunderclap"],"picked":"Sword Boomerang","floor":1},{"not_picked":["Anger","Thunderclap","Burning Pact"],"picked":"SKIP","floor":3},{"not_picked":["Shockwave","True Grit"],"picked":"Inflame","floor":6},{"not_picked":["Iron Wave","Intimidate","Bloodletting"],"picked":"Heavy Blade","floor":8},{"not_picked":["Anger","Twin Strike","Pommel Strike"],"picked":"Immolate","floor":11},{"not_picked":["True Grit","Rupture","Thunderclap","Clothesline"],"picked":"SKIP","floor":13},{"not_picked":["Impervious","Brutality","Feed"],"picked":"Reaper","floor":16},{"not_picked":["Inflame","Heavy Blade","Wild Strike"],"picked":"Warcry+1","floor":18},{"not_picked":["Immolate","Sword Boomerang","Uppercut"],"picked":"Flame Barrier","floor":24},{"not_picked":["Iron Wave","Cleave","Shrug It Off","Armaments"],"picked":"SKIP","floor":29}],"player_experience":926712,"relics_obtained":[{"floor":6,"key":"Question Card"},{"floor":9,"key":"Kunai"},{"floor":13,"key":"The Courier"},{"floor":24,"key":"Nunchaku"},{"floor":26,"key":"Strawberry"}],"event_choices":[{"damage_healed":0,"gold_gain":0,"player_choice":"Ignored","damage_taken":0,"max_hp_gain":0,"max_hp_loss":0,"event_name":"Liars Game","floor":2,"gold_loss":0},{"damage_healed":0,"gold_gain":75,"player_choice":"Gather Gold","damage_taken":11,"max_hp_gain":0,"max_hp_loss":0,"event_name":"World of Goop","floor":4,"gold_loss":0},{"damage_healed":0,"gold_gain":0,"player_choice":"Upgraded","damage_taken":0,"max_hp_gain":0,"max_hp_loss":0,"event_name":"Upgrade Shrine","floor":5,"gold_loss":0,"cards_upgraded":["Sword Boomerang"]},{"damage_healed":0,"gold_gain":50,"player_choice":"Pray","damage_taken":0,"max_hp_gain":0,"max_hp_loss":0,"event_name":"Golden Shrine","floor":10,"gold_loss":0},{"damage_healed":0,"gold_gain":0,"player_choice":"Ignored","damage_taken":0,"max_hp_gain":0,"max_hp_loss":0,"event_name":"Vampires","floor":19,"gold_loss":0},{"damage_healed":0,"gold_gain":0,"player_choice":"Inject Mutagens","damage_taken":0,"relics_obtained":["MutagenicStrength"],"max_hp_gain":0,"max_hp_loss":0,"event_name":"Drug Dealer","floor":20,"gold_loss":0},{"cards_removed":["Bash"],"damage_healed":0,"gold_gain":0,"player_choice":"Elegance","damage_taken":0,"max_hp_gain":0,"max_hp_loss":0,"event_name":"Back to Basics","floor":23,"gold_loss":0},{"damage_healed":0,"gold_gain":0,"player_choice":"Shed Blood","damage_taken":26,"max_hp_gain":5,"max_hp_loss":0,"event_name":"Forgotten Altar","floor":25,"gold_loss":0}],"is_beta":false,"boss_relics":[{"not_picked":["Coffee Dripper","Busted Crown"],"picked":"Pandora\u0027s Box"}],"items_purged_floors":[12,14],"is_endless":false,"potions_floor_spawned":[6,13,16,24],"killed_by":"Book of Stabbing","ascension_level":20}}