{"host":"3qkmyeoym75lj4wn","time":1609678026,"event":{"mods":["2.2 Compatiblity","BaseMod","Block Reminder","Colored Powertips","Highlight Path","Minty Spire (QoL Compilation)","Permanent Neow","Potion Indicator Mod","Rare Cards Sparkle","Relic Stats","StSLib"],"gold_per_floor":[115,115,125,139,20,20,30,30,30,6,20,35,64,80,80,152,152,164,178,16,16,26,26,53,65,65,65,8,41,51,51,51],"floor_reached":31,"playtime":1141,"items_purged":["Strike_G"],"score":558,"play_id":"d65b4138-428b-4af3-a6b5-9328e98b3899","local_time":"20210103124706","is_ascension_mode":true,"campfire_choices":[{"data":"Poisoned Stab","floor":6,"key":"SMITH"},{"data":"Noxious Fumes","floor":8,"key":"SMITH"},{"floor":15,"key":"REST"},{"data":"Envenom","floor":23,"key":"SMITH"}],"circlet_count":0,"master_deck":["AscendersBane","Strike_G","Strike_G","Strike_G","Strike_G","Defend_G","Defend_G","Defend_G","Defend_G","Defend_G","Survivor","Neutralize","Blade Dance+1","Poisoned Stab+1","Noxious Fumes+1","Accuracy","Poisoned Stab","Poisoned Stab","Catalyst","Cloak And Dagger","Backstab","Envenom+1","Endless Agony+1","Decay","Noxious Fumes+1","Leg Sweep","Deflect","Backflip"],"relics":["Ring of the Snake","MealTicket","Gambling Chip","Du-Vu Doll","WristBlade","Sling","Ancient Tea Set","Eternal Feather","Akabeko"],"acts_visited":["Exordium","TheCity"],"potions_floor_usage":[13,16,22,29,29,30,31],"damage_taken":[{"damage":8,"enemies":"Cultist","floor":1,"turns":5},{"damage":3,"enemies":"Small Slimes","floor":3,"turns":4},{"damage":0,"enemies":"2 Louse","floor":4,"turns":3},{"damage":10,"enemies":"Large Slime","floor":7,"turns":5},{"damage":0,"enemies":"2 Fungi Beasts","floor":11,"turns":2},{"damage":15,"enemies":"Exordium Wildlife","floor":12,"turns":5},{"damage":22,"enemies":"3 Sentries","floor":13,"turns":4},{"damage":1,"enemies":"3 Louse","floor":14,"turns":3},{"damage":27,"enemies":"Slime Boss","floor":16,"turns":7},{"damage":16,"enemies":"Shell Parasite","floor":18,"turns":3},{"damage":0,"enemies":"Chosen","floor":19,"turns":2},{"damage":13,"enemies":"Snake Plant","floor":22,"turns":4},{"damage":32,"enemies":"Book of Stabbing","floor":24,"turns":4},{"damage":0,"enemies":"Snecko","floor":25,"turns":2},{"damage":11,"enemies":"Gremlin Leader","floor":29,"turns":6},{"damage":2,"enemies":"Chosen and Byrds","floor":30,"turns":6},{"damage":15,"enemies":"Slavers","floor":31,"turns":1}],"seed_played":"-5913017657453187418","potions_obtained":[{"floor":1,"key":"LiquidMemories"},{"floor":3,"key":"FearPotion"},{"floor":18,"key":"DistilledChaos"},{"floor":24,"key":"ColorlessPotion"},{"floor":29,"key":"Swift Potion"},{"floor":30,"key":"Explosive Potion"}],"is_trial":false,"path_per_floor":["M","?","M","M","$","R","M","R","T","$","M","M","E","M","R","B",null,"M","M","$","?","M","R","E","M","T","?","$","E","M","E"],"character_chosen":"THE_SILENT","items_purchased":["Noxious Fumes","Poisoned Stab","Sling","Strength Potion"],"campfire_rested":1,"item_purchase_floors":[5,10,20,28],"current_hp_per_floor":[51,51,48,48,63,63,53,53,53,66,66,51,29,28,47,20,55,39,39,54,54,41,41,9,9,9,9,24,13,11,0,0],"gold":51,"neow_bonus":"RANDOM_COMMON_RELIC","is_daily":false,"chose_seed":false,"campfire_upgraded":3,"win_rate":0.0,"timestamp":1609678026,"path_taken":["M","?","M","M","$","R","M","R","T","?","?","M","E","M","R","BOSS","M","?","$","?","M","R","E","M","T","?","$","E","M","E"],"items_purchased_type":["Card","Card","Relic","Potion"],"build_version":"2020-12-22","purchased_purges":1,"victory":false,"max_hp_per_floor":[66,66,66,66,66,66,66,66,66,66,66,66,66,66,66,66,66,66,66,66,66,66,66,66,66,66,66,66,66,66,66,66],"relic_stats":{"counters":[17,66],"Gambling Chip":[42],"MealTicket":58,"Eternal Feather":0,"obtain_stats":[{"Du-Vu Doll":13,"WristBlade":17,"Gambling Chip":9,"MealTicket":0,"Eternal Feather":26,"Sling":20,"Ancient Tea Set":24,"Akabeko":29,"Ring of the Snake":0},{"Du-Vu Doll":7,"WristBlade":9,"Gambling Chip":4,"MealTicket":0,"Eternal Feather":14,"Sling":11,"Ancient Tea Set":13,"Akabeko":15,"Ring of the Snake":0},{"Du-Vu Doll":28,"WristBlade":38,"Gambling Chip":17,"MealTicket":0,"Eternal Feather":53,"Sling":43,"Ancient Tea Set":51,"Akabeko":59,"Ring of the Snake":0}],"Ring of the Snake":[35]},"card_choices":[{"not_picked":["Skewer","Bane"],"picked":"Blade Dance","floor":1},{"not_picked":["Escape Plan","Catalyst"],"picked":"Poisoned Stab","floor":3},{"not_picked":["Caltrops","Escape Plan","Underhanded Strike"],"picked":"SKIP","floor":4},{"not_picked":["Skewer","Backflip"],"picked":"Accuracy","floor":7},{"not_picked":["Bane","Deadly Poison"],"picked":"Poisoned Stab","floor":11},{"not_picked":["Bane","Backstab"],"picked":"Catalyst","floor":12},{"not_picked":["Distraction","Die Die Die"],"picked":"Cloak And Dagger","floor":13},{"not_picked":["Underhanded Strike","Backflip"],"picked":"Backstab","floor":14},{"not_picked":["Malaise","Adrenaline"],"picked":"Envenom","floor":16},{"not_picked":["Flying Knee","Eviscerate"],"picked":"Endless Agony+1","floor":18},{"not_picked":["Bouncing Flask","Underhanded Strike+1","Bane"],"picked":"SKIP","floor":19},{"not_picked":["Backflip","Dagger Spray"],"picked":"Noxious Fumes+1","floor":22},{"not_picked":["Setup","Quick Slash"],"picked":"Leg Sweep","floor":24},{"not_picked":["Cloak And Dagger","Terror"],"picked":"Deflect","floor":25},{"not_picked":["Skewer","Blade Dance"],"picked":"Backflip","floor":29},{"not_picked":["Dagger Spray","Underhanded Strike","All Out Attack"],"picked":"SKIP","floor":30}],"player_experience":1643662,"relics_obtained":[{"floor":9,"key":"Gambling Chip"},{"floor":13,"key":"Du-Vu Doll"},{"floor":24,"key":"Ancient Tea Set"},{"floor":26,"key":"Eternal Feather"},{"floor":29,"key":"Akabeko"}],"event_choices":[{"damage_healed":0,"gold_gain":0,"player_choice":"Upgraded","damage_taken":0,"max_hp_gain":0,"max_hp_loss":0,"event_name":"Upgrade Shrine","floor":2,"gold_loss":0,"cards_upgraded":["Blade Dance"]},{"damage_healed":0,"gold_gain":0,"player_choice":"Smashed Altar","damage_taken":0,"max_hp_gain":0,"max_hp_loss":0,"event_name":"Forgotten Altar","floor":21,"gold_loss":0,"cards_obtained":["Decay"]},{"damage_healed":0,"gold_gain":0,"player_choice":"Ignored","damage_taken":0,"max_hp_gain":0,"max_hp_loss":0,"event_name":"Ghosts","floor":27,"gold_loss":0}],"is_beta":false,"boss_relics":[{"not_picked":["Astrolabe","Runic Dome"],"picked":"WristBlade"}],"items_purged_floors":[5],"is_endless":false,"potions_floor_spawned":[1,3,4,11,18,24,29,30],"killed_by":"Slavers","ascension_level":20}}