{"host":"lpogke4cwz8zw1ju","time":1609717031,"event":{"mods":["Always Whale","BaseMod","Minty Spire (QoL Compilation)","Permanent Neow"],"gold_per_floor":[115,134,134,145,158,193,193,208,234,272,284,309,333,345,357,469,481,509,541,468,480,492,534,546,558,558],"floor_reached":25,"playtime":1437,"items_purged":[],"score":258,"play_id":"2a46665d-93f7-43fa-a617-cc2628136700","local_time":"20210104003711","is_ascension_mode":false,"campfire_choices":[{"floor":7,"key":"REST"},{"floor":11,"key":"REST"},{"data":"Eruption","floor":15,"key":"SMITH"},{"floor":24,"key":"REST"}],"circlet_count":0,"master_deck":["Strike_P","Strike_P","Strike_P","Defend_P","Defend_P","Defend_P","Eruption+1","Vigilance","SashWhip","FollowUp","FlyingSleeves","WindmillStrike","TalkToTheHand","Adaptation","FlyingSleeves","EmptyMind","CutThroughFate"],"relics":["PureWater","Blood Vial","MawBank","Boot","SlaversCollar","Omamori","Juzu Bracelet"],"acts_visited":["Exordium","TheCity"],"potions_floor_usage":[6,16,16,23],"damage_taken":[{"damage":15,"enemies":"Cultist","floor":1,"turns":5},{"damage":0,"enemies":"Jaw Worm","floor":2,"turns":2},{"damage":12,"enemies":"Small Slimes","floor":4,"turns":2},{"damage":0,"enemies":"2 Fungi Beasts","floor":5,"turns":2},{"damage":0,"enemies":"Gremlin Nob","floor":6,"turns":2},{"damage":11,"enemies":"Lots of Slimes","floor":8,"turns":3},{"damage":22,"enemies":"3 Sentries","floor":10,"turns":7},{"damage":0,"enemies":"Blue Slaver","floor":12,"turns":3},{"damage":0,"enemies":"Large Slime","floor":13,"turns":3},{"damage":17,"enemies":"Hexaghost","floor":16,"turns":9},{"damage":32,"enemies":"Spheric Guardian","floor":18,"turns":5},{"damage":7,"enemies":"Shell Parasite","floor":19,"turns":3},{"damage":34,"enemies":"Book of Stabbing","floor":23,"turns":4},{"damage":13,"enemies":"Snake Plant","floor":25,"turns":2}],"seed_played":"-7962306910366466490","potions_obtained":[{"floor":5,"key":"SteroidPotion"},{"floor":6,"key":"Block Potion"},{"floor":12,"key":"ColorlessPotion"},{"floor":16,"key":"Ambrosia"},{"floor":18,"key":"Energy Potion"}],"is_trial":false,"path_per_floor":["M","M","?","M","M","E","R","M","T","E","R","M","M","$","R","B",null,"M","M","?","?","?","E","R","M"],"character_chosen":"WATCHER","items_purchased":[],"campfire_rested":3,"item_purchase_floors":[],"current_hp_per_floor":[57,57,57,45,45,45,66,57,57,37,58,60,62,62,62,47,72,40,35,35,35,35,3,24,13,13],"gold":558,"neow_bonus":"REMOVE_CARD","is_daily":false,"chose_seed":false,"campfire_upgraded":1,"win_rate":0.0,"timestamp":1609717031,"path_taken":["M","?","?","M","M","E","R","M","T","E","R","M","M","$","R","BOSS","M","M","?","?","?","E","R","M"],"items_purchased_type":[],"build_version":"2020-12-22","purchased_purges":0,"victory":false,"max_hp_per_floor":[72,72,72,72,72,72,72,72,72,72,72,72,72,72,72,72,72,72,72,72,72,72,72,72,72,72],"card_choices":[{"not_picked":["ClearTheMind","SignatureMove"],"picked":"SashWhip","floor":1},{"not_picked":["Swivel","SignatureMove"],"picked":"FollowUp","floor":2},{"not_picked":["EmptyBody","Collect"],"picked":"FlyingSleeves","floor":4},{"not_picked":["MentalFortress","JustLucky","Collect"],"picked":"SKIP","floor":5},{"not_picked":["Halt","DeceiveReality"],"picked":"WindmillStrike","floor":6},{"not_picked":["Crescendo","Indignation"],"picked":"TalkToTheHand","floor":8},{"not_picked":["Swivel","Protect"],"picked":"Adaptation","floor":10},{"not_picked":["JustLucky","EmptyBody"],"picked":"FlyingSleeves","floor":12},{"not_picked":["ClearTheMind","Weave","BowlingBash"],"picked":"SKIP","floor":13},{"not_picked":["Blasphemy","Brilliance"],"picked":"Alpha","floor":16},{"not_picked":["ThirdEye","LikeWater"],"picked":"EmptyMind","floor":18},{"not_picked":["CarveReality","WaveOfTheHand","Nirvana"],"picked":"SKIP","floor":19},{"not_picked":["LessonLearned","BowlingBash"],"picked":"CutThroughFate","floor":23}],"player_experience":146097,"relics_obtained":[{"floor":6,"key":"Blood Vial"},{"floor":9,"key":"MawBank"},{"floor":10,"key":"Boot"},{"floor":23,"key":"Juzu Bracelet"}],"event_choices":[{"cards_removed":["Strike_P"],"damage_healed":0,"gold_gain":0,"player_choice":"Forget","damage_taken":0,"max_hp_gain":0,"max_hp_loss":0,"event_name":"Living Wall","floor":3,"gold_loss":0},{"damage_healed":0,"gold_gain":0,"player_choice":"Obtained Relic","damage_taken":0,"relics_obtained":["Omamori"],"max_hp_gain":0,"max_hp_loss":0,"event_name":"Addict","floor":20,"gold_loss":85},{"damage_healed":0,"gold_gain":0,"player_choice":"Ignored","damage_taken":0,"max_hp_gain":0,"max_hp_loss":0,"event_name":"Ghosts","floor":21,"gold_loss":0},{"cards_removed":["Alpha"],"damage_healed":0,"gold_gain":0,"player_choice":"Purged","damage_taken":0,"max_hp_gain":0,"max_hp_loss":0,"event_name":"Purifier","floor":22,"gold_loss":0}],"is_beta":false,"boss_relics":[{"not_picked":["Coffee Dripper","Calling Bell"],"picked":"SlaversCollar"}],"items_purged_floors":[],"is_endless":false,"potions_floor_spawned":[5,6,12,16,18],"killed_by":"Snake Plant","ascension_level":0}}