{"host":"Tuck","time":1609713149,"event":{"mods":["BaseMod","Minty Spire (QoL Compilation)","StSLib"],"gold_per_floor":[110,250,269,285,305,335,345,377,400,400,419,519,545,555,555,660,660,670,684,349,369,369,396,412,441,441,467,467,482,70,86,86,182,182,193,93,93,108,108,108,135,153,179,211,57,90,90,109,109,109,109,109,359,388,388],"floor_reached":56,"playtime":5798,"items_purged":["Strike_B","Strike_B","Pain","Strike_B"],"score":1604,"play_id":"f5a8e9b5-1c3c-4581-bb7b-2daca92e1e1c","local_time":"20210103153229","is_ascension_mode":true,"campfire_choices":[{"data":"Loop","floor":10,"key":"SMITH"},{"data":"Hologram","floor":15,"key":"SMITH"},{"data":"Biased Cognition","floor":32,"key":"SMITH"},{"data":"Panacea","floor":40,"key":"SMITH"},{"data":"Defragment","floor":47,"key":"SMITH"},{"data":"Seek","floor":49,"key":"SMITH"},{"data":"Amplify","floor":52,"key":"SMITH"}],"circlet_count":0,"master_deck":["Defend_B","Defend_B","Defend_B","Defend_B","Zap+1","Dualcast","Coolheaded","Conserve Battery","Go for the Eyes","Doom and Gloom","Turbo","Hologram+1","Chill","Biased Cognition+1","Cold Snap","Recycle+1","Loop+1","Recycle","Conserve Battery","Amplify+1","Glacier","Panacea+1","Capacitor+1","Barrage","Self Repair","White Noise+1","Force Field+1","Secret Technique","Coolheaded","Dark Shackles","Turbo","Hologram+1","Defragment+1","Seek+1"],"relics":["Runic Pyramid","Bronze Scales","Gremlin Horn","Unceasing Top","Pen Nib","Black Star","Frozen Eye","Anchor","Vajra","Dream Catcher","Ornamental Fan","Emotion Chip","Toy Ornithopter","Ancient Tea Set","WarpedTongs","Bottled Lightning","Nuclear Battery","Runic Capacitor","Torii","Bag of Preparation","Mercury Hourglass","Strawberry","Regal Pillow","MealTicket","War Paint","Art of War","Ginger","Medical Kit","CaptainsWheel","DataDisk"],"acts_visited":["Exordium","TheCity","TheBeyond","TheEnding"],"potions_floor_usage":[55,55,55,55],"damage_taken":[{"damage":0,"enemies":"Small Slimes","floor":1,"turns":4},{"damage":0,"enemies":"Cultist","floor":3,"turns":5},{"damage":0,"enemies":"Jaw Worm","floor":4,"turns":4},{"damage":3,"enemies":"Exordium Thugs","floor":5,"turns":3},{"damage":0,"enemies":"Lagavulin","floor":6,"turns":5},{"damage":0,"enemies":"Large Slime","floor":7,"turns":4},{"damage":14,"enemies":"3 Sentries","floor":8,"turns":4},{"damage":0,"enemies":"Lots of Slimes","floor":11,"turns":3},{"damage":1,"enemies":"Lagavulin","floor":13,"turns":6},{"damage":6,"enemies":"Exordium Wildlife","floor":14,"turns":4},{"damage":7,"enemies":"Slime Boss","floor":16,"turns":7},{"damage":0,"enemies":"3 Byrds","floor":18,"turns":5},{"damage":2,"enemies":"Chosen","floor":19,"turns":8},{"damage":6,"enemies":"Snake Plant","floor":21,"turns":6},{"damage":6,"enemies":"Book of Stabbing","floor":23,"turns":8},{"damage":15,"enemies":"3 Cultists","floor":24,"turns":5},{"damage":22,"enemies":"Gremlin Leader","floor":25,"turns":11},{"damage":4,"enemies":"Book of Stabbing","floor":27,"turns":7},{"damage":0,"enemies":"Chosen and Byrds","floor":29,"turns":8},{"damage":1,"enemies":"Snecko","floor":31,"turns":7},{"damage":1,"enemies":"Collector","floor":33,"turns":9},{"damage":1,"enemies":"3 Shapes","floor":35,"turns":8},{"damage":9,"enemies":"3 Darklings","floor":38,"turns":8},{"damage":0,"enemies":"Giant Head","floor":41,"turns":9},{"damage":0,"enemies":"4 Shapes","floor":42,"turns":5},{"damage":21,"enemies":"Nemesis","floor":44,"turns":13},{"damage":1,"enemies":"Reptomancer","floor":46,"turns":8},{"damage":1,"enemies":"Transient","floor":48,"turns":5},{"damage":0,"enemies":"Time Eater","floor":50,"turns":10},{"damage":0,"enemies":"Shield and Spear","floor":54,"turns":9},{"damage":5,"enemies":"The Heart","floor":55,"turns":10}],"seed_played":"-5683641557156922307","potions_obtained":[{"floor":1,"key":"Explosive Potion"},{"floor":3,"key":"AttackPotion"},{"floor":7,"key":"EntropicBrew"},{"floor":8,"key":"LiquidMemories"},{"floor":27,"key":"PowerPotion"}],"is_trial":false,"path_per_floor":["M","$","M","M","M","E","M","E","T","R","M","?","E","M","R","B",null,"M","M","$","M","?","E","M","E","T","E","?","M","$","M","R","B",null,"M","$","?","M","?","R","E","M","T","E","$","E","R","M","R","B",null,"R","$","E","B",null],"character_chosen":"DEFECT","items_purchased":["Conserve Battery","Bronze Scales","Go for the Eyes","Doom and Gloom","Frozen Eye","Panacea","Secret Technique","Bottled Lightning","Runic Capacitor","Torii","Coolheaded","Dark Shackles","War Paint","Medical Kit"],"campfire_rested":0,"item_purchase_floors":[2,2,2,2,20,20,30,30,36,36,36,36,45,53],"current_hp_per_floor":[75,75,75,75,72,72,72,58,58,58,58,58,57,51,51,44,75,75,73,73,67,67,68,67,59,59,69,69,69,69,75,75,75,75,75,75,75,75,71,71,71,71,78,64,78,78,78,78,78,78,78,78,78,78,78],"gold":388,"neow_bonus":"BOSS_RELIC","is_daily":false,"chose_seed":false,"campfire_upgraded":7,"win_rate":0.0,"timestamp":1609713149,"path_taken":["M","$","M","M","M","E","M","E","T","R","M","?","E","M","R","BOSS","M","M","$","M","?","E","M","E","T","E","?","?","$","M","R","BOSS","M","$","?","?","?","R","E","M","T","E","?","E","R","M","R","BOSS","R","$","E","BOSS"],"items_purchased_type":["Card","Relic","Card","Card","Relic","Card","Card","Relic","Relic","Relic","Card","Card","Relic","Relic"],"build_version":"2020-12-18","purchased_purges":4,"victory":true,"max_hp_per_floor":[75,75,75,75,75,75,75,75,75,75,75,75,75,75,75,75,75,75,75,75,75,75,75,75,75,75,75,75,75,75,75,75,75,75,75,75,75,75,71,71,71,71,78,78,78,78,78,78,78,78,78,78,78,78,78],"card_choices":[{"not_picked":["Skim","Stack"],"picked":"Coolheaded","floor":1},{"not_picked":["Chaos","Darkness"],"picked":"Turbo","floor":3},{"not_picked":["Conserve Battery","Hologram","Barrage"],"picked":"SKIP","floor":4},{"not_picked":["Conserve Battery","Barrage"],"picked":"Hologram","floor":4},{"not_picked":["Sweeping Beam","Steam"],"picked":"Chill","floor":5},{"not_picked":["Skim","Fusion"],"picked":"Biased Cognition","floor":6},{"not_picked":["Redo","Rebound"],"picked":"Cold Snap","floor":7},{"not_picked":["Reboot","Redo"],"picked":"Loop","floor":8},{"not_picked":["Reinforced Body","Sunder"],"picked":"Recycle","floor":11},{"not_picked":["Machine Learning","Redo"],"picked":"Conserve Battery","floor":13},{"not_picked":["Storm","Chaos","Recycle"],"picked":"SKIP","floor":14},{"not_picked":["Electrodynamics","Rainbow"],"picked":"Amplify","floor":16},{"not_picked":["Turbo","Beam Cell","Sweeping Beam"],"picked":"SKIP","floor":18},{"not_picked":["Coolheaded","Turbo+1"],"picked":"Glacier","floor":19},{"not_picked":["Conserve Battery+1","Machine Learning"],"picked":"Barrage","floor":21},{"not_picked":["Stack+1","Scrape","Blizzard"],"picked":"SKIP","floor":23},{"not_picked":["Compile Driver","Gash+1","Double Energy"],"picked":"SKIP","floor":24},{"not_picked":["Genetic Algorithm+1","Hologram"],"picked":"White Noise+1","floor":25},{"not_picked":["Stack+1","Static Discharge","Steam"],"picked":"SKIP","floor":27},{"not_picked":["Gash","Cold Snap"],"picked":"Force Field","floor":29},{"not_picked":["Redo","Steam","Rainbow"],"picked":"SKIP","floor":31},{"not_picked":["Fusion","Steam Power","Reprogram+1"],"picked":"SKIP","floor":35},{"not_picked":["Hello World+1","Undo+1"],"picked":"Hologram+1","floor":38},{"not_picked":["Fusion+1","Beam Cell+1"],"picked":"Defragment","floor":41},{"not_picked":["Sweeping Beam","Beam Cell+1","Barrage+1"],"picked":"SKIP","floor":42},{"not_picked":["Undo","Streamline","Ball Lightning+1"],"picked":"SKIP","floor":44},{"not_picked":["Go for the Eyes","Hologram+1","BootSequence"],"picked":"SKIP","floor":46},{"not_picked":["Doom and Gloom","Compile Driver+1"],"picked":"Seek","floor":48},{"not_picked":["Recycle+1","Ball Lightning+1","Stack"],"picked":"SKIP","floor":54}],"player_experience":2230118,"relics_obtained":[{"floor":6,"key":"Gremlin Horn"},{"floor":8,"key":"Unceasing Top"},{"floor":13,"key":"Pen Nib"},{"floor":23,"key":"Anchor"},{"floor":23,"key":"Vajra"},{"floor":25,"key":"Dream Catcher"},{"floor":25,"key":"Ornamental Fan"},{"floor":26,"key":"Emotion Chip"},{"floor":27,"key":"Toy Ornithopter"},{"floor":27,"key":"Ancient Tea Set"},{"floor":41,"key":"Bag of Preparation"},{"floor":41,"key":"Mercury Hourglass"},{"floor":43,"key":"Strawberry"},{"floor":44,"key":"Regal Pillow"},{"floor":44,"key":"MealTicket"},{"floor":46,"key":"Art of War"},{"floor":46,"key":"Ginger"},{"floor":54,"key":"CaptainsWheel"},{"floor":54,"key":"DataDisk"}],"event_choices":[{"damage_healed":0,"gold_gain":100,"player_choice":"Pray","damage_taken":0,"max_hp_gain":0,"max_hp_loss":0,"event_name":"Golden Shrine","floor":12,"gold_loss":0},{"damage_healed":0,"gold_gain":0,"player_choice":"Read","damage_taken":0,"max_hp_gain":0,"max_hp_loss":0,"event_name":"The Library","floor":22,"gold_loss":0,"cards_obtained":["Self Repair"]},{"damage_healed":0,"gold_gain":0,"player_choice":"Rummage","damage_taken":0,"relics_obtained":["WarpedTongs"],"max_hp_gain":0,"max_hp_loss":0,"event_name":"Accursed Blacksmith","floor":28,"gold_loss":0,"cards_obtained":["Pain"]},{"damage_healed":0,"gold_gain":0,"cards_transformed":["Strike_B"],"player_choice":"Transformed","damage_taken":0,"max_hp_gain":0,"max_hp_loss":0,"event_name":"Transmorgrifier","floor":37,"gold_loss":0,"cards_obtained":["Turbo"]},{"damage_healed":0,"gold_gain":0,"player_choice":"Max HP","damage_taken":0,"max_hp_gain":0,"max_hp_loss":4,"event_name":"Winding Halls","floor":39,"gold_loss":0}],"is_beta":true,"boss_relics":[{"not_picked":["Ectoplasm","Snecko Eye"],"picked":"Black Star"},{"not_picked":["Velvet Choker","SlaversCollar"],"picked":"Nuclear Battery"}],"items_purged_floors":[2,20,36,53],"is_endless":false,"potions_floor_spawned":[1,3,7,8,13,16,19,21,27,33,35,42,48],"ascension_level":1}}