{"host":"g5zc4ej6zn2at89o","time":1609659210,"event":{"mods":["2.2 Compatiblity","AchievementEnabler","BaseMod","Colored Map","DeckTracker","Highlight Path","KOR Keyword Fix","Keyboard Shortcuts","Minty Spire (QoL Compilation)","Permanent Neow","Quick Restart","Say the Spire","StSLib","SuperFastMode","everything is the same but u backflip on backflip"],"gold_per_floor":[115,129,79,93,108,108,108,33,33,33,33,33,33,51,51,180,180,198,198,2,27,0,0,0,0],"floor_reached":24,"playtime":878,"items_purged":["Regret","Strike_G"],"score":184,"play_id":"ae1f2bc6-3795-4266-a810-df32e861e198","local_time":"20210103163330","is_ascension_mode":false,"campfire_choices":[{"data":"Noxious Fumes","floor":6,"key":"SMITH"},{"data":"Deflect","floor":10,"key":"SMITH"},{"data":"Dagger Throw","floor":15,"key":"SMITH"},{"data":"Purity","floor":23,"key":"SMITH"}],"circlet_count":0,"master_deck":["Strike_G","Strike_G","Strike_G","Defend_G","Defend_G","Defend_G","Survivor","Neutralize","Deflect+1","Noxious Fumes+1","Dagger Throw+1","PiercingWail","Deflect","Grand Finale","Purity+1"],"relics":["Ring of the Snake","Bird Faced Urn","Matryoshka","Ancient Tea Set","HornCleat","Golden Idol","Nunchaku","Philosopher\u0027s Stone"],"acts_visited":["Exordium","TheCity"],"potions_floor_usage":[18],"damage_taken":[{"damage":0,"enemies":"Jaw Worm","floor":1,"turns":5},{"damage":3,"enemies":"Small Slimes","floor":2,"turns":5},{"damage":1,"enemies":"2 Louse","floor":4,"turns":3},{"damage":0,"enemies":"Large Slime","floor":5,"turns":6},{"damage":0,"enemies":"2 Fungi Beasts","floor":14,"turns":4},{"damage":12,"enemies":"The Guardian","floor":16,"turns":11},{"damage":4,"enemies":"2 Thieves","floor":18,"turns":5},{"damage":14,"enemies":"Spheric Guardian","floor":21,"turns":7},{"damage":57,"enemies":"Gremlin Leader","floor":24,"turns":4}],"seed_played":"-2845554544021135329","potions_obtained":[{"floor":1,"key":"Dexterity Potion"},{"floor":16,"key":"Poison Potion"},{"floor":21,"key":"EssenceOfSteel"}],"is_trial":false,"path_per_floor":["M","M","?","M","M","R","?","$","T","R","?","?","?","M","R","B",null,"M","?","$","M","?","R","E"],"character_chosen":"THE_SILENT","items_purchased":["Purity"],"campfire_rested":0,"item_purchase_floors":[20],"current_hp_per_floor":[63,60,60,61,63,63,63,63,63,63,48,41,41,43,43,33,63,59,59,59,47,47,47,0,0],"gold":0,"neow_bonus":"ONE_RARE_RELIC","is_daily":false,"chose_seed":false,"campfire_upgraded":4,"win_rate":0.0,"timestamp":1609659210,"path_taken":["M","M","?","M","M","R","?","$","T","R","?","?","?","M","R","BOSS","M","?","?","?","?","R","E"],"items_purchased_type":["Card"],"build_version":"2020-12-22","purchased_purges":2,"victory":false,"max_hp_per_floor":[63,63,63,63,63,63,63,63,63,63,63,63,63,63,63,63,63,63,63,63,63,63,63,63,63],"card_choices":[{"not_picked":["Expertise","Sucker Punch"],"picked":"Deflect","floor":1},{"not_picked":["Tactician","Deflect"],"picked":"Noxious Fumes","floor":2},{"not_picked":["Expertise","Acrobatics"],"picked":"Dagger Throw","floor":4},{"not_picked":["Deflect","Crippling Poison"],"picked":"PiercingWail","floor":5},{"not_picked":["Infinite Blades","Quick Slash"],"picked":"Deflect","floor":14},{"not_picked":["Storm of Steel","Venomology"],"picked":"Grand Finale","floor":16},{"not_picked":["Quick Slash+1","Endless Agony","Slice+1"],"picked":"SKIP","floor":18},{"not_picked":["Finisher","Underhanded Strike","Quick Slash+1"],"picked":"SKIP","floor":21}],"player_experience":119427,"relics_obtained":[{"floor":9,"key":"Ancient Tea Set"},{"floor":9,"key":"HornCleat"}],"event_choices":[{"cards_removed":["Defend_G"],"damage_healed":0,"gold_gain":0,"player_choice":"Card Removal","damage_taken":0,"max_hp_gain":0,"max_hp_loss":0,"event_name":"The Cleric","floor":3,"gold_loss":50},{"damage_healed":0,"gold_gain":0,"player_choice":"Box","damage_taken":0,"relics_obtained":["Matryoshka"],"max_hp_gain":0,"max_hp_loss":0,"event_name":"Big Fish","floor":7,"gold_loss":0,"cards_obtained":["Regret"]},{"damage_healed":0,"gold_gain":0,"player_choice":"Take Damage","damage_taken":15,"relics_obtained":["Golden Idol"],"max_hp_gain":0,"max_hp_loss":0,"event_name":"Golden Idol","floor":11,"gold_loss":0},{"cards_removed":["Defend_G"],"damage_healed":0,"gold_gain":0,"player_choice":"Card Removal","damage_taken":7,"max_hp_gain":0,"max_hp_loss":0,"event_name":"Golden Wing","floor":12,"gold_loss":0},{"damage_healed":0,"gold_gain":0,"player_choice":"Searched \u00271\u0027 times","damage_taken":0,"relics_obtained":["Nunchaku"],"max_hp_gain":0,"max_hp_loss":0,"event_name":"Dead Adventurer","floor":13,"gold_loss":0},{"cards_removed":["Strike_G"],"damage_healed":0,"gold_gain":0,"player_choice":"Elegance","damage_taken":0,"max_hp_gain":0,"max_hp_loss":0,"event_name":"Back to Basics","floor":19,"gold_loss":0},{"damage_healed":0,"gold_gain":0,"player_choice":"Paid Fearfully","damage_taken":0,"max_hp_gain":0,"max_hp_loss":0,"event_name":"Masked Bandits","floor":22,"gold_loss":27}],"is_beta":false,"boss_relics":[{"not_picked":["SacredBark","Ring of the Serpent"],"picked":"Philosopher\u0027s Stone"}],"items_purged_floors":[8,20],"is_endless":false,"potions_floor_spawned":[1,16,21],"killed_by":"Gremlin Leader","ascension_level":0}}