{"host":"pf5oese4ka0eje7d","time":1609672369,"event":{"mods":["AchievementEnabler","BaseMod","Colored Map","Minty Spire (QoL Compilation)","StSLib","SuperFastMode"],"gold_per_floor":[119,131,56,31,31,57,57,75,75,75,93,93,111,123,123,221,221,231,247,267,267,277,277,289,289,289,39,39,68,80,108,120,132,132],"floor_reached":33,"playtime":795,"items_purged":["Strike_G","Strike_G"],"score":388,"play_id":"e5393bc9-fbbf-49f3-91c0-83f2b2e782c5","local_time":"20210103121249","is_ascension_mode":true,"campfire_choices":[{"floor":7,"key":"REST"},{"data":"Dagger Spray","floor":10,"key":"SMITH"},{"data":"Neutralize","floor":12,"key":"SMITH"},{"floor":15,"key":"REST"},{"data":"Noxious Fumes","floor":23,"key":"SMITH"},{"floor":25,"key":"REST"},{"floor":28,"key":"REST"},{"floor":32,"key":"REST"}],"circlet_count":0,"master_deck":["Strike_G","Strike_G","Strike_G","Defend_G","Defend_G","Defend_G","Defend_G","Defend_G","Survivor","Neutralize+1","Finesse","Dagger Spray+1","Dagger Spray","Blade Dance","Dagger Spray","Dagger Spray","Dagger Spray","Adrenaline","Poisoned Stab","Noxious Fumes+1","Poisoned Stab","Noxious Fumes+1","Deadly Poison"],"relics":["Ring of the Snake","Happy Flower","Ornamental Fan","Frozen Egg 2","MawBank"],"acts_visited":["Exordium","TheCity"],"potions_floor_usage":[6,6,16,24,29,29],"damage_taken":[{"damage":2,"enemies":"Small Slimes","floor":1,"turns":4},{"damage":0,"enemies":"2 Louse","floor":2,"turns":3},{"damage":48,"enemies":"Lagavulin","floor":6,"turns":11},{"damage":0,"enemies":"Jaw Worm","floor":8,"turns":3},{"damage":3,"enemies":"Blue Slaver","floor":11,"turns":3},{"damage":0,"enemies":"2 Fungi Beasts","floor":13,"turns":2},{"damage":4,"enemies":"Large Slime","floor":14,"turns":4},{"damage":24,"enemies":"Slime Boss","floor":16,"turns":11},{"damage":1,"enemies":"Chosen","floor":18,"turns":4},{"damage":0,"enemies":"3 Byrds","floor":19,"turns":2},{"damage":44,"enemies":"Snake Plant","floor":20,"turns":6},{"damage":6,"enemies":"Cultist and Chosen","floor":22,"turns":6},{"damage":19,"enemies":"Sentry and Sphere","floor":24,"turns":5},{"damage":42,"enemies":"Slavers","floor":29,"turns":5},{"damage":8,"enemies":"Centurion and Healer","floor":31,"turns":5},{"damage":44,"enemies":"Champ","floor":33,"turns":5}],"seed_played":"8695904422405121534","potions_obtained":[{"floor":1,"key":"SteroidPotion"},{"floor":2,"key":"FearPotion"},{"floor":11,"key":"AttackPotion"},{"floor":18,"key":"Explosive Potion"},{"floor":20,"key":"Energy Potion"},{"floor":31,"key":"DistilledChaos"}],"is_trial":false,"path_per_floor":["M","M","$","?","?","E","R","M","T","R","M","R","M","M","R","B",null,"M","M","M","?","M","R","M","R","T","$","R","E","?","M","R","B"],"character_chosen":"THE_SILENT","items_purchased":["Noxious Fumes+1","Regen Potion"],"campfire_rested":5,"item_purchase_floors":[27,27],"current_hp_per_floor":[61,61,61,61,61,13,34,34,34,34,31,31,31,27,48,24,59,58,58,14,37,31,31,12,33,33,33,54,26,26,18,39,0,0],"gold":132,"neow_bonus":"RANDOM_COLORLESS","is_daily":false,"chose_seed":false,"campfire_upgraded":3,"win_rate":0.0,"timestamp":1609672369,"path_taken":["M","M","$","?","?","E","R","M","T","R","M","R","M","M","R","BOSS","M","M","M","?","M","R","M","R","T","$","R","E","?","M","R","BOSS"],"items_purchased_type":["Card","Potion"],"build_version":"2020-12-22","purchased_purges":2,"victory":false,"max_hp_per_floor":[70,70,70,70,70,70,70,70,70,70,70,70,70,70,70,70,70,70,70,70,70,70,70,70,70,70,70,70,70,70,70,70,70,70],"card_choices":[{"not_picked":["Deep Breath","Good Instincts"],"picked":"Finesse","floor":0},{"not_picked":["Dodge and Roll","Catalyst"],"picked":"Dagger Spray","floor":1},{"not_picked":["Bane","Heel Hook"],"picked":"Dagger Spray","floor":2},{"not_picked":["Caltrops","Deflect"],"picked":"Blade Dance","floor":6},{"not_picked":["Well Laid Plans","Predator","Distraction"],"picked":"SKIP","floor":8},{"not_picked":["Backflip","Catalyst"],"picked":"Dagger Spray","floor":11},{"not_picked":["Underhanded Strike","Acrobatics"],"picked":"Dagger Spray","floor":13},{"not_picked":["Flechettes","Riddle With Holes"],"picked":"Dagger Spray","floor":14},{"not_picked":["Tools of the Trade","Burst"],"picked":"Adrenaline","floor":16},{"not_picked":["PiercingWail","Acrobatics"],"picked":"Poisoned Stab","floor":18},{"not_picked":["Deflect+1","Backstab"],"picked":"Noxious Fumes","floor":19},{"not_picked":["Quick Slash","Blade Dance","Reflex"],"picked":"SKIP","floor":20},{"not_picked":["Concentrate","Acrobatics","Well Laid Plans"],"picked":"SKIP","floor":22},{"not_picked":["Cloak And Dagger+1","Deadly Poison"],"picked":"Poisoned Stab","floor":24},{"not_picked":["Deflect+1","Calculated Gamble+1"],"picked":"Deadly Poison","floor":29},{"not_picked":["All Out Attack","Backflip","Outmaneuver"],"picked":"SKIP","floor":31}],"player_experience":314568,"relics_obtained":[{"floor":6,"key":"Happy Flower"},{"floor":9,"key":"Ornamental Fan"},{"floor":26,"key":"Frozen Egg 2"},{"floor":29,"key":"MawBank"}],"event_choices":[{"damage_healed":0,"gold_gain":0,"player_choice":"Left Gold","damage_taken":0,"max_hp_gain":0,"max_hp_loss":0,"event_name":"World of Goop","floor":4,"gold_loss":25},{"damage_healed":0,"gold_gain":0,"player_choice":"Ignored","damage_taken":0,"max_hp_gain":0,"max_hp_loss":0,"event_name":"Liars Game","floor":5,"gold_loss":0},{"damage_healed":23,"gold_gain":0,"player_choice":"Heal","damage_taken":0,"max_hp_gain":0,"max_hp_loss":0,"event_name":"The Library","floor":21,"gold_loss":0},{"damage_healed":0,"gold_gain":0,"player_choice":"Ignored","damage_taken":0,"max_hp_gain":0,"max_hp_loss":0,"event_name":"Cursed Tome","floor":30,"gold_loss":0}],"is_beta":false,"boss_relics":[{"not_picked":["Runic Pyramid","Runic Dome","HoveringKite"]}],"items_purged_floors":[3,27],"is_endless":false,"potions_floor_spawned":[1,2,11,18,20,31],"killed_by":"Champ","ascension_level":7}}