{"host":"5fasz840ryq7obdf","time":1609696027,"event":{"mods":["2.2 Compatiblity","AchievementEnabler","BaseMod","Bestiary","Better Altar","Better Skull","Better Third Choice","BetterRewards","Block Reminder","Colored Powertips","Curses Come First","Downfall","Minty Spire (QoL Compilation)","Quick Restart","Relic Sorter","Relic Stats","Shop Mod","Spicy Shops","StSLib","SuperFastMode","ojb\u0027s Better Paths Mod","ojb\u0027s Info Mod"],"gold_per_floor":[99,109,109,109,125,142,142,173,98,111,143,160,160,200,229,340,340,340,367,376,14,23,64,141,166,202,202,338,367,376,376,376,376],"floor_reached":31,"playtime":1972,"items_purged":["Parasite"],"score":423,"play_id":"feea6800-6c3a-4d43-bd26-8d65e5d2df79","local_time":"20210103174707","is_ascension_mode":true,"campfire_choices":[{"data":"Slimebound:Split","floor":1.0,"key":"SMITH"},{"data":"Slimebound:CorrosiveSpit","floor":9.0,"key":"SMITH"},{"data":"Slimebound:OneTwoCombo","floor":13.0,"key":"SMITH"},{"data":"Slimebound:SplitMire","floor":18.0,"key":"SMITH"},{"data":"Slimebound:RejuvenatingLick","floor":27.0,"key":"SMITH"}],"circlet_count":0,"master_deck":["Slimebound:Strike_Slimebound","Slimebound:Tackle","Slimebound:Defend_Slimebound","Slimebound:Defend_Slimebound","Slimebound:Split+1","Slimebound:CorrosiveSpit+1","Slimebound:LeadByExample","Slimebound:Equalize","Slimebound:LeechingTouch","Slimebound:SlimeTap","Slimebound:AcidTongue+1","Slimebound:LeadByExample+1","Slimebound:OneTwoCombo+1","Slimebound:LevelUp+1","Slimebound:SplitMire+1","Slimebound:SelfFormingGoo+1","Slimebound:ServeAndProtect","Slimebound:MinionMaster+1","Slimebound:SamplingLick","Slimebound:SplitLeeching+1","Slimebound:SplitMire","Slimebound:HauntingLick","Writhe","Slimebound:GoopSpray","Slimebound:SplitBruiser","Slimebound:RejuvenatingLick+1","J.A.X.","Slimebound:LeechingTouch+1","Slimebound:PressTheAttack+1","Slimebound:GoopTackle+1","Slimebound:SpikyOuterGoop+1","Shame"],"relics":["Slimebound:AbsorbEndCombat","Frozen Egg 2","InkBottle","StrikeDummy","downfall:HeartBlessingGreen","Mummified Hand","CeramicFish","SlaversCollar","Membership Card","Darkstone Periapt","Bronze Scales","Molten Egg 2","Strawberry","Bottled Flame","Meat on the Bone","MutagenicStrength","Dream Catcher"],"acts_visited":["Exordium","TheCity"],"potions_floor_usage":[],"damage_taken":[{"damage":20.0,"enemies":"Jaw Worm","floor":2.0,"turns":3.0},{"damage":19.0,"enemies":"2 Louse","floor":5.0,"turns":2.0},{"damage":8.0,"enemies":"Small Slimes","floor":6.0,"turns":3.0},{"damage":53.0,"enemies":"3 Sentries","floor":8.0,"turns":6.0},{"damage":21.0,"enemies":"Exordium Wildlife","floor":10.0,"turns":5.0},{"damage":8.0,"enemies":"Lagavulin","floor":11.0,"turns":6.0},{"damage":12.0,"enemies":"Gremlin Gang","floor":12.0,"turns":2.0},{"damage":23.0,"enemies":"Gremlin Nob","floor":14.0,"turns":3.0},{"damage":16.0,"enemies":"Red Slaver","floor":15.0,"turns":2.0},{"damage":54.0,"enemies":"downfall:Silent","floor":16.0,"turns":8.0},{"damage":19.0,"enemies":"Shell Parasite","floor":19.0,"turns":3.0},{"damage":0.0,"enemies":"Chosen","floor":20.0,"turns":1.0},{"damage":16.0,"enemies":"downfall:FleeingMerchant","floor":21.0,"turns":4.0},{"damage":18.0,"enemies":"Gremlin Leader","floor":23.0,"turns":3.0},{"damage":37.0,"enemies":"Snecko","floor":25.0,"turns":3.0},{"damage":44.0,"enemies":"Slavers","floor":26.0,"turns":3.0},{"damage":40.0,"enemies":"downfall:Augmenter","floor":28.0,"turns":4.0},{"damage":28.0,"enemies":"Snake Plant","floor":29.0,"turns":2.0},{"damage":22,"enemies":"Gremlin Leader","floor":31,"turns":1}],"seed_played":"1156784385006712222","potions_obtained":[{"floor":10.0,"key":"EssenceOfSteel"},{"floor":11.0,"key":"SkillPotion"},{"floor":12.0,"key":"Regen Potion"},{"floor":16.0,"key":"DistilledChaos"},{"floor":19.0,"key":"SpeedPotion"},{"floor":23.0,"key":"Slimebound:SlimedPotion"}],"is_trial":false,"path_per_floor":["R","M","?","?","M","M","T","E","R","M","E","M","R","E","M","B",null,"R","M","M","$","?","E","T","M","E","R","?","M","?","E"],"character_chosen":"SLIMEBOUND","items_purchased":["Membership Card","Darkstone Periapt","Slimebound:HauntingLick","Bronze Scales"],"campfire_rested":0,"item_purchase_floors":[21,21,21,21],"current_hp_per_floor":[60,58,55,55,46,52,52,21,21,20,34,36,36,40,40,16,49,49,50,50,57,63,70,70,49,29,29,23,13,19,0,0,0],"gold":376,"neow_bonus":"TRANSFORM_TWO_CARDS","is_daily":false,"chose_seed":false,"campfire_upgraded":5,"win_rate":0.0,"timestamp":1609696027,"path_taken":["R","M","?","?","M","M","T","E","R","M","E","M","R","E","M","BOSS","R","M","M","$","?","E","T","M","E","R","?","M","?","E"],"items_purchased_type":["Relic","Relic","Card","Relic"],"build_version":"2020-12-22","purchased_purges":1,"victory":false,"max_hp_per_floor":[60,60,60,60,60,60,60,60,60,60,60,60,60,60,60,60,60,60,60,60,57,63,70,70,70,70,70,70,70,76,76,76,76],"relic_stats":{"Darkstone Periapt":12,"Dream Catcher":0,"counters":[19,63],"Mummified Hand":[50],"CeramicFish":153,"Bronze Scales":[51],"obtain_stats":[{"Darkstone Periapt":21,"CeramicFish":14,"downfall:HeartBlessingGreen":9,"Frozen Egg 2":3,"SlaversCollar":17,"Bottled Flame":24,"Dream Catcher":30,"downfall:BrokenWingStatue":4,"Mummified Hand":11,"Bronze Scales":21,"Strawberry":23,"MutagenicStrength":28,"Molten Egg 2":22,"Slimebound:AbsorbEndCombat":0,"Membership Card":21,"StrikeDummy":8,"InkBottle":7,"Meat on the Bone":26},{"Darkstone Periapt":13,"CeramicFish":8,"downfall:HeartBlessingGreen":4,"Frozen Egg 2":1,"SlaversCollar":10,"Bottled Flame":14,"Dream Catcher":18,"downfall:BrokenWingStatue":1,"Mummified Hand":6,"Bronze Scales":13,"Strawberry":14,"MutagenicStrength":17,"Molten Egg 2":13,"Slimebound:AbsorbEndCombat":0,"Membership Card":13,"StrikeDummy":4,"InkBottle":3,"Meat on the Bone":16},{"Darkstone Periapt":48,"CeramicFish":30,"downfall:HeartBlessingGreen":14,"Frozen Egg 2":3,"SlaversCollar":40,"Bottled Flame":51,"Dream Catcher":62,"downfall:BrokenWingStatue":3,"Mummified Hand":25,"Bronze Scales":48,"Strawberry":51,"MutagenicStrength":60,"Molten Egg 2":48,"Slimebound:AbsorbEndCombat":0,"Membership Card":48,"StrikeDummy":14,"InkBottle":8,"Meat on the Bone":56}],"InkBottle":[24],"Meat on the Bone":24},"card_choices":[{"not_picked":["Slimebound:GrowthPunch","Slimebound:GoopSpray"],"picked":"Slimebound:LeechingTouch","floor":2.0},{"not_picked":["Slimebound:SlimeBarrage","Slimebound:FinishingTackle"],"picked":"Slimebound:SlimeTap","floor":5.0},{"not_picked":["Slimebound:SlimeSpikes","Slimebound:DivideAndConquer"],"picked":"Slimebound:AcidTongue+1","floor":6.0},{"not_picked":["Slimebound:PressTheAttack","Slimebound:Nibble"],"picked":"Slimebound:LeadByExample+1","floor":8.0},{"not_picked":["Slimebound:LeadByExample+1","Slimebound:RollThrough"],"picked":"Slimebound:OneTwoCombo","floor":10.0},{"not_picked":["Slimebound:ViciousTackle","Slimebound:LivingWall"],"picked":"Slimebound:LevelUp+1","floor":11.0},{"not_picked":["Slimebound:SplitBruiser","Slimebound:LeechEnergy"],"picked":"Slimebound:SplitMire","floor":12.0},{"not_picked":["Slimebound:SamplingLick","Slimebound:SplitLeeching"],"picked":"Slimebound:SelfFormingGoo+1","floor":14.0},{"not_picked":["Slimebound:RollThrough","Slimebound:Schlurp"],"picked":"Slimebound:ServeAndProtect","floor":15.0},{"not_picked":["Slimebound:MassRepurpose","Slimebound:DouseInSlime"],"picked":"Slimebound:MinionMaster+1","floor":16.0},{"not_picked":["Slimebound:DivideAndConquer+1","Slimebound:FirmFortitude+1"],"picked":"Slimebound:SamplingLick","floor":19.0},{"not_picked":["Slimebound:Grow+1","Slimebound:GrowthPunch"],"picked":"Slimebound:SplitLeeching+1","floor":20.0},{"not_picked":["Slimebound:ComboTackle+1","Slimebound:SlimeSpikes"],"picked":"Slimebound:SplitMire","floor":21.0},{"not_picked":["Slimebound:GrowthPunch+1","Slimebound:Grow+1"],"picked":"Slimebound:GoopSpray","floor":23.0},{"not_picked":["Slimebound:SlimeBrawl","Slimebound:FlameTackle+1"],"picked":"Slimebound:SplitBruiser","floor":25.0},{"not_picked":["Slimebound:Schlurp","Slimebound:FormOfPuddle+1"],"picked":"Slimebound:RejuvenatingLick","floor":26.0},{"not_picked":[],"picked":"J.A.X.","floor":28.0},{"not_picked":["Slimebound:ViciousTackle+1","Slimebound:GrowthPunch+1"],"picked":"Slimebound:LeechingTouch+1","floor":28.0},{"not_picked":["Slimebound:GoopSpray+1","Slimebound:AcidTongue+1"],"picked":"Slimebound:SpikyOuterGoop+1","floor":29.0}],"player_experience":1441965,"relics_obtained":[{"floor":7.0,"key":"InkBottle"},{"floor":8.0,"key":"StrikeDummy"},{"floor":11.0,"key":"Mummified Hand"},{"floor":14.0,"key":"CeramicFish"},{"floor":23.0,"key":"Strawberry"},{"floor":24.0,"key":"Bottled Flame"},{"floor":26.0,"key":"Meat on the Bone"},{"floor":28.0,"key":"MutagenicStrength"}],"event_choices":[{"damage_healed":0.0,"max_hp_gain":0.0,"max_hp_loss":0.0,"gold_gain":0.0,"event_name":"Scrap Ooze","player_choice":"Success","floor":3.0,"gold_loss":0.0,"damage_taken":3.0,"relics_obtained":["Frozen Egg 2"]},{"damage_healed":0.0,"max_hp_gain":0.0,"max_hp_loss":0.0,"gold_gain":0.0,"event_name":"Addict","player_choice":"Stole Relic","floor":30.0,"gold_loss":0.0,"damage_taken":0.0,"relics_obtained":["Dream Catcher"],"cards_obtained":["Shame"]}],"is_beta":false,"boss_relics":[{"not_picked":["SacredBark","Empty Cage"],"picked":"SlaversCollar"}],"items_purged_floors":[21],"is_endless":false,"potions_floor_spawned":[10,11,12,16,19,23],"killed_by":"Gremlin Leader","ascension_level":5}}