{"host":"raaimkojny05jekw","time":1609643054,"event":{"mods":["AchievementEnabler","BaseMod","Colored Map","Colored Powertips","DeckTracker","Minty Spire (QoL Compilation)","Quick Restart","Rare Cards Sparkle","everything is the same but u backflip on backflip"],"gold_per_floor":[212,289,307,14,89,89,42,42,42,68,124,124,139,155,155,255,305,320,339,91,91,91,91,107,107,107,107,122,154,172,184,184,184,184],"floor_reached":33,"playtime":2643,"items_purged":["Defend_R"],"score":278,"play_id":"b1f16a6c-a957-4d84-9f2b-95d022453835","local_time":"20210103120414","is_ascension_mode":true,"campfire_choices":[{"data":"Uppercut","floor":6,"key":"SMITH"},{"data":"Bash","floor":8,"key":"SMITH"},{"data":"Perfected Strike","floor":12,"key":"SMITH"},{"data":"Pommel Strike","floor":15,"key":"SMITH"},{"data":"Berserk","floor":23,"key":"SMITH"},{"data":"Pommel Strike","floor":27,"key":"SMITH"},{"data":"Twin Strike","floor":32,"key":"SMITH"}],"circlet_count":0,"master_deck":["Strike_R","Strike_R","Strike_R+1","Strike_R","Strike_R","Defend_R","Defend_R","Defend_R","Bash+1","Uppercut+1","Pommel Strike+1","True Grit+1","Havoc+1","Shrug It Off+1","Perfected Strike+1","Pommel Strike+1","Shockwave+1","Berserk+1","Intimidate+1","Dual Wield+1","Infernal Blade+1","Secret Weapon+1","Flame Barrier+1","Twin Strike+1","Perfected Strike+1","Seeing Red+1","Battle Trance+1","Entrench+1"],"relics":["Burning Blood","Toxic Egg 2","PreservedInsect","Bag of Preparation","Blood Vial","Tiny House","Question Card","Lantern"],"acts_visited":["Exordium","TheCity"],"potions_floor_usage":[16,19,24,28,29],"damage_taken":[{"damage":6,"enemies":"Cultist","floor":1,"turns":4},{"damage":6,"enemies":"Jaw Worm","floor":3,"turns":3},{"damage":25,"enemies":"3 Sentries","floor":10,"turns":12},{"damage":18,"enemies":"3 Sentries","floor":11,"turns":7},{"damage":1,"enemies":"Small Slimes","floor":13,"turns":3},{"damage":0,"enemies":"2 Fungi Beasts","floor":14,"turns":2},{"damage":23,"enemies":"Hexaghost","floor":16,"turns":5},{"damage":9,"enemies":"Shell Parasite","floor":18,"turns":4},{"damage":9,"enemies":"2 Thieves","floor":19,"turns":4},{"damage":13,"enemies":"Shelled Parasite and Fungi","floor":24,"turns":3},{"damage":6,"enemies":"Snecko","floor":28,"turns":3},{"damage":46,"enemies":"Slavers","floor":29,"turns":4},{"damage":8,"enemies":"3 Cultists","floor":30,"turns":3},{"damage":7,"enemies":"Snake Plant","floor":31,"turns":3},{"damage":57,"enemies":"Collector","floor":33,"turns":6}],"seed_played":"-466991786520912105","potions_obtained":[{"floor":11,"key":"Dexterity Potion"},{"floor":13,"key":"PowerPotion"},{"floor":16,"key":"Explosive Potion"},{"floor":17,"key":"DistilledChaos"},{"floor":18,"key":"AttackPotion"},{"floor":24,"key":"SmokeBomb"},{"floor":28,"key":"EssenceOfSteel"}],"is_trial":false,"path_per_floor":["M","?","M","$","?","R","$","R","T","E","?","R","M","M","R","B",null,"M","M","$","?","?","R","M","?","T","R","M","E","M","M","R","B"],"character_chosen":"IRONCLAD","items_purchased":["Toxic Egg 2","True Grit+1","Havoc+1","Secret Weapon+1"],"campfire_rested":0,"item_purchase_floors":[4,4,7,20],"current_hp_per_floor":[80,80,80,80,69,69,69,69,69,50,38,38,45,53,53,38,85,82,81,81,81,81,81,76,76,76,76,78,40,40,41,41,0,0],"gold":184,"neow_bonus":"HUNDRED_GOLD","is_daily":false,"chose_seed":false,"campfire_upgraded":7,"win_rate":0.0,"timestamp":1609643054,"path_taken":["M","?","M","$","?","R","$","R","T","E","?","R","M","M","R","BOSS","M","M","$","?","?","R","M","?","T","R","?","E","M","M","R","BOSS"],"items_purchased_type":["Relic","Card","Card","Card"],"build_version":"2020-12-22","purchased_purges":1,"victory":false,"max_hp_per_floor":[80,80,80,80,80,80,80,80,80,80,80,80,80,80,80,80,85,85,85,85,85,85,85,85,85,85,85,85,85,85,85,85,85,85],"card_choices":[{"not_picked":["Sword Boomerang","Heavy Blade"],"picked":"Uppercut","floor":1},{"not_picked":["Havoc","Armaments"],"picked":"Pommel Strike","floor":3},{"not_picked":["Power Through+1","Fire Breathing"],"picked":"Shrug It Off+1","floor":10},{"not_picked":["Armaments+1","Cleave"],"picked":"Perfected Strike","floor":11},{"not_picked":["Cleave","Uppercut"],"picked":"Pommel Strike","floor":13},{"not_picked":["Heavy Blade","Havoc+1"],"picked":"Shockwave+1","floor":14},{"not_picked":["Immolate","Bludgeon"],"picked":"Berserk","floor":16},{"not_picked":["Uppercut","Body Slam"],"picked":"Intimidate+1","floor":17},{"not_picked":["Sword Boomerang","Dark Embrace"],"picked":"Dual Wield+1","floor":18},{"not_picked":["Iron Wave","Havoc+1"],"picked":"Infernal Blade+1","floor":19},{"not_picked":["Rupture","Intimidate+1"],"picked":"Twin Strike","floor":24},{"not_picked":["Armaments+1","Anger","Twin Strike","Clothesline+1"],"picked":"SKIP","floor":28},{"not_picked":["Thunderclap","Clothesline","Anger"],"picked":"Seeing Red+1","floor":29},{"not_picked":["Thunderclap","True Grit+1","Headbutt+1"],"picked":"Battle Trance+1","floor":30},{"not_picked":["Havoc+1","Combust","Twin Strike"],"picked":"Entrench+1","floor":31}],"player_experience":705076,"relics_obtained":[{"floor":9,"key":"PreservedInsect"},{"floor":10,"key":"Bag of Preparation"},{"floor":11,"key":"Blood Vial"},{"floor":26,"key":"Question Card"},{"floor":29,"key":"Lantern"}],"event_choices":[{"damage_healed":0,"gold_gain":77,"player_choice":"Gained Gold","damage_taken":0,"max_hp_gain":0,"max_hp_loss":0,"event_name":"Golden Wing","floor":2,"gold_loss":0},{"damage_healed":0,"gold_gain":75,"player_choice":"Gather Gold","damage_taken":11,"max_hp_gain":0,"max_hp_loss":0,"event_name":"World of Goop","floor":5,"gold_loss":0},{"damage_healed":0,"gold_gain":0,"player_choice":"Searched \u00271\u0027 times","damage_taken":0,"max_hp_gain":0,"max_hp_loss":0,"event_name":"Dead Adventurer","floor":11,"gold_loss":0},{"damage_healed":0,"gold_gain":0,"player_choice":"Read","damage_taken":0,"max_hp_gain":0,"max_hp_loss":0,"event_name":"The Library","floor":21,"gold_loss":0,"cards_obtained":["Flame Barrier"]},{"damage_healed":0,"gold_gain":0,"player_choice":"Ignored","damage_taken":0,"max_hp_gain":0,"max_hp_loss":0,"event_name":"Ghosts","floor":22,"gold_loss":0},{"damage_healed":0,"gold_gain":0,"player_choice":"Copied","damage_taken":0,"max_hp_gain":0,"max_hp_loss":0,"event_name":"Duplicator","floor":25,"gold_loss":0,"cards_obtained":["Perfected Strike"]}],"is_beta":false,"boss_relics":[{"not_picked":["Runic Dome","Busted Crown"],"picked":"Tiny House"}],"items_purged_floors":[20],"is_endless":false,"potions_floor_spawned":[11,13,16,18,24,28],"killed_by":"Collector","ascension_level":1}}