{"host":"v52ntiwll8g9892u","time":1609669309,"event":{"mods":["ATMod(°¢èªMod)","BaseMod","Minty Spire (QoL Compilation)","Prisma Mod","StSLib"],"gold_per_floor":[116,116,116,132,147,147,176,176,176,190,208,243,10,40,40,117,117,128,128,128,147,47,47,81,99,99,99,109,120,146,161,161,240,240,257,257,270,170,182,214,227,282,282,302,336,350,230,230,230,230,230,230,230,57,85,85],"floor_reached":57,"playtime":2937,"items_purged":["Defend_P","Defend_P","Strike_P","Strike_P"],"score":3008,"play_id":"4239268a-019d-4958-a40e-cd39f32944da","local_time":"20210103182149","is_ascension_mode":true,"campfire_choices":[{"floor":6.0,"key":"RECALL"},{"floor":8.0,"key":"REST"},{"data":"TalkToTheHand","floor":15.0,"key":"SMITH"},{"data":"Adaptation","floor":23.0,"key":"SMITH"},{"data":"Adaptation","floor":32.0,"key":"SMITH"},{"data":"Vault","floor":49,"key":"SMITH"},{"data":"Pray","floor":53,"key":"SMITH"}],"circlet_count":0,"master_deck":["AscendersBane","Defend_P","Eruption+1","Vigilance","AT_FamilyPortrait","CutThroughFate","Brilliance","TalkToTheHand+1","Adaptation+1","FearNoEvil","Adaptation+1","Pray+1","AT_ChampionStep","Vault+1"],"relics":["PureWater","AT_ATBox","NeowsBlessing","Pantograph","Ice Cream","Centennial Puzzle","Bronze Scales","ClockworkSouvenir","TungstenRod","Calling Bell","Bag of Marbles","Ornamental Fan","CloakClasp","Mango","Shuriken","AT_DeathDance","Empty Cage","The Courier","Boot","Juzu Bracelet","AT_Manta","Medical Kit","Pear"],"acts_visited":["Exordium","TheCity","TheBeyond","TheEnding"],"potions_floor_usage":[42,56],"damage_taken":[{"damage":0.0,"enemies":"2 Louse","floor":1.0,"turns":1.0},{"damage":0.0,"enemies":"Cultist","floor":4.0,"turns":1.0},{"damage":0.0,"enemies":"Jaw Worm","floor":5.0,"turns":1.0},{"damage":22.0,"enemies":"3 Sentries","floor":7.0,"turns":5.0},{"damage":0.0,"enemies":"Large Slime","floor":10.0,"turns":3.0},{"damage":0.0,"enemies":"Red Slaver","floor":11.0,"turns":1.0},{"damage":0.0,"enemies":"Gremlin Nob","floor":12.0,"turns":2.0},{"damage":0.0,"enemies":"3 Sentries","floor":14.0,"turns":2.0},{"damage":14.0,"enemies":"The Guardian","floor":16.0,"turns":9.0},{"damage":9.0,"enemies":"Shell Parasite","floor":18.0,"turns":4.0},{"damage":0.0,"enemies":"Chosen","floor":21.0,"turns":3.0},{"damage":12.0,"enemies":"Gremlin Leader","floor":24.0,"turns":4.0},{"damage":4.0,"enemies":"Shelled Parasite and Fungi","floor":25.0,"turns":4.0},{"damage":0.0,"enemies":"3 Cultists","floor":28.0,"turns":2.0},{"damage":4.0,"enemies":"Snake Plant","floor":29.0,"turns":3.0},{"damage":15.0,"enemies":"Slavers","floor":30.0,"turns":3.0},{"damage":4.0,"enemies":"Snecko","floor":31.0,"turns":4.0},{"damage":4.0,"enemies":"Automaton","floor":33.0,"turns":4.0},{"damage":5.0,"enemies":"Orb Walker","floor":35.0,"turns":1.0},{"damage":9.0,"enemies":"3 Darklings","floor":37.0,"turns":5.0},{"damage":29.0,"enemies":"4 Shapes","floor":39.0,"turns":6.0},{"damage":0.0,"enemies":"Giant Head","floor":40.0,"turns":4.0},{"damage":6.0,"enemies":"Transient","floor":41.0,"turns":3.0},{"damage":24,"enemies":"Nemesis","floor":42,"turns":3},{"damage":10,"enemies":"Maw","floor":44,"turns":3},{"damage":6,"enemies":"Giant Head","floor":45,"turns":4},{"damage":20,"enemies":"Jaw Worm Horde","floor":46,"turns":3},{"damage":8,"enemies":"Donu and Deca","floor":50,"turns":4},{"damage":9,"enemies":"Time Eater","floor":51,"turns":5},{"damage":0,"enemies":"Shield and Spear","floor":55,"turns":1},{"damage":72,"enemies":"The Heart","floor":56,"turns":9}],"seed_played":"-3215756904639950148","potions_obtained":[{"floor":1.0,"key":"SteroidPotion"},{"floor":5.0,"key":"Ancient Potion"},{"floor":7.0,"key":"StancePotion"},{"floor":25.0,"key":"Block Potion"},{"floor":28.0,"key":"Strength Potion"},{"floor":35.0,"key":"LiquidMemories"},{"floor":46,"key":"SteroidPotion"},{"floor":55,"key":"Ambrosia"}],"is_trial":false,"path_per_floor":["M","?","?","M","M","R","E","R","T","M","M","E","$","E","R","B",null,"M","?","?","M","$","R","E","M","T","?","M","M","E","M","R","B",null,"M","T","M","$","M","E","M","E","T","M","E","M","$","?","R","B","B",null,"R","$","E","B",null],"character_chosen":"WATCHER","items_purchased":["ClockworkSouvenir","Medical Kit","ColorlessPotion"],"campfire_rested":1,"item_purchase_floors":[13,54,54],"current_hp_per_floor":[61,43,43,43,43,43,21,41,41,41,41,41,41,41,41,52,64,55,37,37,37,37,37,39,35,35,31,31,27,12,8,8,29,73,68,68,59,59,30,87,81,57,57,47,41,21,21,21,21,38,54,79,79,79,89,25],"gold":85,"neow_bonus":"THREE_ENEMY_KILL","is_daily":false,"chose_seed":false,"campfire_upgraded":5,"win_rate":0.0,"timestamp":1609669309,"path_taken":["M","?","?","M","?","R","E","R","T","M","M","E","$","E","R","BOSS","M","?","?","?","$","R","E","M","T","?","M","M","E","M","R","BOSS","M","?","M","$","M","E","M","E","T","M","E","M","?","?","R","BOSS","BOSS","R","$","E","BOSS"],"items_purchased_type":["Relic","Relic","Potion"],"build_version":"2020-12-22","purchased_purges":4,"victory":true,"max_hp_per_floor":[68,68,68,68,68,68,68,68,68,68,68,68,68,68,68,68,68,68,73,73,73,73,73,87,87,87,87,87,87,87,87,87,87,87,87,87,87,87,87,87,87,87,87,87,87,87,87,87,87,87,87,87,87,87,97,97],"card_choices":[{"not_picked":["SashWhip","FollowUp","Evaluate"],"picked":"SKIP","floor":1.0},{"not_picked":["Consecrate","MentalFortress"],"picked":"CutThroughFate","floor":4.0},{"not_picked":["JustLucky","SandsOfTime","Collect"],"picked":"SKIP","floor":5.0},{"not_picked":["PathToVictory","FlyingSleeves"],"picked":"Brilliance","floor":7.0},{"not_picked":["FollowUp","Worship","Protect"],"picked":"SKIP","floor":10.0},{"not_picked":["ThirdEye","FollowUp","SashWhip"],"picked":"SKIP","floor":11.0},{"not_picked":["Pray","JustLucky"],"picked":"TalkToTheHand","floor":12.0},{"not_picked":["Nirvana","BattleHymn"],"picked":"Adaptation","floor":14.0},{"not_picked":["JustLucky","ClearTheMind"],"picked":"FearNoEvil","floor":18.0},{"not_picked":["Evaluate","PathToVictory","CrushJoints"],"picked":"SKIP","floor":21.0},{"not_picked":["CrushJoints","DeusExMachina"],"picked":"Pray","floor":24.0},{"not_picked":["WaveOfTheHand","Crescendo","Halt"],"picked":"SKIP","floor":25.0},{"not_picked":["Protect","AT_RealFormLess","Consecrate"],"picked":"SKIP","floor":28.0},{"not_picked":["EmptyBody","ClearTheMind","BowlingBash"],"picked":"SKIP","floor":29.0},{"not_picked":["Worship","Evaluate","Pray"],"picked":"SKIP","floor":30.0},{"not_picked":["BowlingBash","EmptyBody","SashWhip"],"picked":"SKIP","floor":31.0},{"not_picked":["FlyingSleeves","Nirvana","CutThroughFate"],"picked":"SKIP","floor":35.0},{"not_picked":["ClearTheMind","CutThroughFate"],"picked":"AT_ChampionStep","floor":37.0},{"not_picked":["Consecrate","ClearTheMind","FollowUp"],"picked":"SKIP","floor":39.0},{"not_picked":["Pray","Halt","Evaluate"],"picked":"SKIP","floor":40.0},{"not_picked":["FlyingSleeves+1","Nirvana+1","Wireheading"],"picked":"SKIP","floor":41.0},{"not_picked":["Wireheading","CarveReality","Indignation"],"picked":"SKIP","floor":42},{"not_picked":["ClearTheMind","Indignation+1"],"picked":"Vault","floor":44},{"not_picked":["Weave","SignatureMove","WreathOfFlame"],"picked":"SKIP","floor":45},{"not_picked":["Weave","SignatureMove","WreathOfFlame"],"picked":"SKIP","floor":45},{"not_picked":["Prostrate","WaveOfTheHand","EmptyFist"],"picked":"SKIP","floor":46},{"not_picked":["FearNoEvil+1","AT_SoftenMuscles","BowlingBash"],"picked":"SKIP","floor":55}],"player_experience":1240993,"relics_obtained":[{"floor":7.0,"key":"Ice Cream"},{"floor":9.0,"key":"Centennial Puzzle"},{"floor":12.0,"key":"Bronze Scales"},{"floor":14.0,"key":"TungstenRod"},{"floor":17.0,"key":"Bag of Marbles"},{"floor":17.0,"key":"Ornamental Fan"},{"floor":17.0,"key":"CloakClasp"},{"floor":24.0,"key":"Mango"},{"floor":26.0,"key":"Shuriken"},{"floor":30.0,"key":"AT_DeathDance"},{"floor":36.0,"key":"The Courier"},{"floor":40.0,"key":"Boot"},{"floor":42,"key":"Juzu Bracelet"},{"floor":45,"key":"AT_Manta"},{"floor":55,"key":"Pear"}],"event_choices":[{"damage_healed":0.0,"max_hp_gain":0.0,"max_hp_loss":0.0,"gold_gain":0.0,"event_name":"Scrap Ooze","player_choice":"Success","floor":2.0,"gold_loss":0.0,"damage_taken":18.0,"relics_obtained":["Pantograph"]},{"damage_healed":0.0,"max_hp_gain":0.0,"max_hp_loss":0.0,"gold_gain":0.0,"event_name":"Upgrade Shrine","player_choice":"Upgraded","floor":3.0,"gold_loss":0.0,"damage_taken":0.0,"cards_upgraded":["Eruption"]},{"damage_healed":0.0,"max_hp_gain":5.0,"max_hp_loss":0.0,"gold_gain":0.0,"event_name":"Forgotten Altar","player_choice":"Shed Blood","floor":19.0,"gold_loss":0.0,"damage_taken":24.0},{"damage_healed":0.0,"max_hp_gain":0.0,"max_hp_loss":0.0,"gold_gain":0.0,"cards_transformed":["Defend_P"],"event_name":"Transmorgrifier","player_choice":"Transformed","floor":20.0,"gold_loss":0.0,"damage_taken":0.0,"cards_obtained":["Adaptation"]},{"damage_healed":0.0,"max_hp_gain":0.0,"max_hp_loss":0.0,"gold_gain":0.0,"event_name":"The Woman in Blue","player_choice":"Bought 0 Potions","floor":27.0,"gold_loss":0.0,"damage_taken":0.0},{"damage_healed":0,"gold_gain":0,"player_choice":"Ignored","damage_taken":0,"max_hp_gain":0,"max_hp_loss":0,"event_name":"The Moai Head","floor":48,"gold_loss":0}],"is_beta":false,"boss_relics":[{"not_picked":["SlaversCollar","Snecko Eye"],"picked":"Calling Bell"},{"not_picked":["Busted Crown","Philosopher\u0027s Stone"],"picked":"Empty Cage"}],"items_purged_floors":[13,22,38,47],"is_endless":false,"potions_floor_spawned":[1,5,7,14,25,28,29,35,37,46,55],"ascension_level":20}}