{"host":"mtg945c5jssv10ty","time":1609700754,"event":{"mods":["BaseMod","Downfall","Minty Spire (QoL Compilation)","StSLib","SuperFastMode","Wide Potions"],"gold_per_floor":[99,99,99,99,99,99,99,99,99,99,99,99,99,99,99],"floor_reached":16,"playtime":193,"items_purged":[],"score":1380,"play_id":"7cd30db9-8baa-48ba-80d4-d7bcdd430aca","local_time":"20210103140554","is_ascension_mode":false,"campfire_choices":[{"floor":2.0,"key":"RECALL"},{"floor":13.0,"key":"REST"}],"circlet_count":0,"master_deck":["hexamod:Strike","hexamod:Strike","hexamod:Strike","hexamod:Strike","hexamod:Defend","hexamod:Defend","hexamod:Defend","hexamod:Defend","hexamod:Sear","hexamod:Float"],"relics":["hexamod:SpiritBrand"],"acts_visited":["Exordium","TheCity","TheBeyond","TheEnding"],"potions_floor_usage":[],"damage_taken":[{"damage":0.0,"enemies":"downfall:Silent","floor":3.0,"turns":1.0},{"damage":0.0,"enemies":"Slavers","floor":5.0,"turns":1.0},{"damage":0.0,"enemies":"downfall:Ironclad","floor":7.0,"turns":1.0},{"damage":0.0,"enemies":"Reptomancer","floor":9.0,"turns":1.0},{"damage":0.0,"enemies":"downfall:Watcher","floor":10.0,"turns":1.0},{"damage":0.0,"enemies":"downfall:CharBossMerchant","floor":12.0,"turns":1.0},{"damage":61,"enemies":"downfall:NeowBossFinal","floor":15,"turns":4}],"seed_played":"4817804068382812711","potions_obtained":[],"is_trial":false,"path_per_floor":["T","R","B",null,"E","E","B",null,"E","B",null,"E","R","B","B",null],"character_chosen":"THE_SPIRIT","items_purchased":[],"campfire_rested":1,"item_purchase_floors":[],"current_hp_per_floor":[77,77,77,77,77,77,77,77,77,77,77,77,77,77,16],"gold":99,"neow_bonus":"TEN_PERCENT_HP_BONUS","is_daily":false,"chose_seed":false,"campfire_upgraded":0,"win_rate":0.0,"timestamp":1609700754,"path_taken":["T","R","BOSS","E","E","BOSS","E","BOSS","E","R","BOSS","BOSS"],"items_purchased_type":[],"build_version":"2020-12-22","purchased_purges":0,"victory":true,"max_hp_per_floor":[77,77,77,77,77,77,77,77,77,77,77,77,77,77,77],"card_choices":[{"not_picked":["hexamod:StepThrough","hexamod:PowerFromBeyond+1","hexamod:Haunt"],"picked":"SKIP","floor":5.0},{"not_picked":["hexamod:AdvancingGuard+1","hexamod:BacktrackSmack+1","hexamod:SearingWound"],"picked":"SKIP","floor":9.0},{"not_picked":["hexamod:SearingWound","hexamod:ThirdSeal","hexamod:Again"],"picked":"SKIP","floor":12.0}],"player_experience":178967,"relics_obtained":[],"event_choices":[],"is_beta":false,"boss_relics":[{"not_picked":[]},{"not_picked":[]}],"items_purged_floors":[],"is_endless":false,"potions_floor_spawned":[3,5,7,9,12],"ascension_level":0}}