{"host":"akjsb4vg7478j4ls","time":1609644639,"event":{"mods":["BaseMod","Colored Powertips","Minty Spire (QoL Compilation)","Rare Cards Sparkle"],"gold_per_floor":[110,127,127,127,146,146,176,176,176,176,187,187,213,488,488,488,488],"floor_reached":16,"playtime":671,"items_purged":[],"score":113,"play_id":"1c1190c7-0723-4844-8b92-92913f07c238","local_time":"20210103013039","is_ascension_mode":true,"campfire_choices":[{"data":"Outmaneuver","floor":6,"key":"SMITH"},{"floor":8,"key":"REST"},{"floor":10,"key":"REST"},{"floor":15,"key":"REST"}],"circlet_count":0,"master_deck":["Strike_G","Strike_G","Strike_G","Strike_G","Strike_G","Defend_G","Defend_G","Defend_G","Defend_G","Defend_G","Survivor","Neutralize","Underhanded Strike","Dash","Outmaneuver+1","Phantasmal Killer","Well Laid Plans","Malaise","Regret"],"relics":["Ring of the Snake","NeowsBlessing","Bottled Lightning","Gremlin Horn","Calipers"],"acts_visited":["Exordium"],"potions_floor_usage":[13],"damage_taken":[{"damage":0,"enemies":"Small Slimes","floor":1,"turns":1},{"damage":0,"enemies":"Jaw Worm","floor":2,"turns":1},{"damage":0,"enemies":"Cultist","floor":5,"turns":1},{"damage":39,"enemies":"Gremlin Nob","floor":7,"turns":6},{"damage":5,"enemies":"Exordium Wildlife","floor":11,"turns":3},{"damage":10,"enemies":"3 Sentries","floor":13,"turns":9},{"damage":71,"enemies":"Slime Boss","floor":16,"turns":8}],"seed_played":"7902120104490155231","potions_obtained":[{"floor":11,"key":"CunningPotion"},{"floor":13,"key":"SpeedPotion"}],"is_trial":false,"path_per_floor":["M","M","?","?","M","R","E","R","T","R","M","$","E","?","R","B"],"character_chosen":"THE_SILENT","items_purchased":[],"campfire_rested":3,"item_purchase_floors":[],"current_hp_per_floor":[70,70,70,70,70,70,31,52,52,70,65,65,55,55,70,0,0],"gold":488,"neow_bonus":"THREE_ENEMY_KILL","is_daily":false,"chose_seed":false,"campfire_upgraded":1,"win_rate":0.0,"timestamp":1609644639,"path_taken":["M","M","?","?","?","R","E","R","T","R","M","$","E","?","R","BOSS"],"items_purchased_type":[],"build_version":"2020-12-22","purchased_purges":0,"victory":false,"max_hp_per_floor":[70,70,70,70,70,70,70,70,70,70,70,70,70,70,70,70,70],"card_choices":[{"not_picked":["Outmaneuver","Skewer"],"picked":"Underhanded Strike","floor":1},{"not_picked":["Underhanded Strike","All Out Attack"],"picked":"Dash","floor":2},{"not_picked":["Reflex","Backflip"],"picked":"Outmaneuver","floor":5},{"not_picked":["PiercingWail","Poisoned Stab"],"picked":"Phantasmal Killer","floor":7},{"not_picked":["Flechettes","Calculated Gamble"],"picked":"Well Laid Plans","floor":11},{"not_picked":["Bane","Backflip"],"picked":"Malaise","floor":13}],"player_experience":86895,"relics_obtained":[{"floor":7,"key":"Bottled Lightning"},{"floor":9,"key":"Gremlin Horn"},{"floor":13,"key":"Calipers"}],"event_choices":[{"damage_healed":0,"gold_gain":0,"player_choice":"Leave","damage_taken":0,"max_hp_gain":0,"max_hp_loss":0,"event_name":"The Cleric","floor":3,"gold_loss":0},{"damage_healed":0,"gold_gain":0,"player_choice":"Ignored","damage_taken":0,"max_hp_gain":0,"max_hp_loss":0,"event_name":"Purifier","floor":4,"gold_loss":0},{"damage_healed":0,"gold_gain":275,"player_choice":"Desecrate","damage_taken":0,"max_hp_gain":0,"max_hp_loss":0,"event_name":"Golden Shrine","floor":14,"gold_loss":0,"cards_obtained":["Regret"]}],"is_beta":false,"boss_relics":[],"items_purged_floors":[],"is_endless":false,"potions_floor_spawned":[11,13],"killed_by":"Slime Boss","ascension_level":1}}