{"host":"kmq7aw60w430zvtx","time":1609701123,"event":{"mods":["BaseMod","Downfall","GifTheSpireLib","Hermit","Hubris","Minty Spire (QoL Compilation)","Replay The Spire","StSLib","The Construct","The Cursed","The Hierophant","The Jungle","The Necromancer","The Runesmith"],"gold_per_floor":[115,115,132,39,39,70,89,89,112,112,112,112,127,176,176,278,278,289,289,300,300,300,335,335,352,352,383,383,383,401,401,401],"floor_reached":31,"playtime":2024,"items_purged":["Sickly"],"score":325,"play_id":"81f600ae-d6da-40da-9b32-dfb157cbb1c7","local_time":"20210103201203","is_ascension_mode":true,"campfire_choices":[{"floor":10,"key":"REST"},{"data":"True Grit","floor":12,"key":"SMITH"},{"floor":15,"key":"RECALL"},{"floor":24,"key":"REST"},{"data":"ReplayTheSpireMod:Strike From Hell","floor":29,"key":"SMITH"}],"circlet_count":0,"master_deck":["Strike_R","Strike_R","Strike_R","Strike_R","Strike_R","Defend_R","Defend_R+1","Defend_R","Defend_R","Bash","ReplayTheSpireMod:Strike From Hell+1","Clash+1","hubris:CleavingFinish","Feel No Pain","Havoc+1","Pot Of Greed","Pot Of Greed","Metallicize","Twin Strike","Entrench","True Grit+1","Armaments","Eclipse","hubris:SharpeningStone+1","Pot Of Greed+1","Hemogenesis","ReplayTheSpireMod:Stacked","hubris:DuctTapeCard+2","Armaments+1","Body Slam"],"relics":["Black Blood","Grinning Jar","ReplayTheSpireMod:CursedCoin","theJungle:BirthdayCakeSlice","hubris:SphereOfDissonance","construct:FoamFinger","hubris:DuctTape"],"acts_visited":["Exordium","theJungle:Jungle"],"potions_floor_usage":[6,16,16,18,23,30],"damage_taken":[{"damage":2,"enemies":"Jaw Worm","floor":1,"turns":3},{"damage":1,"enemies":"Cultist","floor":3,"turns":3},{"damage":51,"enemies":"Lagavulin","floor":6,"turns":7},{"damage":0,"enemies":"Small Slimes","floor":7,"turns":4},{"damage":6,"enemies":"3 Louse","floor":13,"turns":3},{"damage":50,"enemies":"Hexaghost","floor":16,"turns":11},{"damage":26,"enemies":"theJungle:GiantWrat","floor":18,"turns":7},{"damage":13,"enemies":"theJungle:MUSHROOMGANG","floor":20,"turns":6},{"damage":65,"enemies":"theJungle:Cassacara","floor":23,"turns":10},{"damage":11,"enemies":"theJungle:SlimyTreeVines","floor":25,"turns":8},{"damage":14,"enemies":"theJungle:2_Phrogs","floor":27,"turns":9},{"damage":12,"enemies":"theJungle:JungleHuntersEncounter","floor":30,"turns":5},{"damage":57,"enemies":"theJungle:2_Flameangoes","floor":31,"turns":6}],"seed_played":"-7620939524495592222","potions_obtained":[{"floor":1,"key":"SkillPotion"},{"floor":6,"key":"BloodPotion"},{"floor":7,"key":"construct:ShiftPotion"},{"floor":16,"key":"ElixirPotion"},{"floor":20,"key":"Strength Potion"},{"floor":25,"key":"Energy Potion"}],"is_trial":false,"path_per_floor":["M","?","M","$","?","E","M","?","T","R","?","R","M","$","R","B",null,"M","?","M","?","?","E","R","M","T","E","?","R","M","M"],"character_chosen":"IRONCLAD","items_purchased":["Feel No Pain","Havoc","ReplayTheSpireMod:CursedCoin","Armaments"],"campfire_rested":2,"item_purchase_floors":[4,4,14,14],"current_hp_per_floor":[80,80,80,80,80,35,41,25,25,49,49,49,49,49,49,21,80,66,66,65,70,70,17,42,54,54,52,52,52,57,0,0],"gold":401,"neow_bonus":"THREE_CARDS","is_daily":false,"chose_seed":false,"campfire_upgraded":2,"win_rate":0.0,"timestamp":1609701123,"path_taken":["M","?","?","$","?","E","M","?","T","R","?","R","M","$","R","BOSS","M","?","?","?","?","E","R","M","T","E","?","R","?","M"],"items_purchased_type":["Card","Card","Relic","Card"],"build_version":"2020-12-22","purchased_purges":1,"victory":false,"max_hp_per_floor":[80,80,80,80,80,80,80,80,80,80,80,80,80,80,80,80,80,80,80,80,85,85,85,85,85,85,85,85,85,85,85,85],"card_choices":[{"not_picked":["Uppercut","Wild Strike"],"picked":"ReplayTheSpireMod:Strike From Hell","floor":0},{"not_picked":["Blood for Blood","Inflame"],"picked":"Clash","floor":1},{"not_picked":["Wild Strike","Headbutt"],"picked":"hubris:CleavingFinish","floor":3},{"not_picked":["Bloodletting","hubris:ReadiedAction"],"picked":"Metallicize","floor":6},{"not_picked":["Body Slam","Entrench"],"picked":"Twin Strike","floor":7},{"not_picked":["ReplayReversal","Thunderclap"],"picked":"Anger","floor":13},{"not_picked":["Impervious","Limit Break"],"picked":"Eclipse","floor":16},{"not_picked":["Armaments","Warcry"],"picked":"hubris:SharpeningStone+1","floor":18},{"not_picked":["Second Wind","Fire Breathing"],"picked":"Rage+1","floor":20},{"not_picked":["Power Through","hubris:ReadiedAction"],"picked":"Hemogenesis","floor":23},{"not_picked":["Headbutt+1","Pommel Strike+1"],"picked":"ReplayTheSpireMod:Stacked","floor":25},{"not_picked":["hubris:StunningStrike","Anger+1"],"picked":"Armaments+1","floor":27},{"not_picked":["Hemokinesis","Spot Weakness"],"picked":"Body Slam","floor":30}],"player_experience":270653,"relics_obtained":[{"floor":6,"key":"Grinning Jar"},{"floor":23,"key":"hubris:SphereOfDissonance"},{"floor":26,"key":"construct:FoamFinger"},{"floor":27,"key":"hubris:DuctTape"}],"event_choices":[{"damage_healed":0,"gold_gain":0,"player_choice":"Upgraded","damage_taken":0,"max_hp_gain":0,"max_hp_loss":0,"event_name":"Upgrade Shrine","floor":2,"gold_loss":0,"cards_upgraded":["Clash"]},{"damage_healed":0,"gold_gain":0,"player_choice":"Ignored","damage_taken":0,"max_hp_gain":0,"max_hp_loss":0,"event_name":"Liars Game","floor":5,"gold_loss":0},{"damage_healed":0,"gold_gain":0,"player_choice":"Entered Light","damage_taken":16,"max_hp_gain":0,"max_hp_loss":0,"event_name":"Shining Light","floor":8,"gold_loss":0,"cards_upgraded":["Havoc","Defend_R"]},{"damage_healed":0,"gold_gain":0,"player_choice":"2 cards matched","damage_taken":0,"max_hp_gain":0,"max_hp_loss":0,"event_name":"Match and Keep!","floor":11,"gold_loss":0,"cards_obtained":["Entrench","True Grit"]},{"damage_healed":0,"gold_gain":0,"player_choice":"Upgraded","damage_taken":0,"max_hp_gain":0,"max_hp_loss":0,"event_name":"Upgrade Shrine","floor":19,"gold_loss":0,"cards_upgraded":["Pot Of Greed"]},{"damage_healed":0,"gold_gain":0,"player_choice":"Forge","damage_taken":0,"max_hp_gain":0,"max_hp_loss":0,"event_name":"Accursed Blacksmith","floor":28,"gold_loss":0,"cards_upgraded":["hubris:DuctTapeCard"]}],"is_beta":false,"boss_relics":[{"not_picked":["Replay:Grab Bag","SlaversCollar"],"picked":"Black Blood"}],"items_purged_floors":[14],"is_endless":false,"potions_floor_spawned":[1,6,7,16,20,25],"killed_by":"theJungle:2_Flameangoes","ascension_level":4}}