{"host":"981nlwu0905dw1bz","time":1609687292,"event":{"mods":["BaseMod","DeckTracker","Minty Spire (QoL Compilation)","Rare Cards Sparkle","SuperFastMode"],"gold_per_floor":[113,27,44,44,44,44,63,63,88,98,111,138,63,36,36,132,132,151,10,25,25,25,57,57,70,70,70,70,70],"floor_reached":28,"playtime":875,"items_purged":["Regret"],"score":502,"play_id":"cc10366f-5f8d-4935-a1ac-2bf89afb2568","local_time":"20210104002132","is_ascension_mode":true,"campfire_choices":[{"data":"Hemokinesis","floor":6.0,"key":"SMITH"},{"floor":15.0,"key":"REST"},{"floor":24,"key":"REST"}],"circlet_count":0,"master_deck":["Strike_R","Strike_R","Strike_R","Strike_R","Defend_R","Defend_R","Defend_R","Defend_R","Bash","Rupture","Cleave","Hemokinesis+1","Anger","Shrug It Off","Headbutt","Armaments+1","Combust","Offering","Fire Breathing","J.A.X.+1","Limit Break+1","Iron Wave+1"],"relics":["Burning Blood","Orichalcum","Boot","Blood Vial","Ancient Tea Set","Philosopher\u0027s Stone","War Paint","Toxic Egg 2","Meat on the Bone"],"acts_visited":["Exordium","TheCity"],"potions_floor_usage":[23,23,26,28,28],"damage_taken":[{"damage":6.0,"enemies":"Cultist","floor":1.0,"turns":3.0},{"damage":2.0,"enemies":"Small Slimes","floor":3.0,"turns":2.0},{"damage":3.0,"enemies":"2 Louse","floor":7.0,"turns":2.0},{"damage":7.0,"enemies":"Large Slime","floor":10.0,"turns":5.0},{"damage":8.0,"enemies":"Looter","floor":11.0,"turns":3.0},{"damage":33.0,"enemies":"Gremlin Nob","floor":12.0,"turns":5.0},{"damage":8,"enemies":"Slime Boss","floor":16,"turns":6},{"damage":19,"enemies":"Shell Parasite","floor":18,"turns":5},{"damage":26,"enemies":"2 Thieves","floor":20,"turns":4},{"damage":59,"enemies":"Book of Stabbing","floor":23,"turns":5},{"damage":57,"enemies":"Centurion and Healer","floor":25,"turns":4},{"damage":15,"enemies":"Snake Plant","floor":28,"turns":3}],"seed_played":"-2912389126488613203","potions_obtained":[{"floor":3.0,"key":"Block Potion"},{"floor":10.0,"key":"Regen Potion"},{"floor":11.0,"key":"HeartOfIron"},{"floor":23,"key":"EntropicBrew"}],"is_trial":false,"path_per_floor":["M","$","M","?","?","R","M","?","T","M","M","E","$","?","R","B",null,"M","$","M","?","?","E","R","M","T","?","M"],"character_chosen":"IRONCLAD","items_purchased":["Hemokinesis","Anger","Fire Breathing","FairyPotion"],"campfire_rested":2,"item_purchase_floors":[2,2,19,19],"current_hp_per_floor":[72,72,76,76,73,73,76,76,76,77,77,52,52,52,76,76,79,67,67,49,49,49,12,36,12,12,12,0,0],"gold":70,"neow_bonus":"TRANSFORM_CARD","is_daily":false,"chose_seed":false,"campfire_upgraded":1,"win_rate":0.0,"timestamp":1609687292,"path_taken":["M","?","M","?","?","R","M","?","T","M","M","E","$","?","R","BOSS","M","$","M","?","?","E","R","M","T","?","M"],"items_purchased_type":["Card","Card","Card","Potion"],"build_version":"2020-12-22","purchased_purges":1,"victory":false,"max_hp_per_floor":[80,80,80,80,80,80,80,80,80,80,80,80,80,80,80,80,80,80,80,80,80,80,80,80,80,80,80,80,80],"card_choices":[{"not_picked":["Heavy Blade","Second Wind"],"picked":"Cleave","floor":1.0},{"not_picked":["Clash","Blood for Blood"],"picked":"Shrug It Off","floor":3.0},{"not_picked":["Reckless Charge","Headbutt","Havoc"],"picked":"SKIP","floor":7.0},{"not_picked":["Warcry","Second Wind"],"picked":"Headbutt","floor":10.0},{"not_picked":["Twin Strike","Clash"],"picked":"Armaments","floor":11.0},{"not_picked":["Sword Boomerang","Searing Blow"],"picked":"Combust","floor":12.0},{"not_picked":["Barricade","Fiend Fire"],"picked":"Offering","floor":16},{"not_picked":["True Grit","Pommel Strike","Perfected Strike"],"picked":"SKIP","floor":18},{"not_picked":["Searing Blow+1","Dual Wield","Pommel Strike+1"],"picked":"SKIP","floor":20},{"not_picked":["Iron Wave","Havoc+1"],"picked":"Limit Break+1","floor":23},{"not_picked":["Pommel Strike+1","Sever Soul"],"picked":"Iron Wave+1","floor":25}],"player_experience":527109,"relics_obtained":[{"floor":9.0,"key":"Blood Vial"},{"floor":12.0,"key":"Ancient Tea Set"},{"floor":23,"key":"Toxic Egg 2"},{"floor":26,"key":"Meat on the Bone"}],"event_choices":[{"damage_healed":0.0,"max_hp_gain":0.0,"max_hp_loss":0.0,"gold_gain":0.0,"event_name":"The Cleric","player_choice":"Leave","floor":4.0,"gold_loss":0.0,"damage_taken":0.0},{"damage_healed":0.0,"max_hp_gain":0.0,"max_hp_loss":0.0,"gold_gain":0.0,"event_name":"Scrap Ooze","player_choice":"Success","floor":5.0,"gold_loss":0.0,"damage_taken":3.0,"relics_obtained":["Orichalcum"]},{"damage_healed":0.0,"max_hp_gain":0.0,"max_hp_loss":0.0,"gold_gain":0.0,"event_name":"Big Fish","player_choice":"Box","floor":8.0,"gold_loss":0.0,"damage_taken":0.0,"relics_obtained":["Boot"],"cards_obtained":["Regret"]},{"damage_healed":0.0,"max_hp_gain":0.0,"max_hp_loss":0.0,"gold_gain":0.0,"event_name":"World of Goop","player_choice":"Left Gold","floor":14.0,"gold_loss":27.0,"damage_taken":0.0},{"damage_healed":0,"gold_gain":0,"player_choice":"Obtain J.A.X.","damage_taken":0,"max_hp_gain":0,"max_hp_loss":0,"event_name":"Drug Dealer","floor":21,"gold_loss":0,"cards_obtained":["J.A.X."]},{"damage_healed":0,"gold_gain":0,"player_choice":"Opened","damage_taken":0,"relics_obtained":["War Paint"],"max_hp_gain":0,"max_hp_loss":0,"event_name":"The Mausoleum","floor":22,"gold_loss":0},{"damage_healed":0,"gold_gain":0,"player_choice":"Ignored","damage_taken":0,"max_hp_gain":0,"max_hp_loss":0,"event_name":"Cursed Tome","floor":27,"gold_loss":0}],"is_beta":false,"boss_relics":[{"not_picked":["Ectoplasm","Mark of Pain"],"picked":"Philosopher\u0027s Stone"}],"items_purged_floors":[13],"is_endless":false,"potions_floor_spawned":[3,10,11,12,20,23],"killed_by":"Snake Plant","ascension_level":6}}