{"host":"qnjnvu4zn3mp0nla","time":1609644569,"event":{"mods":["BaseMod","Better Altar","Better Third Choice","BetterRewards","Colored Powertips","Minty Spire (QoL Compilation)","Permanent Neow","Shop Mod","Spicy Shops","StSLib","The Blackbeard","The Cursed","The Judge","The Necromancer","TheBandit"],"gold_per_floor":[112,112,135,82,95,95,118,118,171,187,36,36,60,135,135,255,255,279,304,29,43,43,43,43,58,58,79,79,94,94,112,112,112,112],"floor_reached":33,"playtime":1521,"items_purged":["Decay"],"score":266,"play_id":"bfa5e9df-b23e-4bc4-b22f-328e827088c8","local_time":"20210103042929","is_ascension_mode":false,"campfire_choices":[{"data":"Blade Dance","floor":6,"key":"SMITH"},{"floor":15,"key":"REST"},{"data":"Envenom","floor":23,"key":"SMITH"},{"data":"Terror","floor":28,"key":"SMITH"},{"data":"Slice","floor":30,"key":"SMITH"},{"data":"Slice","floor":32,"key":"SMITH"}],"circlet_count":0,"master_deck":["Strike_G","Strike_G","Strike_G","Strike_G","Strike_G","Defend_G","Defend_G","Defend_G","Defend_G","Survivor","Neutralize","Deflect+1","Crippling Poison","Sucker Punch","Blade Dance+1","Infinite Blades","Blade Dance","Slice+1","PiercingWail","Deadly Poison","Backstab","Envenom+1","Blade Dance","Blade Dance+1","Terror+1","Slice+1","Outmaneuver+1"],"relics":["Ring of the Snake","NeowsBlessing","Golden Idol","MealTicket","Orichalcum","WristBlade","Blood Vial","Pen Nib","White Beast Statue"],"acts_visited":["Exordium","TheCity"],"potions_floor_usage":[13,16,29,33,33,33],"damage_taken":[{"damage":0,"enemies":"Jaw Worm","floor":1,"turns":1},{"damage":0,"enemies":"Small Slimes","floor":3,"turns":1},{"damage":0,"enemies":"2 Louse","floor":5,"turns":1},{"damage":9,"enemies":"Large Slime","floor":7,"turns":6},{"damage":7,"enemies":"3 Louse","floor":10,"turns":3},{"damage":7,"enemies":"Lots of Slimes","floor":13,"turns":3},{"damage":43,"enemies":"Slime Boss","floor":16,"turns":12},{"damage":0,"enemies":"3 Byrds","floor":18,"turns":4},{"damage":6,"enemies":"2 Thieves","floor":19,"turns":4},{"damage":10,"enemies":"Snake Plant","floor":21,"turns":4},{"damage":5,"enemies":"Centurion and Healer","floor":25,"turns":5},{"damage":14,"enemies":"Shelled Parasite and Fungi","floor":27,"turns":3},{"damage":0,"enemies":"Snecko","floor":29,"turns":3},{"damage":6,"enemies":"Centurion and Healer","floor":31,"turns":3},{"damage":55,"enemies":"Collector","floor":33,"turns":8}],"seed_played":"1594588625733901027","potions_obtained":[{"floor":5,"key":"LiquidBronze"},{"floor":7,"key":"GamblersBrew"},{"floor":10,"key":"Strength Potion"},{"floor":16,"key":"Block Potion"},{"floor":21,"key":"Energy Potion"},{"floor":25,"key":"FearPotion"},{"floor":29,"key":"Explosive Potion"}],"is_trial":false,"path_per_floor":["M","?","M","$","M","R","M","?","T","M","$","?","M","?","R","B",null,"M","M","$","M","?","R","$","M","T","M","R","M","R","M","R","B"],"character_chosen":"THE_SILENT","items_purchased":["Sucker Punch","Orichalcum","Blood Vial","Backstab","Envenom"],"campfire_rested":1,"item_purchase_floors":[4,11,20,20,20],"current_hp_per_floor":[70,65,65,65,65,65,56,49,49,42,57,57,50,39,58,15,65,65,59,65,55,55,55,65,60,60,48,48,50,50,46,46,0,0],"gold":112,"neow_bonus":"THREE_ENEMY_KILL","is_daily":false,"chose_seed":false,"campfire_upgraded":5,"win_rate":0.0,"timestamp":1609644569,"path_taken":["M","?","M","$","M","R","M","?","T","M","$","?","M","?","R","BOSS","M","M","$","M","?","R","$","M","T","M","R","M","R","M","R","BOSS"],"items_purchased_type":["Card","Relic","Relic","Card","Card"],"build_version":"2020-12-22","purchased_purges":1,"victory":false,"max_hp_per_floor":[70,65,65,65,65,65,65,65,65,65,65,65,65,65,65,65,65,65,65,65,65,65,65,65,65,65,65,65,65,65,65,65,65,65],"card_choices":[{"not_picked":["Dodge and Roll","Masterful Stab"],"picked":"Deflect","floor":1},{"not_picked":["Predator","Underhanded Strike"],"picked":"Crippling Poison","floor":3},{"not_picked":["Caltrops","Well Laid Plans"],"picked":"Blade Dance","floor":5},{"not_picked":["Underhanded Strike","Poisoned Stab"],"picked":"Infinite Blades","floor":7},{"not_picked":["Masterful Stab","Sucker Punch"],"picked":"Blade Dance","floor":10},{"not_picked":["Outmaneuver","After Image"],"picked":"Slice","floor":13},{"not_picked":["Well Laid Plans","Deflect"],"picked":"PiercingWail","floor":18},{"not_picked":["Acrobatics+1","Heel Hook"],"picked":"Deadly Poison","floor":19},{"not_picked":["Deflect","Bouncing Flask+1"],"picked":"Blade Dance","floor":21},{"not_picked":["Poisoned Stab","Flying Knee+1"],"picked":"Blade Dance+1","floor":25},{"not_picked":["Burst","Underhanded Strike+1"],"picked":"Terror","floor":27},{"not_picked":["Poisoned Stab","Outmaneuver"],"picked":"Slice","floor":29},{"not_picked":["Deadly Poison","Dagger Throw+1"],"picked":"Outmaneuver+1","floor":31}],"player_experience":23641,"relics_obtained":[{"floor":9,"key":"MealTicket"},{"floor":26,"key":"White Beast Statue"}],"event_choices":[{"damage_healed":0,"gold_gain":0,"player_choice":"Lose Max HP","damage_taken":0,"relics_obtained":["Golden Idol"],"max_hp_gain":0,"max_hp_loss":5,"event_name":"Golden Idol","floor":2,"gold_loss":0},{"cards_removed":["Defend_G"],"damage_healed":0,"gold_gain":0,"player_choice":"Card Removal","damage_taken":7,"max_hp_gain":0,"max_hp_loss":0,"event_name":"Golden Wing","floor":8,"gold_loss":0},{"damage_healed":0,"gold_gain":0,"player_choice":"Grow","damage_taken":0,"max_hp_gain":0,"max_hp_loss":0,"event_name":"Living Wall","floor":12,"gold_loss":0,"cards_upgraded":["Deflect"]},{"damage_healed":0,"gold_gain":75,"player_choice":"Gold","damage_taken":11,"max_hp_gain":0,"max_hp_loss":0,"event_name":"betterThird:BetterGoop","floor":14,"gold_loss":0},{"damage_healed":0,"gold_gain":0,"player_choice":"Opened","damage_taken":0,"relics_obtained":["Pen Nib"],"max_hp_gain":0,"max_hp_loss":0,"event_name":"The Mausoleum","floor":22,"gold_loss":0}],"is_beta":false,"boss_relics":[{"not_picked":["Philosopher\u0027s Stone","Ectoplasm"],"picked":"WristBlade"}],"items_purged_floors":[20],"is_endless":false,"potions_floor_spawned":[5,7,10,16,21,25,27,29,31],"killed_by":"Collector","ascension_level":0}}