{"host":"1hzg86ju9fvxh562","time":1609691799,"event":{"mods":["AchievementEnabler","Act Like it!","AlwaysNeverKeys","BaseMod","Bestiary","Better Altar","Better Match","Better Note","Better Sensory Stone","Better Skull","Better Third Choice","Colored Map","Colored Powertips","Curses Come First","Displayed Cursed Tome","Filter the Spire","Highlight Path","Keyboard Shortcuts","Minty Spire (QoL Compilation)","Rare Cards Sparkle","Relic Sorter","Relic Stats","Spicy Shops","StSLib","everything is the same but u backflip on backflip","slay the spire mod where everything is the same but ironclad has a cowboy hat"],"gold_per_floor":[109,34,48,48,13,47,47,75,75,75,75,105,117,135,135,232,232,243,243,158,158,177,212,212,238,262,262,293,293,308,318,318,420,420,430,430,430,440,455,484,504,184,184,211,11,26,26,37,37,37,37,37,37,65,65],"floor_reached":56,"playtime":6996,"items_purged":["Steam+1","Glacier","Clumsy"],"score":2008,"play_id":"e34783c3-8c1b-4728-a837-f0fd31eca97a","local_time":"20210103143639","is_ascension_mode":true,"campfire_choices":[{"data":"Zap","floor":7.0,"key":"SMITH"},{"data":"Coolheaded","floor":10.0,"key":"SMITH"},{"data":"Coolheaded","floor":15.0,"key":"SMITH"},{"data":"Loop","floor":24.0,"key":"SMITH"},{"data":"Sunder","floor":29.0,"key":"SMITH"},{"data":"Capacitor","floor":32.0,"key":"SMITH"},{"floor":47,"key":"RECALL"},{"data":"Coolheaded","floor":49,"key":"SMITH"},{"data":"Echo Form","floor":52,"key":"SMITH"}],"circlet_count":0,"master_deck":["AscendersBane","Zap+1","Dualcast+1","Hologram+1","Glacier+1","Glacier+1","Core Surge+1","Sweeping Beam","Coolheaded+1","Coolheaded+1","Coolheaded+1","Machine Learning","Biased Cognition","Loop+1","Machine Learning","Gash","Capacitor+1","Biased Cognition","Storm+1","Echo Form+1","Capacitor"],"relics":["Astrolabe","Meat on the Bone","Letter Opener","Centennial Puzzle","War Paint","Cursed Key","HornCleat","Singing Bowl","Nunchaku","Smiling Mask","Ancient Tea Set","Empty Cage","White Beast Statue","Toolbox","Orrery","Kunai","OrangePellets","Art of War"],"acts_visited":["Exordium","TheCity","TheBeyond","TheEnding"],"potions_floor_usage":[46,50,55],"damage_taken":[{"damage":0.0,"enemies":"Cultist","floor":1.0,"turns":5.0},{"damage":1.0,"enemies":"Jaw Worm","floor":3.0,"turns":5.0},{"damage":19.0,"enemies":"Lagavulin","floor":6.0,"turns":11.0},{"damage":28.0,"enemies":"Gremlin Nob","floor":8.0,"turns":6.0},{"damage":6.0,"enemies":"Lagavulin","floor":12.0,"turns":6.0},{"damage":0.0,"enemies":"2 Louse","floor":13.0,"turns":2.0},{"damage":5.0,"enemies":"Exordium Thugs","floor":14.0,"turns":4.0},{"damage":2.0,"enemies":"Slime Boss","floor":16.0,"turns":15.0},{"damage":0.0,"enemies":"Spheric Guardian","floor":18.0,"turns":4.0},{"damage":0.0,"enemies":"Shell Parasite","floor":22.0,"turns":4.0},{"damage":0.0,"enemies":"Slavers","floor":23.0,"turns":8.0},{"damage":0.0,"enemies":"Gremlin Leader","floor":25.0,"turns":9.0},{"damage":4.0,"enemies":"Slavers","floor":28.0,"turns":8.0},{"damage":7.0,"enemies":"Cultist and Chosen","floor":30.0,"turns":3.0},{"damage":0.0,"enemies":"Snecko","floor":31.0,"turns":6.0},{"damage":3.0,"enemies":"Collector","floor":33.0,"turns":11.0},{"damage":4.0,"enemies":"Orb Walker","floor":35.0,"turns":4.0},{"damage":0.0,"enemies":"3 Shapes","floor":38.0,"turns":3.0},{"damage":0.0,"enemies":"Spire Growth","floor":39.0,"turns":4.0},{"damage":0.0,"enemies":"Nemesis","floor":40.0,"turns":7.0},{"damage":1.0,"enemies":"4 Shapes","floor":41.0,"turns":4.0},{"damage":0,"enemies":"Giant Head","floor":44,"turns":6},{"damage":24,"enemies":"Transient","floor":46,"turns":5},{"damage":0,"enemies":"Maw","floor":48,"turns":4},{"damage":13,"enemies":"Awakened One","floor":50,"turns":8},{"damage":62,"enemies":"Shield and Spear","floor":54,"turns":6},{"damage":25,"enemies":"The Heart","floor":55,"turns":10}],"seed_played":"4543802909208028580","potions_obtained":[{"floor":6.0,"key":"LiquidBronze"},{"floor":12.0,"key":"Weak Potion"},{"floor":13.0,"key":"DuplicationPotion"},{"floor":16.0,"key":"PotionOfCapacity"},{"floor":18.0,"key":"SteroidPotion"},{"floor":22.0,"key":"Block Potion"},{"floor":23.0,"key":"Regen Potion"},{"floor":33.0,"key":"Weak Potion"},{"floor":46,"key":"SmokeBomb"},{"floor":54,"key":"DistilledChaos"}],"is_trial":false,"path_per_floor":["M","?","M","?","?","E","R","E","T","R","?","E","M","M","R","B",null,"M","?","?","T","M","E","R","E","T","?","E","R","M","M","R","B",null,"M","?","?","M","M","E","M","$","T","E","$","M","R","M","R","B",null,"R","$","E","B",null],"character_chosen":"DEFECT","items_purchased":["Toolbox","Orrery","OrangePellets"],"campfire_rested":0,"item_purchase_floors":[42,42,45],"current_hp_per_floor":[68,68,67,60,75,56,56,40,40,40,40,46,46,41,41,39,66,66,66,66,66,66,68,68,68,68,68,79,79,72,74,74,71,79,75,75,75,77,79,81,82,88,88,90,90,68,68,70,70,57,90,90,90,42,29],"gold":65,"neow_bonus":"BOSS_RELIC","is_daily":false,"chose_seed":false,"campfire_upgraded":8,"win_rate":0.0,"timestamp":1609691799,"path_taken":["M","?","M","?","?","E","R","E","T","R","?","E","M","M","R","BOSS","M","?","?","?","?","E","R","E","T","?","E","R","M","M","R","BOSS","M","?","?","M","M","E","?","$","T","E","?","?","R","M","R","BOSS","R","$","E","BOSS"],"items_purchased_type":["Relic","Relic","Relic"],"build_version":"2020-12-22","purchased_purges":3,"victory":true,"max_hp_per_floor":[75,75,75,75,75,75,75,75,75,75,75,75,75,75,75,75,75,75,75,75,75,75,77,77,77,77,77,79,79,79,81,81,81,81,81,81,81,83,85,87,89,95,95,97,97,99,99,101,101,101,101,101,101,103,103],"relic_stats":{"Singing Bowl":28,"counters":[27,167],"Astrolabe":["Hologram","Glacier","Steam"],"Letter Opener":[576],"War Paint":["Glacier","Defend_B"],"Cursed Key":2,"Smiling Mask":150,"OrangePellets":[12],"Centennial Puzzle":[36],"Nunchaku":[13],"Art of War":[1],"Kunai":[11],"obtain_stats":[{"Singing Bowl":23,"Astrolabe":0,"Letter Opener":8,"War Paint":12,"Cursed Key":17,"Smiling Mask":26,"Ancient Tea Set":28,"Empty Cage":34,"White Beast Statue":40,"OrangePellets":45,"Centennial Puzzle":9,"Nunchaku":25,"HornCleat":20,"Toolbox":42,"Orrery":42,"Art of War":54,"Kunai":44,"Cracked Core":0,"Meat on the Bone":6},{"Singing Bowl":11,"Astrolabe":0,"Letter Opener":4,"War Paint":5,"Cursed Key":8,"Smiling Mask":12,"Ancient Tea Set":13,"Empty Cage":16,"White Beast Statue":20,"OrangePellets":22,"Centennial Puzzle":4,"Nunchaku":12,"HornCleat":9,"Toolbox":21,"Orrery":21,"Art of War":26,"Kunai":22,"Cracked Core":0,"Meat on the Bone":3},{"Singing Bowl":70,"Astrolabe":0,"Letter Opener":27,"War Paint":33,"Cursed Key":54,"Smiling Mask":78,"Ancient Tea Set":86,"Empty Cage":106,"White Beast Statue":124,"OrangePellets":134,"Centennial Puzzle":27,"Nunchaku":78,"HornCleat":58,"Toolbox":128,"Orrery":128,"Art of War":157,"Kunai":134,"Cracked Core":0,"Meat on the Bone":21}],"Meat on the Bone":48},"card_choices":[{"not_picked":["Coolheaded","Blizzard"],"picked":"Glacier","floor":1.0},{"not_picked":["Amplify+1","All For One+1"],"picked":"Core Surge+1","floor":2.0},{"not_picked":["BootSequence","Coolheaded"],"picked":"Sweeping Beam","floor":3.0},{"not_picked":["Aggregate","Stack","Rebound"],"picked":"SKIP","floor":6.0},{"not_picked":["Stack","Consume"],"picked":"Coolheaded","floor":8.0},{"not_picked":["Rainbow","Cold Snap","Barrage"],"picked":"SKIP","floor":12.0},{"not_picked":["Go for the Eyes","Turbo"],"picked":"Coolheaded","floor":13.0},{"not_picked":["Hologram","Steam Power"],"picked":"Coolheaded","floor":14.0},{"not_picked":["Buffer","Thunder Strike"],"picked":"Machine Learning","floor":16.0},{"not_picked":["Redo","Aggregate"],"picked":"Sunder","floor":18.0},{"not_picked":["Compile Driver","Turbo"],"picked":"Loop","floor":22.0},{"not_picked":["Steam+1","Redo","Stack+1"],"picked":"Singing Bowl","floor":23.0},{"not_picked":["Double Energy","Tempest"],"picked":"Machine Learning","floor":25.0},{"not_picked":["Streamline","Doom and Gloom","Skim+1"],"picked":"Singing Bowl","floor":28.0},{"not_picked":["Aggregate","Hologram"],"picked":"Capacitor","floor":30.0},{"not_picked":["Rebound","Streamline","Cold Snap"],"picked":"Singing Bowl","floor":31.0},{"not_picked":["Hyperbeam","Meteor Strike"],"picked":"Biased Cognition","floor":33.0},{"not_picked":["Aggregate","Conserve Battery"],"picked":"Storm+1","floor":35.0},{"not_picked":["Stack","Turbo+1","Heatsinks"],"picked":"Singing Bowl","floor":38.0},{"not_picked":["Cold Snap","Coolheaded","BootSequence"],"picked":"Singing Bowl","floor":39.0},{"not_picked":["Conserve Battery","Ball Lightning","Beam Cell"],"picked":"Singing Bowl","floor":40.0},{"not_picked":["Auto Shields+1","Coolheaded","Force Field"],"picked":"Singing Bowl","floor":41.0},{"not_picked":["Hologram+1","Force Field"],"picked":"Echo Form","floor":42.0},{"not_picked":["Streamline","Beam Cell","Stack"],"picked":"Singing Bowl","floor":42.0},{"not_picked":["Static Discharge","Beam Cell+1","Streamline"],"picked":"Singing Bowl","floor":42.0},{"not_picked":["Scrape+1","Rebound","Hello World"],"picked":"Singing Bowl","floor":42.0},{"not_picked":["Aggregate+1","BootSequence"],"picked":"Capacitor","floor":42.0},{"not_picked":["Sweeping Beam+1","Undo","Double Energy+1"],"picked":"Singing Bowl","floor":44},{"not_picked":["Cold Snap","Rip and Tear","Coolheaded"],"picked":"Singing Bowl","floor":46},{"not_picked":["Ball Lightning","Storm","Coolheaded+1"],"picked":"Singing Bowl","floor":48},{"not_picked":["Force Field","Scrape","Glacier+1"],"picked":"Singing Bowl","floor":54}],"player_experience":415722,"relics_obtained":[{"floor":6.0,"key":"Meat on the Bone"},{"floor":8.0,"key":"Letter Opener"},{"floor":9.0,"key":"Centennial Puzzle"},{"floor":12.0,"key":"War Paint"},{"floor":23.0,"key":"Singing Bowl"},{"floor":25.0,"key":"Nunchaku"},{"floor":26.0,"key":"Smiling Mask"},{"floor":28.0,"key":"Ancient Tea Set"},{"floor":40.0,"key":"White Beast Statue"},{"floor":44,"key":"Kunai"},{"floor":54,"key":"Art of War"}],"event_choices":[{"damage_healed":0.0,"max_hp_gain":0.0,"max_hp_loss":0.0,"gold_gain":0.0,"event_name":"betterMatch:BetterMatch","player_choice":"2","floor":2.0,"gold_loss":0.0,"damage_taken":0.0,"cards_obtained":["betterMatch:RareCard"]},{"cards_removed":["Defend_B"],"damage_healed":0.0,"max_hp_gain":0.0,"max_hp_loss":0.0,"gold_gain":0.0,"event_name":"Golden Wing","player_choice":"Card Removal","floor":4.0,"gold_loss":0.0,"damage_taken":7.0},{"damage_healed":18.0,"max_hp_gain":0.0,"max_hp_loss":0.0,"gold_gain":0.0,"event_name":"The Cleric","player_choice":"Healed","floor":5.0,"gold_loss":35.0,"damage_taken":0.0},{"damage_healed":0.0,"max_hp_gain":0.0,"max_hp_loss":0.0,"gold_gain":0.0,"event_name":"Accursed Blacksmith","player_choice":"Forge","floor":11.0,"gold_loss":0.0,"damage_taken":0.0,"cards_upgraded":["Dualcast"]},{"damage_healed":0.0,"max_hp_gain":0.0,"max_hp_loss":0.0,"gold_gain":0.0,"cards_transformed":["Defend_B","Strike_B"],"event_name":"Drug Dealer","player_choice":"Became Test Subject","floor":19.0,"gold_loss":0.0,"damage_taken":0.0,"cards_obtained":["Glacier","Biased Cognition"]},{"damage_healed":0.0,"max_hp_gain":0.0,"max_hp_loss":0.0,"gold_gain":0.0,"event_name":"Addict","player_choice":"Obtained Relic","floor":20.0,"gold_loss":85.0,"damage_taken":0.0,"relics_obtained":["HornCleat"]},{"damage_healed":0.0,"max_hp_gain":0.0,"max_hp_loss":0.0,"gold_gain":0.0,"cards_transformed":["Strike_B"],"event_name":"Transmorgrifier","player_choice":"Transformed","floor":27.0,"gold_loss":0.0,"damage_taken":0.0,"cards_obtained":["Gash"]},{"cards_removed":["Sunder"],"damage_healed":0.0,"max_hp_gain":0.0,"max_hp_loss":0.0,"gold_gain":0.0,"event_name":"Falling","player_choice":"Removed Attack","floor":36.0,"gold_loss":0.0,"damage_taken":0.0},{"damage_healed":0.0,"max_hp_gain":0.0,"max_hp_loss":0.0,"gold_gain":0.0,"event_name":"Tomb of Lord Red Mask","player_choice":"Ignored","floor":37.0,"gold_loss":0.0,"damage_taken":0.0}],"is_beta":false,"boss_relics":[{"not_picked":["Tiny House","Sozu"],"picked":"Cursed Key"},{"not_picked":["Snecko Eye","Nuclear Battery"],"picked":"Empty Cage"}],"items_purged_floors":[42,42,45],"is_endless":false,"potions_floor_spawned":[6,12,13,16,18,22,23,33,35,38,41,44,46,48,54],"ascension_level":12}}