{"host":"0uq96t1uheyb4dgu","time":1609679305,"event":{"mods":["Act Like it!","BaseMod","Conspire","Downfall","Hermit","Hubris","Minty Spire (QoL Compilation)","Quick Restart","StSLib","The Bug Knight","The Cursed","The Disciple","The Hierophant","The Necromancer","The Poker Player","The Runesmith"],"gold_per_floor":[99,110,122,122,90,90,90,109,124,142,142,242,70,70,70,70],"floor_reached":14,"playtime":1262,"items_purged":[],"score":82,"play_id":"b3a6024e-10e5-42ff-995b-ff86e65db5b2","local_time":"20210103200825","is_ascension_mode":false,"campfire_choices":[{"data":"Slimebound:Split","floor":1,"key":"SMITH"},{"data":"Slimebound:SamplingLick","floor":6,"key":"SMITH"}],"circlet_count":0,"master_deck":["Slimebound:Strike_Slimebound","Slimebound:Strike_Slimebound","Slimebound:Strike_Slimebound","Slimebound:Tackle","Slimebound:Defend_Slimebound","Slimebound:Defend_Slimebound","Slimebound:Defend_Slimebound","Slimebound:Defend_Slimebound","Slimebound:Split+1","Slimebound:CorrosiveSpit","Slimebound:SamplingLick+1","Slimebound:RollThrough","Slimebound:Equalize","Slimebound:SplitLeeching","Slimebound:LeechEnergy","Slimebound:ProtectTheBoss","Slimebound:LeechingTouch","Slimebound:ItLooksTasty","Slimebound:Replication","Slimebound:ViciousTackle"],"relics":["Slimebound:AbsorbEndCombat","hubris:Icosahedron","Slimebound:ScrapOozeRelic","downfall:GremlinWheel"],"acts_visited":["Exordium"],"potions_floor_usage":[],"damage_taken":[{"damage":10,"enemies":"2 Louse","floor":2,"turns":4},{"damage":8,"enemies":"Small Slimes","floor":3,"turns":4},{"damage":8,"enemies":"Cultist","floor":5,"turns":3},{"damage":24,"enemies":"Large Slime","floor":8,"turns":5},{"damage":8,"enemies":"2 Fungi Beasts","floor":9,"turns":4},{"damage":20,"enemies":"3 Louse","floor":10,"turns":3},{"damage":28,"enemies":"3 Louse","floor":12,"turns":4},{"damage":16,"enemies":"downfall:FleeingMerchant","floor":13,"turns":4},{"damage":69,"enemies":"Gremlin Nob","floor":14,"turns":4}],"seed_played":"3624126879425243020","potions_obtained":[{"floor":2,"key":"AttackPotion"},{"floor":10,"key":"Energy Potion"}],"is_trial":false,"path_per_floor":["R","M","M","?","M","R","T","M","M","M","?","?","$","E"],"character_chosen":"SLIMEBOUND","items_purchased":["Slimebound:ItLooksTasty","Slimebound:Replication","Slimebound:ViciousTackle"],"campfire_rested":0,"item_purchase_floors":[13,13,13],"current_hp_per_floor":[66,66,66,66,66,66,66,56,62,54,54,42,50,0,0,0],"gold":70,"neow_bonus":"TEN_PERCENT_HP_BONUS","is_daily":false,"chose_seed":false,"campfire_upgraded":2,"win_rate":0.0,"timestamp":1609679305,"path_taken":["R","M","M","?","M","R","T","M","M","M","?","?","$","E"],"items_purchased_type":["Card","Card","Card"],"build_version":"2020-12-22","purchased_purges":0,"victory":false,"max_hp_per_floor":[66,66,66,66,66,66,66,66,66,66,66,66,66,66,66,66],"card_choices":[{"not_picked":["Slimebound:MegaLick","Slimebound:SplitAcid"],"picked":"Slimebound:SamplingLick","floor":2},{"not_picked":["Slimebound:Schlurp","Slimebound:Replication"],"picked":"Slimebound:RollThrough","floor":3},{"not_picked":["Slimebound:PressTheAttack","Slimebound:Replication"],"picked":"Slimebound:Equalize","floor":5},{"not_picked":["Slimebound:GoopSpray","Slimebound:GrowthPunch"],"picked":"Slimebound:SplitLeeching","floor":8},{"not_picked":["Slimebound:SlimeBarrage","Slimebound:RollThrough"],"picked":"Slimebound:LeechEnergy","floor":9},{"not_picked":["Slimebound:FinishingTackle","Slimebound:Teamwork"],"picked":"Slimebound:ProtectTheBoss","floor":10},{"not_picked":["Slimebound:SplitAcid","Slimebound:LivingWall"],"picked":"Slimebound:LeechingTouch","floor":13}],"player_experience":21590,"relics_obtained":[{"floor":7,"key":"conspire:TopHat"},{"floor":12,"key":"downfall:GremlinWheel"}],"event_choices":[],"is_beta":false,"boss_relics":[],"items_purged_floors":[],"is_endless":false,"potions_floor_spawned":[2,10],"killed_by":"Gremlin Nob","ascension_level":0}}