{"host":"¿à÷økuyou","time":1609678343,"event":{"mods":["ATMod(°¢èªMod)","Act Like it!","BaseMod","BetterRewards","Minty Spire (QoL Compilation)","Quick Restart","StSLib"],"gold_per_floor":[113,188,207,207,217,217,217,147,196,211,64,64,14,33,33,131,131,145,145,164,180,180,207,307,307,332,332,332],"floor_reached":27,"playtime":640,"items_purged":["Strike_B"],"score":335,"play_id":"c3dfc9f4-9c8f-4650-8ccf-83a8e764b79f","local_time":"20210103205223","is_ascension_mode":true,"campfire_choices":[{"data":"Coolheaded","floor":7.0,"key":"SMITH"},{"data":"Defragment","floor":15,"key":"SMITH"},{"floor":25,"key":"REST"}],"circlet_count":0,"master_deck":["Strike_B","Strike_B","Defend_B","Defend_B","Defend_B","Defend_B+1","Zap","Dualcast","AT_FamilyPortrait+1","Coolheaded+1","Coolheaded","Defragment+1","Electrodynamics","White Noise","White Noise","Decay","BootSequence+1"],"relics":["AT_ATBox","Sozu","Bag of Marbles","AT_SunfireAegis","Black Star","Enchiridion","Toy Ornithopter","Lantern","AT_BellDemon"],"acts_visited":["Exordium","TheCity"],"potions_floor_usage":[],"damage_taken":[{"damage":2.0,"enemies":"Jaw Worm","floor":1.0,"turns":3.0},{"damage":2.0,"enemies":"Small Slimes","floor":3.0,"turns":3.0},{"damage":2.0,"enemies":"Cultist","floor":5.0,"turns":3.0},{"damage":7.0,"enemies":"3 Sentries","floor":6.0,"turns":3.0},{"damage":0.0,"enemies":"Exordium Wildlife","floor":10.0,"turns":3.0},{"damage":0,"enemies":"Looter","floor":14,"turns":2},{"damage":13,"enemies":"Slime Boss","floor":16,"turns":6},{"damage":6,"enemies":"Chosen","floor":18,"turns":5},{"damage":1,"enemies":"Shell Parasite","floor":20,"turns":5},{"damage":24,"enemies":"Centurion and Healer","floor":21,"turns":3},{"damage":3,"enemies":"Gremlin Leader","floor":23,"turns":5},{"damage":41,"enemies":"Book of Stabbing","floor":27,"turns":2}],"seed_played":"7929800713201324558","potions_obtained":[],"is_trial":false,"path_per_floor":["M","?","M","?","M","E","R","?","T","M","$","?","?","M","R","B",null,"M","?","M","M","?","E","?","R","T","E"],"character_chosen":"DEFECT","items_purchased":["Defragment"],"campfire_rested":1,"item_purchase_floors":[11],"current_hp_per_floor":[66,55,53,46,44,37,37,37,37,37,37,37,37,37,37,24,62,56,40,39,15,15,12,12,34,34,0,0],"gold":332,"neow_bonus":"BOSS_RELIC","is_daily":false,"chose_seed":false,"campfire_upgraded":2,"win_rate":0.0,"timestamp":1609678343,"path_taken":["M","?","M","?","M","E","?","?","T","?","$","?","?","M","R","BOSS","M","?","M","M","?","E","?","R","T","E"],"items_purchased_type":["Card"],"build_version":"2020-12-18","purchased_purges":1,"victory":false,"max_hp_per_floor":[75,75,75,75,75,75,75,75,75,75,75,75,75,75,75,75,75,75,75,75,75,75,75,75,75,75,75,75],"card_choices":[{"not_picked":["Go for the Eyes","Conserve Battery"],"picked":"Coolheaded","floor":1.0},{"not_picked":["Compile Driver","Ball Lightning"],"picked":"Coolheaded","floor":3.0},{"not_picked":["Steam Power","Fusion","Steam"],"picked":"SKIP","floor":5.0},{"not_picked":["Sweeping Beam","Steam","Coolheaded"],"picked":"SKIP","floor":10.0},{"not_picked":["Lockon","Double Energy","Chaos"],"picked":"SKIP","floor":14},{"not_picked":["Rainbow","Reboot"],"picked":"Electrodynamics","floor":16},{"not_picked":["Leap","Sweeping Beam+1"],"picked":"White Noise","floor":18},{"not_picked":["AT_StudyProgram+1","Sunder"],"picked":"White Noise","floor":20},{"not_picked":["Fusion","Barrage","Lockon"],"picked":"SKIP","floor":21},{"not_picked":["Force Field","AT_HeatAcrobatics"],"picked":"BootSequence+1","floor":23}],"player_experience":158500,"relics_obtained":[{"floor":19,"key":"Enchiridion"},{"floor":23,"key":"Toy Ornithopter"},{"floor":23,"key":"Lantern"},{"floor":26,"key":"AT_BellDemon"}],"event_choices":[{"damage_healed":0.0,"max_hp_gain":0.0,"max_hp_loss":0.0,"gold_gain":75.0,"event_name":"World of Goop","player_choice":"Gather Gold","floor":2.0,"gold_loss":0.0,"damage_taken":11.0},{"damage_healed":0.0,"max_hp_gain":0.0,"max_hp_loss":0.0,"gold_gain":0.0,"event_name":"Scrap Ooze","player_choice":"Success","floor":4.0,"gold_loss":0.0,"damage_taken":7.0,"relics_obtained":["Bag of Marbles"]},{"damage_healed":0.0,"max_hp_gain":0.0,"max_hp_loss":0.0,"gold_gain":0.0,"event_name":"WeMeetAgain","player_choice":"Paid Gold","floor":8.0,"gold_loss":70.0,"damage_taken":0.0,"relics_obtained":["AT_SunfireAegis"]},{"damage_healed":0,"gold_gain":0,"player_choice":"Grow","damage_taken":0,"max_hp_gain":0,"max_hp_loss":0,"event_name":"Living Wall","floor":12,"gold_loss":0,"cards_upgraded":["AT_FamilyPortrait"]},{"cards_removed":["Strike_B"],"damage_healed":0,"gold_gain":0,"player_choice":"Card Removal","damage_taken":0,"max_hp_gain":0,"max_hp_loss":0,"event_name":"The Cleric","floor":13,"gold_loss":50},{"damage_healed":0,"gold_gain":0,"player_choice":"Obtained Book","damage_taken":16,"max_hp_gain":0,"max_hp_loss":0,"event_name":"Cursed Tome","floor":19,"gold_loss":0},{"damage_healed":0,"gold_gain":0,"player_choice":"Smashed Altar","damage_taken":0,"max_hp_gain":0,"max_hp_loss":0,"event_name":"Forgotten Altar","floor":22,"gold_loss":0,"cards_obtained":["Decay"]},{"damage_healed":0,"gold_gain":100,"player_choice":"Pray","damage_taken":0,"max_hp_gain":0,"max_hp_loss":0,"event_name":"Golden Shrine","floor":24,"gold_loss":0}],"is_beta":true,"boss_relics":[{"not_picked":["Calling Bell","Snecko Eye"],"picked":"Black Star"}],"items_purged_floors":[11],"is_endless":false,"potions_floor_spawned":[1,5,20,21],"killed_by":"Book of Stabbing","ascension_level":9}}