{"host":"rolltorest","time":1609709299,"event":{"mods":["BaseMod","Minty Spire (QoL Compilation)","Relic Stats","Robot Space Explorer","Slay the Relics Exporter","StSLib"],"gold_per_floor":[111,186,201,181,194,220,220,220,220,247,21,47,65,108,108,231,231,252,252,291,291,304,342,441,441,441],"floor_reached":25,"playtime":733,"items_purged":[],"score":352,"play_id":"49c0aca7-cfe7-421c-8352-7e7a2aeb3d0b","local_time":"20210103132819","is_ascension_mode":true,"campfire_choices":[{"data":"RobotSpaceExplorer:ShockMissile","floor":7,"key":"SMITH"},{"data":"RobotSpaceExplorer:Arsenal","floor":15,"key":"SMITH"}],"circlet_count":0,"master_deck":["AscendersBane","RobotSpaceExplorer:Strike","RobotSpaceExplorer:Strike","RobotSpaceExplorer:Strike","RobotSpaceExplorer:Strike","RobotSpaceExplorer:Defend","RobotSpaceExplorer:Defend","RobotSpaceExplorer:Defend","RobotSpaceExplorer:Defend","RobotSpaceExplorer:Scan","RobotSpaceExplorer:MiniLasers","RobotSpaceExplorer:MetalStrike","RobotSpaceExplorer:SlimeMissile","RobotSpaceExplorer:ShockMissile+1","RobotSpaceExplorer:SlimeMissile","RobotSpaceExplorer:StarLightning","RobotSpaceExplorer:Arsenal+1","RobotSpaceExplorer:ShockMissile","RobotSpaceExplorer:Fix"],"relics":["RobotSpaceExplorer:TurboCore","NeowsBlessing","Matryoshka","Golden Idol","White Beast Statue","Meat on the Bone","Juzu Bracelet","Nunchaku","Vajra","Odd Mushroom","Happy Flower","Red Mask","HornCleat"],"acts_visited":["Exordium","TheCity"],"potions_floor_usage":[6,16,18],"damage_taken":[{"damage":0,"enemies":"Cultist","floor":1,"turns":1},{"damage":0,"enemies":"Jaw Worm","floor":3,"turns":1},{"damage":0,"enemies":"2 Louse","floor":5,"turns":1},{"damage":6,"enemies":"Lagavulin","floor":6,"turns":7},{"damage":10,"enemies":"The Mushroom Lair","floor":12,"turns":4},{"damage":7,"enemies":"Blue Slaver","floor":13,"turns":3},{"damage":9,"enemies":"Gremlin Nob","floor":14,"turns":3},{"damage":13,"enemies":"Hexaghost","floor":16,"turns":10},{"damage":0,"enemies":"2 Thieves","floor":18,"turns":2},{"damage":18,"enemies":"Masked Bandits","floor":20,"turns":4},{"damage":6,"enemies":"Shell Parasite","floor":22,"turns":5},{"damage":42,"enemies":"Gremlin Leader","floor":23,"turns":7},{"damage":37,"enemies":"Slavers","floor":25,"turns":5}],"seed_played":"5369085446247559270","potions_obtained":[{"floor":3,"key":"SteroidPotion"},{"floor":4,"key":"CultistPotion"},{"floor":5,"key":"Fire Potion"},{"floor":12,"key":"Weak Potion"},{"floor":16,"key":"Explosive Potion"},{"floor":18,"key":"Strength Potion"},{"floor":20,"key":"DuplicationPotion"},{"floor":21,"key":"FairyPotion"},{"floor":21,"key":"RobotSpaceExplorer:LiquidFusion"}],"is_trial":false,"path_per_floor":["M","?","M","?","M","E","R","?","T","T","$","?","M","E","R","B",null,"M","?","?","?","M","E","?","E"],"character_chosen":"RobotSpaceExplorer","items_purchased":["Vajra","RobotSpaceExplorer:StarLightning"],"campfire_rested":0,"item_purchase_floors":[11,11],"current_hp_per_floor":[68,57,57,57,57,51,51,51,51,51,51,41,46,37,37,36,61,61,69,51,51,45,15,15,7,7],"gold":441,"neow_bonus":"THREE_ENEMY_KILL","is_daily":false,"chose_seed":false,"campfire_upgraded":2,"win_rate":0.0,"timestamp":1609709299,"path_taken":["M","?","M","?","?","E","R","?","T","?","$","?","M","E","R","BOSS","M","?","?","?","M","E","?","E"],"items_purchased_type":["Relic","Card"],"build_version":"2020-12-18","purchased_purges":0,"victory":false,"max_hp_per_floor":[75,75,75,75,75,75,75,69,69,69,69,69,69,69,69,69,69,69,69,69,69,69,69,69,69,69],"relic_stats":{"Nunchaku":[11],"Happy Flower":[11],"counters":[13,53],"Golden Idol":66,"Juzu Bracelet":2,"obtain_stats":[{"NeowsBlessing":0,"Happy Flower":14,"Golden Idol":8,"Vajra":11,"RobotSpaceExplorer:RoboCore":0,"Juzu Bracelet":10,"Odd Mushroom":12,"White Beast Statue":9,"RobotSpaceExplorer:TurboCore":17,"Nunchaku":10,"Matryoshka":6,"HornCleat":23,"Red Mask":20,"Meat on the Bone":9},{"NeowsBlessing":0,"Happy Flower":7,"Golden Idol":4,"Vajra":4,"RobotSpaceExplorer:RoboCore":0,"Juzu Bracelet":4,"Odd Mushroom":5,"White Beast Statue":4,"RobotSpaceExplorer:TurboCore":8,"Nunchaku":4,"Matryoshka":4,"HornCleat":12,"Red Mask":10,"Meat on the Bone":4},{"NeowsBlessing":0,"Happy Flower":20,"Golden Idol":10,"Vajra":10,"RobotSpaceExplorer:RoboCore":0,"Juzu Bracelet":10,"Odd Mushroom":14,"White Beast Statue":10,"RobotSpaceExplorer:TurboCore":30,"Nunchaku":10,"Matryoshka":10,"HornCleat":48,"Red Mask":36,"Meat on the Bone":10}],"Meat on the Bone":36},"card_choices":[{"not_picked":["RobotSpaceExplorer:SlimeMissile","RobotSpaceExplorer:ScrapMissile"],"picked":"RobotSpaceExplorer:MetalStrike","floor":1},{"not_picked":["RobotSpaceExplorer:GlueShot","RobotSpaceExplorer:SurgingShield"],"picked":"RobotSpaceExplorer:SlimeMissile","floor":3},{"not_picked":["RobotSpaceExplorer:GlueShot","RobotSpaceExplorer:JunkDive"],"picked":"RobotSpaceExplorer:ShockMissile","floor":5},{"not_picked":["RobotSpaceExplorer:ScrapShield","RobotSpaceExplorer:SurgingStrike"],"picked":"RobotSpaceExplorer:SlimeMissile","floor":6},{"not_picked":["RobotSpaceExplorer:SurgingShield","RobotSpaceExplorer:MetalStrike","RobotSpaceExplorer:SwiftStep"],"picked":"SKIP","floor":13},{"not_picked":["RobotSpaceExplorer:Pulsar","RobotSpaceExplorer:GlueShot"],"picked":"RobotSpaceExplorer:Arsenal","floor":14},{"not_picked":["RobotSpaceExplorer:DroneSwarm","RobotSpaceExplorer:Accelerator"],"picked":"RobotSpaceExplorer:ShockMissile","floor":16},{"not_picked":["RobotSpaceExplorer:BigMissile","RobotSpaceExplorer:Probe","RobotSpaceExplorer:Reload"],"picked":"SKIP","floor":18},{"not_picked":["RobotSpaceExplorer:Probe","RobotSpaceExplorer:Jetpack+1","RobotSpaceExplorer:SurgingShield"],"picked":"SKIP","floor":22},{"not_picked":["RobotSpaceExplorer:Counterblock","RobotSpaceExplorer:DroneSwarm"],"picked":"RobotSpaceExplorer:Fix","floor":23}],"player_experience":1755461,"relics_obtained":[{"floor":6,"key":"Matryoshka"},{"floor":9,"key":"White Beast Statue"},{"floor":9,"key":"Meat on the Bone"},{"floor":10,"key":"Juzu Bracelet"},{"floor":10,"key":"Nunchaku"},{"floor":12,"key":"Odd Mushroom"},{"floor":14,"key":"Happy Flower"},{"floor":20,"key":"Red Mask"},{"floor":23,"key":"HornCleat"}],"event_choices":[{"damage_healed":0,"gold_gain":75,"player_choice":"Gather Gold","damage_taken":11,"max_hp_gain":0,"max_hp_loss":0,"event_name":"World of Goop","floor":2,"gold_loss":0},{"damage_healed":0,"gold_gain":0,"player_choice":"Bought 1 Potion","damage_taken":0,"max_hp_gain":0,"max_hp_loss":0,"event_name":"The Woman in Blue","floor":4,"gold_loss":0},{"damage_healed":0,"gold_gain":0,"player_choice":"Lose Max HP","damage_taken":0,"relics_obtained":["Golden Idol"],"max_hp_gain":0,"max_hp_loss":6,"event_name":"Golden Idol","floor":8,"gold_loss":0},{"damage_healed":0,"gold_gain":0,"player_choice":"Fought Mushrooms","damage_taken":0,"max_hp_gain":0,"max_hp_loss":0,"event_name":"Mushrooms","floor":12,"gold_loss":0},{"damage_healed":8,"gold_gain":0,"player_choice":"Full Heal","damage_taken":0,"max_hp_gain":0,"max_hp_loss":0,"event_name":"Wheel of Change","floor":19,"gold_loss":0},{"damage_healed":0,"gold_gain":0,"player_choice":"Fought Bandits","damage_taken":0,"max_hp_gain":0,"max_hp_loss":0,"event_name":"Masked Bandits","floor":20,"gold_loss":0},{"damage_healed":0,"gold_gain":0,"player_choice":"Got Potions","damage_taken":0,"max_hp_gain":0,"max_hp_loss":0,"event_name":"Lab","floor":21,"gold_loss":0},{"damage_healed":0,"gold_gain":99,"player_choice":"Stole From Cult","damage_taken":0,"max_hp_gain":0,"max_hp_loss":0,"event_name":"Nest","floor":24,"gold_loss":0}],"is_beta":true,"boss_relics":[{"not_picked":["Sozu","Astrolabe"],"picked":"RobotSpaceExplorer:TurboCore"}],"items_purged_floors":[],"is_endless":false,"potions_floor_spawned":[3,5,12,13,14,16,18,20,22,23],"killed_by":"Slavers","ascension_level":11}}