{"host":"1lhpgrjjhxx10cx0","time":1609656285,"event":{"mods":["Arknights The Spire","BaseMod","Better Vampires","Friendly Minions","Highlight Path","Minty Spire (QoL Compilation)","Permanent Neow","Quick Restart","StSLib","Waifu the Spire","WarShipGirlsR/’ΩΩ¢…Ÿ≈ÆR mod"],"gold_per_floor":[112,112,37,48,62,62,90,90,90,123,123,154,17,37,37,142,142,162,162,162,172,189,224,224,99,147,181,181,181,181,108,108,207,207,223,239,89,89,100,130,148,175,198,214,231,258,258,15,15,15],"floor_reached":51,"playtime":2051,"items_purged":["ats:Strike V","ats:Strike S","ats:Defend","ats:Armor Crushing Shot+1"],"score":828,"play_id":"8d4e5cd6-f975-40e0-aebd-03f79418cf38","local_time":"20210103144445","is_ascension_mode":true,"campfire_choices":[{"data":"ats:Part Time Job","floor":6.0,"key":"SMITH"},{"data":"ats:Armor Crushing Shot","floor":8.0,"key":"SMITH"},{"data":"ats:Healing Strengthening","floor":15.0,"key":"SMITH"},{"data":"ats:Soul Rend","floor":24.0,"key":"SMITH"},{"data":"ats:Emotion Absorption","floor":32.0,"key":"SMITH"},{"data":"ats:Healing Strengthening","floor":49,"key":"SMITH"}],"circlet_count":0,"master_deck":["ats:Strike G","ats:Defend+1","ats:Defend","ats:Emotion Absorption+1","ats:Shadow Assault+1","ats:Part Time Job+1","ats:Healing Strengthening+1","ats:Soul Rend+1","ats:Disruption Kick","ats:Apocalypse","ats:Leaping Hammer","ats:Curse Doll","ats:Part Time Job+1","ats:Durian","ats:True Silver Slash","ats:Fractured Body","ats:Counter Healing Mode","Madness","Madness","ats:Cat Scratch+1","ats:Thorns","ats:Healing Strengthening+1"],"relics":["ats:Sanity Plus","ats:Originium","Sundial","Nunchaku","ats:Military Tradition","Toy Ornithopter","Runic Dome","Pen Nib","War Paint","Bird Faced Urn","Bottled Lightning","Boot","Strawberry","Blue Candle","Lee\u0027s Waffle"],"acts_visited":["Exordium","TheCity","TheBeyond"],"potions_floor_usage":[],"damage_taken":[{"damage":6.0,"enemies":"Cultist","floor":1.0,"turns":3.0},{"damage":0.0,"enemies":"2 Louse","floor":4.0,"turns":1.0},{"damage":10.0,"enemies":"Jaw Worm","floor":5.0,"turns":4.0},{"damage":20.0,"enemies":"Gremlin Nob","floor":7.0,"turns":4.0},{"damage":35.0,"enemies":"Lagavulin","floor":10.0,"turns":8.0},{"damage":22.0,"enemies":"3 Sentries","floor":12.0,"turns":3.0},{"damage":1.0,"enemies":"2 Fungi Beasts","floor":14.0,"turns":6.0},{"damage":74.0,"enemies":"Hexaghost","floor":16.0,"turns":13.0},{"damage":5.0,"enemies":"Spheric Guardian","floor":18.0,"turns":3.0},{"damage":47.0,"enemies":"Chosen","floor":21.0,"turns":6.0},{"damage":22.0,"enemies":"3 Cultists","floor":22.0,"turns":5.0},{"damage":60.0,"enemies":"Book of Stabbing","floor":23.0,"turns":5.0},{"damage":28.0,"enemies":"Slavers","floor":27.0,"turns":5.0},{"damage":132.0,"enemies":"Collector","floor":33.0,"turns":8.0},{"damage":19.0,"enemies":"Orb Walker","floor":35.0,"turns":4.0},{"damage":32.0,"enemies":"3 Darklings","floor":36.0,"turns":4.0},{"damage":42.0,"enemies":"Maw","floor":39.0,"turns":9.0},{"damage":117.0,"enemies":"Giant Head","floor":40.0,"turns":8.0},{"damage":62.0,"enemies":"Writhing Mass","floor":41.0,"turns":4.0},{"damage":31.0,"enemies":"Reptomancer","floor":42.0,"turns":6.0},{"damage":58.0,"enemies":"3 Darklings","floor":44.0,"turns":5.0},{"damage":94.0,"enemies":"Transient","floor":45.0,"turns":5.0},{"damage":139,"enemies":"Nemesis","floor":46,"turns":11},{"damage":109,"enemies":"Time Eater","floor":50,"turns":11}],"seed_played":"7685387546477295649","potions_obtained":[{"floor":4.0,"key":"DuplicationPotion"},{"floor":10.0,"key":"FearPotion"},{"floor":16.0,"key":"LiquidBronze"},{"floor":21.0,"key":"AttackPotion"},{"floor":22.0,"key":"Explosive Potion"},{"floor":23.0,"key":"DistilledChaos"},{"floor":27.0,"key":"Energy Potion"},{"floor":33.0,"key":"SteroidPotion"},{"floor":44.0,"key":"SpeedPotion"}],"is_trial":false,"path_per_floor":["M","?","$","M","M","R","E","R","T","E","?","E","$","M","R","B",null,"M","?","?","M","M","E","R","$","T","E","?","?","T","$","R","B",null,"M","M","$","?","M","E","M","E","T","M","M","E","?","$","R","B",null],"character_chosen":"DOCTOR_CLASS","items_purchased":["ats:Healing Strengthening","ats:True Silver Slash","ats:Healing Strengthening","Lee\u0027s Waffle","SkillPotion"],"campfire_rested":0,"item_purchase_floors":[13,31,48,48,48],"current_hp_per_floor":[66,66,66,66,59,59,45,45,45,24,24,2,2,23,23,46,72,70,70,70,70,72,45,45,45,45,72,72,72,72,72,72,69,72,72,72,72,63,72,55,33,72,79,73,41,53,53,86,86,86],"gold":15,"neow_bonus":"ONE_RANDOM_RARE_CARD","is_daily":false,"chose_seed":false,"campfire_upgraded":6,"win_rate":0.0,"timestamp":1609656285,"path_taken":["M","?","$","?","M","R","E","R","T","E","?","E","$","M","R","BOSS","M","?","?","?","M","E","R","?","T","E","?","?","?","$","R","BOSS","M","M","$","?","M","E","M","E","T","M","M","E","?","$","R","BOSS"],"items_purchased_type":["Card","Card","Card","Relic","Potion"],"build_version":"2020-12-22","purchased_purges":4,"victory":true,"max_hp_per_floor":[72,72,72,72,72,72,72,72,72,72,72,72,72,72,72,72,72,72,72,72,72,72,72,72,72,72,72,72,72,72,72,72,72,72,72,72,72,72,72,72,72,72,79,79,79,79,79,86,86,86],"card_choices":[{"not_picked":["ats:Consecutive Shot Auto","ats:Poison Spread","ats:Flexible Camouflage"],"picked":"SKIP","floor":1.0},{"not_picked":["ats:Childhood Dance","ats:Collapsing Strike"],"picked":"ats:Part Time Job","floor":4.0},{"not_picked":["ats:Powerful Strike","ats:Song Of Battle","ats:Thermite Blade"],"picked":"SKIP","floor":5.0},{"not_picked":["ats:Ignite","ats:Part Time Job","ats:Powerful Strike"],"picked":"SKIP","floor":7.0},{"not_picked":["ats:Childhood Dance","ats:Very Hot Blade","ats:Flexible Camouflage"],"picked":"SKIP","floor":10.0},{"not_picked":["ats:Defend Order","ats:Poison Spread","ats:Blood Oath"],"picked":"SKIP","floor":12.0},{"not_picked":["ats:Cat Scratch","ats:Consecutive Shot Auto"],"picked":"ats:Soul Rend","floor":14.0},{"not_picked":["ats:Nebulous Foxfire","ats:Shadow Assault"],"picked":"ats:Disruption Kick","floor":16.0},{"not_picked":["ats:Directed Diagnosis","ats:Hammer On"],"picked":"ats:Apocalypse","floor":18.0},{"not_picked":["ats:Explosion Area Strengthen","ats:Revitalization","ats:Hammer On+1"],"picked":"SKIP","floor":21.0},{"not_picked":["ats:Leaping Hammer","ats:Assault Order+1","ats:Sword Rain"],"picked":"SKIP","floor":22.0},{"not_picked":["ats:Assault Order+1","ats:Sword Rain"],"picked":"ats:Leaping Hammer","floor":22.0},{"not_picked":["ats:Hook Shot","ats:Spore Proliferation"],"picked":"ats:Curse Doll","floor":23.0},{"not_picked":["ats:Consecutive Shot Auto","ats:Thorns","ats:Part Time Job+1"],"picked":"SKIP","floor":27.0},{"not_picked":["ats:Consecutive Shot Auto","ats:Thorns"],"picked":"ats:Part Time Job+1","floor":27.0},{"not_picked":["ats:Ambush","ats:Disruption Kick"],"picked":"ats:Fractured Body","floor":33.0},{"not_picked":["ats:Flame Of Heaven","ats:Explosion Area Strengthen+1","ats:Poison Spread"],"picked":"SKIP","floor":35.0},{"not_picked":["ats:Powerful Strike+1","ats:Flame Of Heaven"],"picked":"ats:Counter Healing Mode","floor":36.0},{"not_picked":["ats:Counter Healing Mode+1","ats:Beaten Up+1","ats:Apocalypse"],"picked":"SKIP","floor":39.0},{"not_picked":["ats:Hammer On+1","ats:Apocalypse","ats:Spore Proliferation+1"],"picked":"SKIP","floor":40.0},{"not_picked":["ats:Assault Order+1","ats:Revitalization+1","ats:Consecutive Shot Auto"],"picked":"SKIP","floor":41.0},{"not_picked":["ats:Flexible Camouflage+1","ats:Directed Diagnosis","ats:Revitalization"],"picked":"SKIP","floor":42.0},{"not_picked":["ats:Encircling Forest","ats:Flexible Camouflage","ats:Shadow Raid+1"],"picked":"SKIP","floor":44.0},{"not_picked":["ats:Volcano","ats:Sunburst","ats:Very Hot Blade+1"],"picked":"SKIP","floor":45.0},{"not_picked":["ats:Poison Spread+1","ats:Ignite"],"picked":"ats:Cat Scratch+1","floor":46}],"player_experience":98330,"relics_obtained":[{"floor":7.0,"key":"ats:Originium"},{"floor":7.0,"key":"Sundial"},{"floor":9.0,"key":"Nunchaku"},{"floor":10.0,"key":"ats:Originium"},{"floor":10.0,"key":"ats:Military Tradition"},{"floor":12.0,"key":"ats:Originium"},{"floor":12.0,"key":"Toy Ornithopter"},{"floor":23.0,"key":"Pen Nib"},{"floor":26.0,"key":"War Paint"},{"floor":27.0,"key":"Bird Faced Urn"},{"floor":30.0,"key":"Bottled Lightning"},{"floor":40.0,"key":"ats:Originium"},{"floor":42.0,"key":"Boot"},{"floor":43.0,"key":"Strawberry"},{"floor":46,"key":"Blue Candle"}],"event_choices":[{"damage_healed":0.0,"max_hp_gain":0.0,"max_hp_loss":0.0,"gold_gain":0.0,"event_name":"Accursed Blacksmith","player_choice":"Forge","floor":2.0,"gold_loss":0.0,"damage_taken":0.0,"cards_upgraded":["ats:Shadow Assault"]},{"damage_healed":0.0,"max_hp_gain":0.0,"max_hp_loss":0.0,"gold_gain":0.0,"event_name":"Vampires","player_choice":"Ignored","floor":19.0,"gold_loss":0.0,"damage_taken":0.0},{"cards_removed":["ats:Strike C"],"damage_healed":0.0,"max_hp_gain":0.0,"max_hp_loss":0.0,"gold_gain":0.0,"event_name":"Purifier","player_choice":"Purged","floor":20.0,"gold_loss":0.0,"damage_taken":0.0},{"damage_healed":0.0,"max_hp_gain":0.0,"max_hp_loss":0.0,"gold_gain":0.0,"event_name":"The Library","player_choice":"Read","floor":28.0,"gold_loss":0.0,"damage_taken":0.0,"cards_obtained":["ats:Durian"]},{"damage_healed":0.0,"max_hp_gain":0.0,"max_hp_loss":0.0,"gold_gain":0.0,"event_name":"Ghosts","player_choice":"Ignored","floor":29.0,"gold_loss":0.0,"damage_taken":0.0},{"damage_healed":0.0,"max_hp_gain":0.0,"max_hp_loss":0.0,"gold_gain":0.0,"event_name":"Winding Halls","player_choice":"Embrace Madness","floor":38.0,"gold_loss":0.0,"damage_taken":9.0,"cards_obtained":["Madness","Madness"]},{"damage_healed":0,"gold_gain":0,"cards_transformed":["ats:Defend"],"player_choice":"Transformed","damage_taken":0,"max_hp_gain":0,"max_hp_loss":0,"event_name":"Transmorgrifier","floor":47,"gold_loss":0,"cards_obtained":["ats:Thorns"]}],"is_beta":false,"boss_relics":[{"not_picked":["Fusion Hammer","Philosopher\u0027s Stone"],"picked":"Runic Dome"},{"not_picked":["Velvet Choker","Black Star"],"picked":"ats:Sanity Plus"}],"items_purged_floors":[3,13,25,37],"is_endless":false,"potions_floor_spawned":[4,10,16,21,22,23,27,33,35,39,40,44],"ascension_level":1}}