{"host":"4cz9gr89nglr7k8k","time":1609711568,"event":{"mods":["BaseMod","Minty Spire (QoL Compilation)","Relic Stats","Slay-I"],"gold_per_floor":[113,27,42,68,81,81,97,116,142,152,152,152,185,201,201,272,272,288,303,303,303,303,303,303,303,372,398,398,413,0,35,35,35,35],"floor_reached":33,"playtime":1307,"items_purged":["Decay"],"score":599,"play_id":"9d222d61-79be-4ecb-8f24-25ebf41499bd","local_time":"20210103230608","is_ascension_mode":true,"campfire_choices":[{"floor":6,"key":"REST"},{"floor":12,"key":"REST"},{"floor":15,"key":"REST"},{"floor":23,"key":"REST"},{"floor":25,"key":"REST"},{"floor":28,"key":"REST"},{"floor":32,"key":"REST"}],"circlet_count":0,"master_deck":["AscendersBane","Strike_R","Strike_R","Strike_R","Strike_R","Strike_R","Defend_R","Defend_R","Defend_R","Defend_R","Bash","Feed","Whirlwind","Combust","Thunderclap","Shrug It Off","Thunderclap","Sword Boomerang","Clash","Metallicize","Spot Weakness","Reaper","Pummel","Flex","Decay","Warcry+1","Clothesline","Flex","Sever Soul","Pommel Strike","Rage","Perfected Strike"],"relics":["Burning Blood","Orichalcum","Smiling Mask","MealTicket","Bottled Lightning","Cursed Key","FaceOfCleric","The Courier","Centennial Puzzle","Juzu Bracelet","Boot"],"acts_visited":["Exordium","TheCity"],"potions_floor_usage":[16,21,29,31,31,33],"damage_taken":[{"damage":12,"enemies":"Cultist","floor":1,"turns":4},{"damage":7,"enemies":"Jaw Worm","floor":3,"turns":4},{"damage":7,"enemies":"2 Louse","floor":5,"turns":3},{"damage":26,"enemies":"Gremlin Gang","floor":7,"turns":4},{"damage":6,"enemies":"3 Louse","floor":8,"turns":3},{"damage":7,"enemies":"Looter","floor":10,"turns":3},{"damage":38,"enemies":"Gremlin Nob","floor":13,"turns":5},{"damage":6,"enemies":"Gremlin Gang","floor":14,"turns":6},{"damage":63,"enemies":"Slime Boss","floor":16,"turns":9},{"damage":30,"enemies":"Shell Parasite","floor":18,"turns":5},{"damage":33,"enemies":"Chosen","floor":19,"turns":4},{"damage":20,"enemies":"Centurion and Healer","floor":21,"turns":8},{"damage":56,"enemies":"Gremlin Leader","floor":27,"turns":7},{"damage":35,"enemies":"Snecko","floor":29,"turns":7},{"damage":75,"enemies":"Slavers","floor":31,"turns":5},{"damage":83,"enemies":"Champ","floor":33,"turns":11}],"seed_played":"-1614011097876848867","potions_obtained":[{"floor":5,"key":"ElixirPotion"},{"floor":7,"key":"ColorlessPotion"},{"floor":8,"key":"Dexterity Potion"},{"floor":19,"key":"SmokeBomb"},{"floor":20,"key":"BloodPotion"},{"floor":27,"key":"Weak Potion"},{"floor":31,"key":"Dexterity Potion"}],"is_trial":false,"path_per_floor":["M","$","M","T","M","R","M","M","T","M","?","R","E","M","R","B",null,"M","M","?","M","?","R","?","R","T","E","R","M","$","E","R","B"],"character_chosen":"IRONCLAD","items_purchased":["Combust","BloodPotion","Juzu Bracelet","Flex","Sever Soul","Pommel Strike","Rage"],"campfire_rested":7,"item_purchase_floors":[2,30,30,30,30,30,30],"current_hp_per_floor":[47,47,49,49,48,72,52,52,52,51,51,75,46,49,75,21,73,54,27,27,23,23,50,50,77,77,37,64,43,58,40,68,0,0],"gold":35,"neow_bonus":"THREE_RARE_CARDS","is_daily":false,"chose_seed":false,"campfire_upgraded":0,"win_rate":0.0,"timestamp":1609711568,"path_taken":["M","$","M","?","M","R","M","M","T","?","?","R","E","?","R","BOSS","M","M","?","?","?","R","?","R","T","E","R","M","$","E","R","BOSS"],"items_purchased_type":["Card","Potion","Relic","Card","Card","Card","Card"],"build_version":"2020-12-22","purchased_purges":1,"victory":false,"max_hp_per_floor":[78,78,81,81,81,81,81,81,81,81,81,81,84,87,87,90,90,90,90,90,90,90,90,90,90,90,91,91,95,95,96,96,96,96],"relic_stats":{"Centennial Puzzle":[9],"FaceOfCleric":3,"counters":[16,88],"MealTicket":15,"Juzu Bracelet":0,"Orichalcum":[276],"Smiling Mask":10,"Cursed Key":1,"Boot":[16],"obtain_stats":[{"Centennial Puzzle":27,"FaceOfCleric":24,"MealTicket":11,"The Courier":26,"Juzu Bracelet":30,"Bottled Lightning":13,"Orichalcum":4,"Smiling Mask":9,"Cursed Key":17,"Boot":31,"Burning Blood":0},{"Centennial Puzzle":13,"FaceOfCleric":12,"MealTicket":6,"The Courier":12,"Juzu Bracelet":14,"Bottled Lightning":7,"Orichalcum":2,"Smiling Mask":5,"Cursed Key":9,"Boot":15,"Burning Blood":0},{"Centennial Puzzle":65,"FaceOfCleric":58,"MealTicket":21,"The Courier":58,"Juzu Bracelet":72,"Bottled Lightning":26,"Orichalcum":8,"Smiling Mask":18,"Cursed Key":41,"Boot":77,"Burning Blood":0}],"Burning Blood":90},"card_choices":[{"not_picked":["Bludgeon","Fiend Fire"],"picked":"Feed","floor":0},{"not_picked":["Headbutt","Sword Boomerang"],"picked":"Whirlwind","floor":1},{"not_picked":["Pommel Strike","Shrug It Off"],"picked":"Thunderclap","floor":3},{"not_picked":["Dark Embrace","Headbutt"],"picked":"Shrug It Off","floor":5},{"not_picked":["Body Slam","Pommel Strike"],"picked":"Thunderclap","floor":7},{"not_picked":["Warcry","Thunderclap"],"picked":"Sword Boomerang","floor":8},{"not_picked":["Metallicize","Dark Embrace"],"picked":"Clash","floor":10},{"not_picked":["Corruption","Clash"],"picked":"Metallicize","floor":13},{"not_picked":["Bloodletting","Wild Strike"],"picked":"Spot Weakness","floor":14},{"not_picked":["Double Tap","Offering"],"picked":"Reaper","floor":16},{"not_picked":["Thunderclap+1","Perfected Strike"],"picked":"Pummel","floor":18},{"not_picked":["Dark Embrace","Armaments"],"picked":"Flex","floor":19},{"not_picked":["Havoc","Thunderclap"],"picked":"Warcry+1","floor":27},{"not_picked":["Feel No Pain","Carnage"],"picked":"Clothesline","floor":29},{"not_picked":["Cleave","Berserk"],"picked":"Perfected Strike","floor":31}],"player_experience":1475469,"relics_obtained":[{"floor":4,"key":"Orichalcum"},{"floor":9,"key":"Smiling Mask"},{"floor":13,"key":"Bottled Lightning"},{"floor":26,"key":"The Courier"},{"floor":27,"key":"Centennial Puzzle"},{"floor":31,"key":"Boot"}],"event_choices":[{"damage_healed":0,"gold_gain":0,"player_choice":"Gave Potion","damage_taken":0,"relics_obtained":["MealTicket"],"max_hp_gain":0,"max_hp_loss":0,"event_name":"WeMeetAgain","floor":11,"gold_loss":0},{"damage_healed":0,"gold_gain":0,"player_choice":"Got Potions","damage_taken":0,"max_hp_gain":0,"max_hp_loss":0,"event_name":"Lab","floor":20,"gold_loss":0},{"damage_healed":0,"gold_gain":0,"player_choice":"Smashed Altar","damage_taken":0,"max_hp_gain":0,"max_hp_loss":0,"event_name":"Forgotten Altar","floor":22,"gold_loss":0,"cards_obtained":["Decay"]},{"damage_healed":0,"gold_gain":0,"player_choice":"Trade","damage_taken":0,"relics_obtained":["FaceOfCleric"],"max_hp_gain":0,"max_hp_loss":0,"event_name":"FaceTrader","floor":24,"gold_loss":0}],"is_beta":false,"boss_relics":[{"not_picked":["Astrolabe","Runic Cube"],"picked":"Cursed Key"}],"items_purged_floors":[30],"is_endless":false,"potions_floor_spawned":[5,7,8,10,19,27,31],"killed_by":"Champ","ascension_level":20}}