{"host":"f5uumzf5hfexzk8l","time":1609646155,"event":{"mods":["AchievementEnabler","BaseMod","Colored Map","Googly Eyes","Highlight Path","Minty Spire (QoL Compilation)","Permanent Neow","StSLib","SuperFastMode","Unceasing Turn Reminder","everything is the same but u backflip on backflip"],"gold_per_floor":[112,128,142,160,160,160,175,206,256,256,276,296,296,306,306,379,379,395,379,394,166,166,166,166,166],"floor_reached":24,"playtime":1361,"items_purged":["Strike_G"],"score":422,"play_id":"08df4897-36e4-4309-8b94-1c8069d49de1","local_time":"20210102195555","is_ascension_mode":true,"campfire_choices":[{"data":"Neutralize","floor":6,"key":"SMITH"},{"data":"Bane","floor":10,"key":"SMITH"},{"floor":13,"key":"REST"},{"data":"Poisoned Stab","floor":15,"key":"SMITH"},{"data":"Dagger Spray","floor":23,"key":"SMITH"}],"circlet_count":0,"master_deck":["AscendersBane","Defend_G","Defend_G","Defend_G","Defend_G","Defend_G","Survivor","Neutralize+1","Poisoned Stab","Well Laid Plans","Bane+1","Dash","Poisoned Stab+1","PiercingWail","Dagger Spray+1","Bite","Bite","Bite","Bite","Bite"],"relics":["Ring of the Snake","PreservedInsect","Meat on the Bone","White Beast Statue","Omamori","HoveringKite","Vajra"],"acts_visited":["Exordium","TheCity"],"potions_floor_usage":[11,16],"damage_taken":[{"damage":2,"enemies":"Jaw Worm","floor":1,"turns":6},{"damage":2,"enemies":"Cultist","floor":2,"turns":4},{"damage":2,"enemies":"2 Louse","floor":3,"turns":3},{"damage":6,"enemies":"Blue Slaver","floor":4,"turns":6},{"damage":32,"enemies":"Large Slime","floor":7,"turns":11},{"damage":20,"enemies":"Lagavulin","floor":8,"turns":5},{"damage":10,"enemies":"Gremlin Gang","floor":11,"turns":4},{"damage":0,"enemies":"Looter","floor":12,"turns":2},{"damage":5,"enemies":"2 Fungi Beasts","floor":14,"turns":4},{"damage":23,"enemies":"Hexaghost","floor":16,"turns":10},{"damage":8,"enemies":"3 Byrds","floor":18,"turns":6},{"damage":15,"enemies":"2 Thieves","floor":19,"turns":4},{"damage":51,"enemies":"Shelled Parasite and Fungi","floor":20,"turns":11},{"damage":24,"enemies":"Slavers","floor":24,"turns":2}],"seed_played":"7771047568338509631","potions_obtained":[{"floor":2,"key":"Strength Potion"},{"floor":8,"key":"Weak Potion"},{"floor":11,"key":"Dexterity Potion"},{"floor":12,"key":"FairyPotion"},{"floor":16,"key":"CultistPotion"},{"floor":20,"key":"LiquidMemories"}],"is_trial":false,"path_per_floor":["M","M","M","M","?","R","M","E","T","R","M","M","R","M","R","B",null,"M","M","M","$","?","R","E"],"character_chosen":"THE_SILENT","items_purchased":["Vajra"],"campfire_rested":1,"item_purchase_floors":[21],"current_hp_per_floor":[57,55,53,47,47,47,27,19,19,19,21,33,52,47,47,36,59,51,36,17,17,17,17,0,0],"gold":166,"neow_bonus":"RANDOM_COMMON_RELIC","is_daily":false,"chose_seed":false,"campfire_upgraded":4,"win_rate":0.0,"timestamp":1609646155,"path_taken":["M","M","M","M","?","R","M","E","T","R","M","M","R","M","R","BOSS","M","M","?","$","?","R","E"],"items_purchased_type":["Relic"],"build_version":"2020-12-22","purchased_purges":1,"victory":false,"max_hp_per_floor":[66,66,66,66,66,66,66,66,66,66,66,66,66,66,66,66,66,66,66,66,66,46,46,46,46],"card_choices":[{"not_picked":["Deflect","Prepared","Sucker Punch"],"picked":"SKIP","floor":1},{"not_picked":["Deadly Poison","Unload"],"picked":"Poisoned Stab","floor":2},{"not_picked":["Tactician","Outmaneuver"],"picked":"Well Laid Plans","floor":3},{"not_picked":["Caltrops","Escape Plan","Riddle With Holes"],"picked":"SKIP","floor":4},{"not_picked":["Blur","Sucker Punch"],"picked":"Bane","floor":7},{"not_picked":["Riddle With Holes","Prepared"],"picked":"Dash","floor":8},{"not_picked":["Flying Knee","Blade Dance"],"picked":"Poisoned Stab","floor":11},{"not_picked":["Escape Plan","Bouncing Flask","Distraction"],"picked":"SKIP","floor":12},{"not_picked":["Quick Slash","Dodge and Roll","Deadly Poison"],"picked":"SKIP","floor":14},{"not_picked":["Dodge and Roll","Blur"],"picked":"PiercingWail","floor":18},{"not_picked":["Cloak And Dagger","Slice"],"picked":"Dagger Spray","floor":19},{"not_picked":["Poisoned Stab","Quick Slash","Dagger Throw+1"],"picked":"SKIP","floor":20}],"player_experience":359512,"relics_obtained":[{"floor":5,"key":"Meat on the Bone"},{"floor":8,"key":"White Beast Statue"},{"floor":9,"key":"Omamori"}],"event_choices":[{"damage_healed":0,"gold_gain":0,"player_choice":"Relic","damage_taken":0,"max_hp_gain":0,"max_hp_loss":0,"event_name":"Wheel of Change","floor":5,"gold_loss":0},{"damage_healed":0,"gold_gain":0,"player_choice":"Became a vampire","damage_taken":0,"max_hp_gain":0,"max_hp_loss":20,"event_name":"Vampires","floor":22,"gold_loss":0,"cards_obtained":["Bite","Bite","Bite","Bite","Bite"]}],"is_beta":false,"boss_relics":[{"not_picked":["Ectoplasm","Empty Cage"],"picked":"HoveringKite"}],"items_purged_floors":[21],"is_endless":false,"potions_floor_spawned":[2,8,11,12,14,16,18,19,20],"killed_by":"Slavers","ascension_level":15}}