{"host":"uv231blk40vjdojr","time":1609675693,"event":{"mods":["BaseMod","Minty Spire (QoL Compilation)","Relic Stats"],"gold_per_floor":[362,80,80,80,95,128,128,159,234,234,250,250,263,288,288,387,387,405,61,75,75,102,132,132,148,171,190,190,222,172,205,217,329,341,365,252,276,120,137,172,20,242,242,253,286,305,22,22,22,22],"floor_reached":51,"playtime":2389,"items_purged":["Normality","Strike_G","Strike_G"],"score":1297,"play_id":"b0d44171-2a57-445c-bbce-5c159c9cac1f","local_time":"20210103130813","is_ascension_mode":true,"campfire_choices":[{"data":"Dagger Spray","floor":7.0,"key":"SMITH"},{"floor":12.0,"key":"REST"},{"data":"Caltrops","floor":15.0,"key":"SMITH"},{"floor":24.0,"key":"REST"},{"data":"Footwork","floor":28.0,"key":"SMITH"},{"data":"Noxious Fumes","floor":32.0,"key":"SMITH"},{"floor":49,"key":"REST"}],"circlet_count":0,"master_deck":["AscendersBane","Strike_G","Strike_G","Defend_G","Defend_G","Defend_G","Defend_G","Defend_G","Survivor","Neutralize+1","Deadly Poison","Sucker Punch","Bane","Dagger Spray+1","Choke","Caltrops+1","Footwork+1","Adrenaline","Deadly Poison+1","Backflip+1","Catalyst+1","Noxious Fumes+1","Venomology","Blur+1","Well Laid Plans"],"relics":["Ring of the Snake","Anchor","PreservedInsect","Omamori","Ornamental Fan","Happy Flower","Velvet Choker","Singing Bowl","Red Mask","Torii","Boot","Pear","MawBank","Black Star","Potion Belt","TwistedFunnel","FossilizedHelix","Pantograph","Lee\u0027s Waffle","Ginger","Snake Skull","Strawberry","Membership Card","Mercury Hourglass"],"acts_visited":["Exordium","TheCity","TheBeyond"],"potions_floor_usage":[45,45,48,50,50,50],"damage_taken":[{"damage":2.0,"enemies":"Small Slimes","floor":1.0,"turns":4.0},{"damage":0.0,"enemies":"2 Louse","floor":5.0,"turns":2.0},{"damage":47.0,"enemies":"Lagavulin","floor":6.0,"turns":9.0},{"damage":2.0,"enemies":"Gremlin Nob","floor":8.0,"turns":3.0},{"damage":4.0,"enemies":"Cultist","floor":11.0,"turns":3.0},{"damage":1.0,"enemies":"Large Slime","floor":13.0,"turns":4.0},{"damage":13.0,"enemies":"Lagavulin","floor":14.0,"turns":5.0},{"damage":28.0,"enemies":"The Guardian","floor":16.0,"turns":12.0},{"damage":0.0,"enemies":"3 Byrds","floor":18.0,"turns":1.0},{"damage":0.0,"enemies":"Chosen","floor":20.0,"turns":4.0},{"damage":17.0,"enemies":"Masked Bandits","floor":22.0,"turns":5.0},{"damage":23.0,"enemies":"Slavers","floor":23.0,"turns":6.0},{"damage":1.0,"enemies":"Snake Plant","floor":25.0,"turns":3.0},{"damage":1.0,"enemies":"3 Cultists","floor":27.0,"turns":5.0},{"damage":2.0,"enemies":"Book of Stabbing","floor":29.0,"turns":4.0},{"damage":0.0,"enemies":"Slavers","floor":31.0,"turns":3.0},{"damage":95.0,"enemies":"Champ","floor":33.0,"turns":10.0},{"damage":0.0,"enemies":"Orb Walker","floor":35.0,"turns":3.0},{"damage":2.0,"enemies":"3 Darklings","floor":39.0,"turns":5.0},{"damage":18.0,"enemies":"Nemesis","floor":40.0,"turns":5.0},{"damage":36.0,"enemies":"Maw","floor":44.0,"turns":7.0},{"damage":22,"enemies":"Reptomancer","floor":45,"turns":7},{"damage":10,"enemies":"4 Shapes","floor":46,"turns":3},{"damage":0,"enemies":"Writhing Mass","floor":48,"turns":1},{"damage":41,"enemies":"Time Eater","floor":50,"turns":11}],"seed_played":"2144599424493290160","potions_obtained":[{"floor":1.0,"key":"Regen Potion"},{"floor":5.0,"key":"FairyPotion"},{"floor":16.0,"key":"Dexterity Potion"},{"floor":23.0,"key":"Explosive Potion"},{"floor":31.0,"key":"SpeedPotion"},{"floor":33.0,"key":"SmokeBomb"},{"floor":44.0,"key":"CultistPotion"},{"floor":46,"key":"Weak Potion"}],"is_trial":false,"path_per_floor":["M","$","?","?","M","E","R","E","T","?","M","R","M","E","R","B",null,"M","$","M","?","?","E","R","M","T","M","R","E","?","E","R","B",null,"M","$","T","$","M","E","$","?","T","M","E","M","$","M","R","B",null],"character_chosen":"THE_SILENT","items_purchased":["Anchor","Sucker Punch","Singing Bowl","TwistedFunnel","Lee\u0027s Waffle","Membership Card","Mercury Hourglass"],"campfire_rested":3,"item_purchase_floors":[2,2,19,38,41,47,47],"current_hp_per_floor":[61,61,70,70,70,37,37,35,35,35,31,52,51,38,38,10,55,55,55,55,55,40,19,41,42,42,41,41,49,49,51,51,5,67,69,69,69,69,67,51,99,99,99,65,64,56,56,56,89,69],"gold":22,"neow_bonus":"TWO_FIFTY_GOLD","is_daily":false,"chose_seed":false,"campfire_upgraded":4,"win_rate":0.0,"timestamp":1609675693,"path_taken":["M","$","?","?","M","E","R","E","T","?","M","R","?","E","R","BOSS","M","$","M","?","?","E","R","M","T","M","R","E","?","E","R","BOSS","M","$","?","$","M","E","$","?","T","M","E","M","?","M","R","BOSS"],"items_purchased_type":["Relic","Card","Relic","Relic","Relic","Relic","Relic"],"build_version":"2020-12-22","purchased_purges":3,"victory":true,"max_hp_per_floor":[70,70,70,70,70,70,70,70,70,70,70,70,70,70,70,70,70,70,70,70,70,72,74,74,76,76,76,76,86,86,88,88,88,88,90,90,90,90,90,92,99,99,99,101,108,110,110,110,110,110],"relic_stats":{"Lee\u0027s Waffle":48,"Happy Flower":[31],"Singing Bowl":16,"Torii":26,"counters":[25,125],"PreservedInsect":288,"Snake Skull":[29],"Ginger":[8],"Boot":[34],"MawBank":60,"Mercury Hourglass":[27],"Ornamental Fan":[64],"Pantograph":21,"Black Star":2,"obtain_stats":[{"Potion Belt":37,"TwistedFunnel":38,"Lee\u0027s Waffle":41,"Pear":29,"Happy Flower":14,"Singing Bowl":19,"Torii":23,"Velvet Choker":17,"PreservedInsect":6,"Snake Skull":45,"Omamori":8,"Ginger":43,"Boot":26,"MawBank":31,"Mercury Hourglass":47,"Anchor":2,"Ornamental Fan":9,"Pantograph":40,"Strawberry":45,"Red Mask":22,"Black Star":34,"Membership Card":47,"FossilizedHelix":40,"Ring of the Snake":0},{"Potion Belt":18,"TwistedFunnel":18,"Lee\u0027s Waffle":20,"Pear":15,"Happy Flower":7,"Singing Bowl":9,"Torii":12,"Velvet Choker":8,"PreservedInsect":3,"Snake Skull":22,"Omamori":4,"Ginger":20,"Boot":13,"MawBank":16,"Mercury Hourglass":23,"Anchor":1,"Ornamental Fan":4,"Pantograph":20,"Strawberry":22,"Red Mask":11,"Black Star":17,"Membership Card":23,"FossilizedHelix":20,"Ring of the Snake":0},{"Potion Belt":86,"TwistedFunnel":86,"Lee\u0027s Waffle":96,"Pear":70,"Happy Flower":30,"Singing Bowl":43,"Torii":58,"Velvet Choker":42,"PreservedInsect":15,"Snake Skull":110,"Omamori":18,"Ginger":96,"Boot":61,"MawBank":73,"Mercury Hourglass":113,"Anchor":4,"Ornamental Fan":18,"Pantograph":96,"Strawberry":110,"Red Mask":52,"Black Star":83,"Membership Card":113,"FossilizedHelix":96,"Ring of the Snake":0}],"Ring of the Snake":[50]},"card_choices":[{"not_picked":["Backflip","Distraction"],"picked":"Deadly Poison","floor":1.0},{"not_picked":["Distraction","Acrobatics"],"picked":"Bane","floor":5.0},{"not_picked":["Quick Slash","Dagger Throw"],"picked":"Dagger Spray","floor":6.0},{"not_picked":["Acrobatics","Flying Knee","Cloak And Dagger"],"picked":"SKIP","floor":8.0},{"not_picked":["Well Laid Plans","Dagger Throw"],"picked":"Caltrops","floor":11.0},{"not_picked":["Outmaneuver","Eviscerate","Flying Knee"],"picked":"SKIP","floor":13.0},{"not_picked":["All Out Attack","Sucker Punch"],"picked":"Footwork","floor":14.0},{"not_picked":["Storm of Steel","Phantasmal Killer"],"picked":"Adrenaline","floor":16.0},{"not_picked":["Choke","Concentrate"],"picked":"Deadly Poison+1","floor":18.0},{"not_picked":["Outmaneuver","Prepared"],"picked":"Backflip+1","floor":20.0},{"not_picked":["PiercingWail","Outmaneuver+1","Dagger Spray"],"picked":"Singing Bowl","floor":22.0},{"not_picked":["Blade Dance","Tactician","Flying Knee+1"],"picked":"Singing Bowl","floor":23.0},{"not_picked":["Predator","Bane","Poisoned Stab"],"picked":"Singing Bowl","floor":25.0},{"not_picked":["Acrobatics","Skewer"],"picked":"Catalyst+1","floor":27.0},{"not_picked":["Dodge and Roll","Accuracy"],"picked":"Noxious Fumes","floor":29.0},{"not_picked":["Bouncing Flask","Crippling Poison","Predator"],"picked":"Singing Bowl","floor":31.0},{"not_picked":["Die Die Die","Glass Knife"],"picked":"Venomology","floor":33.0},{"not_picked":["Outmaneuver","Distraction","Sucker Punch"],"picked":"Singing Bowl","floor":35.0},{"not_picked":["Cloak And Dagger+1","Sucker Punch+1"],"picked":"Blur+1","floor":39.0},{"not_picked":["Dagger Throw","Deflect+1","Flying Knee"],"picked":"Singing Bowl","floor":40.0},{"not_picked":["Poisoned Stab","Bane","Dodge and Roll+1"],"picked":"Singing Bowl","floor":44.0},{"not_picked":["Flying Knee+1","Underhanded Strike+1"],"picked":"Well Laid Plans","floor":45},{"not_picked":["Sucker Punch","Acrobatics","Unload"],"picked":"Singing Bowl","floor":46}],"player_experience":556609,"relics_obtained":[{"floor":6.0,"key":"PreservedInsect"},{"floor":8.0,"key":"Omamori"},{"floor":9.0,"key":"Ornamental Fan"},{"floor":14.0,"key":"Happy Flower"},{"floor":22.0,"key":"Red Mask"},{"floor":23.0,"key":"Torii"},{"floor":26.0,"key":"Boot"},{"floor":29.0,"key":"Pear"},{"floor":31.0,"key":"MawBank"},{"floor":37.0,"key":"Potion Belt"},{"floor":40.0,"key":"FossilizedHelix"},{"floor":40.0,"key":"Pantograph"},{"floor":43.0,"key":"Ginger"},{"floor":45,"key":"Snake Skull"},{"floor":45,"key":"Strawberry"}],"event_choices":[{"damage_healed":23.0,"max_hp_gain":0.0,"max_hp_loss":0.0,"gold_gain":0.0,"event_name":"Big Fish","player_choice":"Banana","floor":3.0,"gold_loss":0.0,"damage_taken":0.0},{"damage_healed":0.0,"max_hp_gain":0.0,"max_hp_loss":0.0,"gold_gain":0.0,"event_name":"Living Wall","player_choice":"Grow","floor":4.0,"gold_loss":0.0,"damage_taken":0.0,"cards_upgraded":["Neutralize"]},{"damage_healed":0.0,"max_hp_gain":0.0,"max_hp_loss":0.0,"gold_gain":0.0,"cards_transformed":["Strike_G"],"event_name":"Transmorgrifier","player_choice":"Transformed","floor":10.0,"gold_loss":0.0,"damage_taken":0.0,"cards_obtained":["Choke"]},{"damage_healed":0.0,"max_hp_gain":0.0,"max_hp_loss":0.0,"gold_gain":0.0,"event_name":"Ghosts","player_choice":"Ignored","floor":21.0,"gold_loss":0.0,"damage_taken":0.0},{"damage_healed":0.0,"max_hp_gain":0.0,"max_hp_loss":0.0,"gold_gain":0.0,"event_name":"Masked Bandits","player_choice":"Fought Bandits","floor":22.0,"gold_loss":0.0,"damage_taken":0.0},{"damage_healed":0.0,"max_hp_gain":0.0,"max_hp_loss":0.0,"gold_gain":0.0,"event_name":"The Joust","player_choice":"Bet on Murderer","floor":30.0,"gold_loss":50.0,"damage_taken":0.0},{"damage_healed":0.0,"max_hp_gain":0.0,"max_hp_loss":0.0,"gold_gain":222.0,"event_name":"Tomb of Lord Red Mask","player_choice":"Wore Mask","floor":42.0,"gold_loss":0.0,"damage_taken":0.0}],"is_beta":false,"boss_relics":[{"not_picked":["Fusion Hammer","Snecko Eye"],"picked":"Velvet Choker"},{"not_picked":["Philosopher\u0027s Stone","Busted Crown"],"picked":"Black Star"}],"items_purged_floors":[2,19,36],"is_endless":false,"potions_floor_spawned":[1,5,16,22,23,27,31,33,44,46,48],"ascension_level":11}}