{"host":"exyz3r55z4kt6m9o","time":1609668886,"event":{"mods":["2.2 Compatiblity","AchievementEnabler","Aspiration","BaseMod","Better Altar","Better Match","Better Note","Better Sensory Stone","Better Skull","Better Third Choice","BetterRewards","Colored Powertips","Energized Spire","Friendly Minions","GifTheSpireLib","Infinite Spire","Ironclad Rager","Jorbs\u0027s Wanderer Trilogy","Luminous","Marisa????????","Minty Spire (QoL Compilation)","Permanent Neow","Rare Cards Sparkle","Reimu??????","Relic Filter","Replay The Spire","Spicy Shops","StSLib","The Bladedancer","The Blue Laboratory","The Gatherer","The Hayseed","The Mystic","The Runesmith","Wandering Minibosses","yUi"],"gold_per_floor":[364,26,39,54,34,64,64,1,1,35,60,72,118,149,161,276,288,320,257,269,297,329,341,341],"floor_reached":23,"playtime":1451,"items_purged":["Runesmith:Strike_RS","Runesmith:Strike_RS","Runesmith:Defend_RS"],"score":236,"play_id":"035d7926-3c02-41fa-ba37-cf931e41a08a","local_time":"20210103051446","is_ascension_mode":false,"campfire_choices":[{"data":"Runesmith:LithiumIon","floor":7,"key":"SMITH"},{"floor":12,"key":"REST"},{"data":"Runesmith:Grindstone","floor":15,"key":"SMITH"}],"circlet_count":0,"master_deck":["Runesmith:Strike_RS","Runesmith:Strike_RS","Runesmith:Defend_RS","Runesmith:Defend_RS","Runesmith:Defend_RS","Runesmith:CraftFirestone","Runesmith:Fortify","Runesmith:Grindstone+1","Runesmith:LithiumIon+1","Runesmith:GoWithTheFlow","Runesmith:EarthShield","Runesmith:LightningRod","Runesmith:GoWithTheFlow","Runesmith:HeatedChisel","Runesmith:CraftMagma","Runesmith:CraftIndustria","Runesmith:BackupBattery","Runesmith:CraftMedicinae","Runesmith:StaticCage"],"relics":["Runesmith:BrokenRuby","Membership Card","Vajra","infinitespire:CheckeredPen","MawBank","Bronze Scales","energizedSpire:MagnifyingGlass","NlothsMask"],"acts_visited":["Exordium","TheCity"],"potions_floor_usage":[6,6,13,19,19],"damage_taken":[{"damage":0,"enemies":"Jaw Worm","floor":1,"turns":4},{"damage":0,"enemies":"Cultist","floor":3,"turns":5},{"damage":0,"enemies":"Small Slimes","floor":4,"turns":4},{"damage":0,"enemies":"Lagavulin","floor":6,"turns":7},{"damage":26,"enemies":"Gremlin Nob","floor":10,"turns":6},{"damage":3,"enemies":"Gremlin Gang","floor":11,"turns":5},{"damage":8,"enemies":"3 Sentries","floor":13,"turns":10},{"damage":1,"enemies":"Looter","floor":14,"turns":3},{"damage":15,"enemies":"Slime Boss","floor":16,"turns":11},{"damage":10,"enemies":"Chosen","floor":18,"turns":6},{"damage":6,"enemies":"2 Thieves","floor":19,"turns":5},{"damage":1,"enemies":"Centurion and Healer","floor":21,"turns":8},{"damage":0,"enemies":"Cultist and Chosen","floor":22,"turns":7},{"damage":66,"enemies":"Slavers","floor":23,"turns":4}],"seed_played":"5341015168432655347","potions_obtained":[{"floor":4,"key":"SpeedPotion"},{"floor":5,"key":"blueLaboratory:ArtificerPotion"},{"floor":10,"key":"AttackPotion"},{"floor":16,"key":"AttackPotion"},{"floor":18,"key":"blueLaboratory:CorrosionFlask"},{"floor":22,"key":"blueLaboratory:AbyssPotion"}],"is_trial":false,"path_per_floor":["M","$","M","M","?","E","R","$","T","E","M","R","E","M","R","B",null,"M","M","?","M","M","E"],"character_chosen":"RUNESMITH_CLASS","items_purchased":["Membership Card","Runesmith:LithiumIon","Vajra"],"campfire_rested":1,"item_purchase_floors":[2,2,2],"current_hp_per_floor":[49,49,49,49,49,49,49,49,49,23,20,41,33,32,32,17,70,60,54,54,53,57,0,0],"gold":341,"neow_bonus":"TWO_FIFTY_GOLD","is_daily":false,"chose_seed":false,"campfire_upgraded":2,"win_rate":0.0,"timestamp":1609668886,"path_taken":["M","$","M","M","?","E","R","$","T","E","M","R","E","M","R","BOSS","M","M","?","?","M","E"],"items_purchased_type":["Relic","Card","Relic"],"build_version":"2020-12-22","purchased_purges":3,"victory":false,"max_hp_per_floor":[70,70,70,70,70,70,70,70,70,70,70,70,70,70,70,70,70,70,70,70,70,70,70,70],"card_choices":[{"not_picked":["Runesmith:EnergizedChisel","Runesmith:MakeshiftArmor"],"picked":"Runesmith:Grindstone","floor":1},{"not_picked":["Runesmith:Grindstone","Runesmith:CraftProtectio"],"picked":"Runesmith:GoWithTheFlow","floor":3},{"not_picked":["Runesmith:HeatExchange","Runesmith:CraftMagma","Runesmith:Overpower"],"picked":"SKIP","floor":4},{"not_picked":["Runesmith:UnstableHammer","Runesmith:ChaoticBlast"],"picked":"Runesmith:EarthShield","floor":6},{"not_picked":["Runesmith:StaticCage","Runesmith:CraftPrismatica"],"picked":"Runesmith:LightningRod","floor":10},{"not_picked":["Runesmith:Retool","Runesmith:Repurpose"],"picked":"Runesmith:GoWithTheFlow","floor":11},{"not_picked":["Runesmith:EnergizedChisel","Runesmith:NegativeSpace"],"picked":"Runesmith:HeatedChisel","floor":13},{"not_picked":["Runesmith:FieryHammer","Runesmith:Terraform"],"picked":"Runesmith:CraftMagma","floor":14},{"not_picked":["Runesmith:Duplicate","Runesmith:ReplicatingBarrier"],"picked":"Runesmith:CraftIndustria","floor":16},{"not_picked":["Runesmith:OneForEveryone+1","Runesmith:HeatExchange"],"picked":"Runesmith:BackupBattery","floor":18},{"not_picked":["Runesmith:HeatedChisel","Runesmith:EnergizedChisel"],"picked":"Runesmith:CraftMedicinae","floor":19},{"not_picked":["Runesmith:Overpower","Runesmith:OneForEveryone","Runesmith:HeatExchange"],"picked":"SKIP","floor":21},{"not_picked":["Runesmith:UnstableHammer","Runesmith:Grindstone+1"],"picked":"Runesmith:StaticCage","floor":22}],"player_experience":662305,"relics_obtained":[{"floor":6,"key":"infinitespire:CheckeredPen"},{"floor":10,"key":"MawBank"},{"floor":13,"key":"Bronze Scales"}],"event_choices":[{"damage_healed":0,"gold_gain":0,"player_choice":"Bought 1 Potion","damage_taken":0,"max_hp_gain":0,"max_hp_loss":0,"event_name":"The Woman in Blue","floor":5,"gold_loss":0},{"damage_healed":0,"gold_gain":0,"player_choice":"Trade","damage_taken":0,"relics_obtained":["NlothsMask"],"max_hp_gain":0,"max_hp_loss":0,"event_name":"FaceTrader","floor":20,"gold_loss":0}],"is_beta":false,"boss_relics":[{"not_picked":["Calling Bell","Sozu"],"picked":"energizedSpire:MagnifyingGlass"}],"items_purged_floors":[2,2,8],"is_endless":false,"potions_floor_spawned":[4,10,16,18,22],"killed_by":"Slavers","ascension_level":0}}