{"host":"9l1knhxfturzliqa","time":1609643491,"event":{"mods":["BaseMod","Colored Map","Colored Powertips","DeckTracker","Highlight Path","Keyboard Shortcuts","Minty Spire (QoL Compilation)","Random Character Button"],"gold_per_floor":[109,119,119,139,150,150,174,174,174,201,201,217,229,241,241,241,241],"floor_reached":16,"playtime":1016,"items_purged":[],"score":125,"play_id":"7580492b-2721-4c3d-9367-78e6f877c670","local_time":"20210103121131","is_ascension_mode":true,"campfire_choices":[{"data":"White Noise","floor":6.0,"key":"SMITH"},{"data":"Zap","floor":8.0,"key":"SMITH"},{"data":"All For One","floor":15.0,"key":"SMITH"}],"circlet_count":0,"master_deck":["Strike_B","Strike_B","Defend_B","Defend_B","Defend_B","Zap+1","Dualcast","Hologram","White Noise+1","Go for the Eyes","Beam Cell","Rebound","All For One+1","Rip and Tear","Conserve Battery","FTL","Beam Cell"],"relics":["Cracked Core","Odd Mushroom","Ginger"],"acts_visited":["Exordium"],"potions_floor_usage":[],"damage_taken":[{"damage":7.0,"enemies":"Small Slimes","floor":1.0,"turns":3.0},{"damage":0.0,"enemies":"Cultist","floor":2.0,"turns":3.0},{"damage":4.0,"enemies":"Jaw Worm","floor":4.0,"turns":4.0},{"damage":21.0,"enemies":"Large Slime","floor":5.0,"turns":7.0},{"damage":14.0,"enemies":"The Mushroom Lair","floor":7.0,"turns":4.0},{"damage":15.0,"enemies":"Lagavulin","floor":10.0,"turns":5.0},{"damage":6.0,"enemies":"2 Fungi Beasts","floor":12.0,"turns":3.0},{"damage":0.0,"enemies":"Exordium Thugs","floor":13.0,"turns":3.0},{"damage":0.0,"enemies":"Large Slime","floor":14.0,"turns":3.0},{"damage":6,"enemies":"The Guardian","floor":16,"turns":4}],"seed_played":"-8862121874255097290","potions_obtained":[{"floor":5.0,"key":"Strength Potion"},{"floor":7.0,"key":"CultistPotion"},{"floor":10.0,"key":"SteroidPotion"}],"is_trial":false,"path_per_floor":["M","M","?","M","M","R","?","R","T","E","?","M","M","M","R","B"],"character_chosen":"DEFECT","items_purchased":[],"campfire_rested":0,"item_purchase_floors":[],"current_hp_per_floor":[61,61,66,62,41,41,27,27,27,12,12,6,6,6,6,0,0],"gold":241,"neow_bonus":"REMOVE_TWO","is_daily":false,"chose_seed":false,"campfire_upgraded":3,"win_rate":0.0,"timestamp":1609643491,"path_taken":["M","M","?","M","M","R","?","R","T","E","?","M","?","M","R","BOSS"],"items_purchased_type":[],"build_version":"2020-12-22","purchased_purges":0,"victory":false,"max_hp_per_floor":[68,68,73,73,73,73,73,73,73,73,73,73,73,73,73,73,73],"card_choices":[{"not_picked":["Compile Driver","Steam"],"picked":"Hologram","floor":1.0},{"not_picked":["Coolheaded","Leap"],"picked":"White Noise","floor":2.0},{"not_picked":["Leap","Hologram"],"picked":"Go for the Eyes","floor":4.0},{"not_picked":["Defragment","Glacier"],"picked":"Beam Cell","floor":5.0},{"not_picked":["Biased Cognition","Sweeping Beam"],"picked":"Rebound","floor":7.0},{"not_picked":["Redo","Sweeping Beam"],"picked":"All For One","floor":10.0},{"not_picked":["Cold Snap","Defragment"],"picked":"Conserve Battery","floor":12.0},{"not_picked":["Chill","Leap"],"picked":"FTL","floor":13.0},{"not_picked":["Conserve Battery","Darkness"],"picked":"Beam Cell","floor":14.0}],"player_experience":318176,"relics_obtained":[{"floor":7.0,"key":"Odd Mushroom"},{"floor":10.0,"key":"Ginger"}],"event_choices":[{"damage_healed":0.0,"max_hp_gain":5.0,"max_hp_loss":0.0,"gold_gain":0.0,"event_name":"Big Fish","player_choice":"Donut","floor":3.0,"gold_loss":0.0,"damage_taken":0.0},{"damage_healed":0.0,"max_hp_gain":0.0,"max_hp_loss":0.0,"gold_gain":0.0,"event_name":"Mushrooms","player_choice":"Fought Mushrooms","floor":7.0,"gold_loss":0.0,"damage_taken":0.0},{"damage_healed":0.0,"max_hp_gain":0.0,"max_hp_loss":0.0,"gold_gain":0.0,"cards_transformed":["Strike_B"],"event_name":"Transmorgrifier","player_choice":"Transformed","floor":11.0,"gold_loss":0.0,"damage_taken":0.0,"cards_obtained":["Rip and Tear"]}],"is_beta":false,"boss_relics":[],"items_purged_floors":[],"is_endless":false,"potions_floor_spawned":[5,7,10],"killed_by":"The Guardian","ascension_level":4}}