{"host":"jm9833yuloeli2yd","time":1609697063,"event":{"mods":["AchievementEnabler","BaseMod","Better Altar","Better Match","Better Note","Better Sensory Stone","Better Skull","Better Third Choice","Better Vampires","BetterRewards","Colored Map","Colored Powertips","DeckTracker","Marked Mod","Minty Spire (QoL Compilation)","Permanent Neow","Quick Restart","StSLib","SuperFastMode"],"gold_per_floor":[113,133,8,27,44,76,226,226,250,281,281,298,318,344,344,422,422,422,422,337,337,337,337,337,337,337,337,337,337,337,337,337,337,337],"floor_reached":33,"playtime":1141,"items_purged":[],"score":506,"play_id":"f45e315a-dc6d-4362-b5e1-fc508c2ed33b","local_time":"20210103130423","is_ascension_mode":true,"campfire_choices":[{"data":"Cleave","floor":8,"key":"SMITH"},{"floor":11,"key":"REST"},{"data":"Bash","floor":15,"key":"SMITH"},{"data":"Disarm","floor":23,"key":"SMITH"},{"data":"Shockwave","floor":25,"key":"SMITH"},{"floor":32,"key":"REST"}],"circlet_count":0,"master_deck":["AscendersBane","Strike_R","Strike_R","Strike_R","Strike_R","Strike_R","Defend_R","Defend_R","Defend_R","Defend_R","Bash+1","Cleave+1","Metallicize","Fiend Fire+1","Rampage+1","Power Through","Shockwave+1","Disarm+1","Doubt","Burning Pact","Headbutt","Impervious","Reaper","Hemokinesis+1","Metallicize","Offering","Spot Weakness","True Grit","Shrug It Off","Headbutt+1","Rupture"],"relics":["Runic Cube","Regal Pillow","Tiny Chest","Red Skull","Art of War","Ectoplasm","Darkstone Periapt","Ginger","Potion Belt","Dream Catcher"],"acts_visited":["Exordium","TheCity"],"potions_floor_usage":[10,30,33,33],"damage_taken":[{"damage":8.0,"enemies":"Jaw Worm","floor":1.0,"turns":4.0},{"damage":6.0,"enemies":"Cultist","floor":2.0,"turns":5.0},{"damage":3,"enemies":"Small Slimes","floor":4,"turns":3},{"damage":6,"enemies":"Looter","floor":5,"turns":3},{"damage":6,"enemies":"Gremlin Nob","floor":6,"turns":3},{"damage":26,"enemies":"3 Sentries","floor":10,"turns":11},{"damage":17,"enemies":"Gremlin Gang","floor":12,"turns":5},{"damage":0,"enemies":"Blue Slaver","floor":13,"turns":2},{"damage":15,"enemies":"Lagavulin","floor":14,"turns":6},{"damage":5,"enemies":"Hexaghost","floor":16,"turns":9},{"damage":11,"enemies":"Shell Parasite","floor":18,"turns":6},{"damage":16,"enemies":"3 Byrds","floor":22,"turns":6},{"damage":14,"enemies":"Snake Plant","floor":27,"turns":3},{"damage":14,"enemies":"Shelled Parasite and Fungi","floor":28,"turns":6},{"damage":15,"enemies":"Cultist and Chosen","floor":29,"turns":6},{"damage":19,"enemies":"Book of Stabbing","floor":30,"turns":4},{"damage":10,"enemies":"3 Cultists","floor":31,"turns":5},{"damage":77,"enemies":"Champ","floor":33,"turns":9}],"seed_played":"3600729849736216052","potions_obtained":[{"floor":4,"key":"BloodPotion"},{"floor":5,"key":"BlessingOfTheForge"},{"floor":10,"key":"Dexterity Potion"},{"floor":27,"key":"EssenceOfSteel"},{"floor":28,"key":"SteroidPotion"},{"floor":29,"key":"BloodPotion"}],"is_trial":false,"path_per_floor":["M","M","?","M","M","E","?","R","T","E","R","M","M","E","R","B",null,"M","?","?","?","M","R","T","R","T","M","M","M","E","M","R","B"],"character_chosen":"IRONCLAD","items_purchased":[],"campfire_rested":2,"item_purchase_floors":[],"current_hp_per_floor":[60,54,54,51,45,39,39,39,39,28,65,48,48,33,33,28,63,58,58,58,58,42,42,42,42,42,38,31,39,20,20,57,0,0],"gold":337,"neow_bonus":"BOSS_RELIC","is_daily":false,"chose_seed":false,"campfire_upgraded":4,"win_rate":0.0,"timestamp":1609697063,"path_taken":["M","M","?","M","M","E","?","R","T","E","R","M","M","E","R","BOSS","M","?","?","?","M","R","?","R","T","M","?","M","E","M","R","BOSS"],"items_purchased_type":[],"build_version":"2020-12-22","purchased_purges":0,"victory":false,"max_hp_per_floor":[75,75,75,75,75,75,75,75,75,75,75,75,75,75,75,75,75,75,75,75,75,75,75,75,75,75,75,75,75,75,75,75,75,75],"card_choices":[{"not_picked":["True Grit","Body Slam"],"picked":"Cleave","floor":1.0},{"not_picked":["Pummel","Sword Boomerang"],"picked":"Metallicize","floor":2.0},{"not_picked":["Berserk+1","Bludgeon+1"],"picked":"Fiend Fire+1","floor":3},{"not_picked":["Pummel+1","Entrench+1"],"picked":"Rampage+1","floor":3},{"not_picked":["Wild Strike","Combust"],"picked":"Power Through","floor":4},{"not_picked":["Wild Strike","Armaments"],"picked":"Shockwave","floor":5},{"not_picked":["Thunderclap","Sentinel"],"picked":"Disarm","floor":6},{"not_picked":["Headbutt","Wild Strike"],"picked":"Burning Pact","floor":10},{"not_picked":["Combust","Blood for Blood","Clothesline"],"picked":"SKIP","floor":12},{"not_picked":["Burning Pact","Carnage"],"picked":"Headbutt","floor":13},{"not_picked":["Uppercut","Twin Strike"],"picked":"Impervious","floor":14},{"not_picked":["Double Tap","Juggernaut"],"picked":"Reaper","floor":16},{"not_picked":["Wild Strike+1","Sword Boomerang","Havoc"],"picked":"SKIP","floor":18},{"not_picked":["Reckless Charge+1","Searing Blow+1"],"picked":"Hemokinesis+1","floor":19},{"not_picked":["Armaments","Combust"],"picked":"Offering","floor":22},{"not_picked":["Shockwave","Twin Strike"],"picked":"Spot Weakness","floor":27},{"not_picked":["Searing Blow","Havoc"],"picked":"True Grit","floor":28},{"not_picked":["Clash","Sever Soul"],"picked":"Shrug It Off","floor":29},{"not_picked":["Rupture","Wild Strike"],"picked":"Headbutt+1","floor":30},{"not_picked":["Warcry+1","Heavy Blade+1"],"picked":"Rupture","floor":31}],"player_experience":1249823,"relics_obtained":[{"floor":6,"key":"Regal Pillow"},{"floor":9,"key":"Tiny Chest"},{"floor":10,"key":"Red Skull"},{"floor":14,"key":"Art of War"},{"floor":24,"key":"Ginger"},{"floor":26,"key":"Potion Belt"},{"floor":30,"key":"Dream Catcher"}],"event_choices":[{"damage_healed":0,"gold_gain":0,"player_choice":"2","damage_taken":0,"max_hp_gain":0,"max_hp_loss":0,"event_name":"betterMatch:BetterMatch","floor":3,"gold_loss":0,"cards_obtained":["betterMatch:RareCard","betterMatch:UncommonCard"]},{"damage_healed":0,"gold_gain":150,"player_choice":"AGREE","damage_taken":76,"max_hp_gain":0,"max_hp_loss":0,"event_name":"betterThird:BetterSerpent","floor":7,"gold_loss":0},{"damage_healed":0,"gold_gain":0,"player_choice":"2","damage_taken":0,"max_hp_gain":0,"max_hp_loss":0,"event_name":"betterMatch:BetterMatch","floor":19,"gold_loss":0,"cards_obtained":["betterMatch:UncommonCard"]},{"damage_healed":0,"gold_gain":0,"player_choice":"Obtained Relic","damage_taken":0,"relics_obtained":["Darkstone Periapt"],"max_hp_gain":0,"max_hp_loss":0,"event_name":"Addict","floor":20,"gold_loss":85},{"damage_healed":0,"gold_gain":0,"player_choice":"Read","damage_taken":0,"max_hp_gain":0,"max_hp_loss":0,"event_name":"The Library","floor":21,"gold_loss":0,"cards_obtained":["Metallicize"]}],"is_beta":false,"boss_relics":[{"not_picked":["Busted Crown","Pandora\u0027s Box"],"picked":"Ectoplasm"}],"items_purged_floors":[],"is_endless":false,"potions_floor_spawned":[4,5,10,12,27,28,29],"killed_by":"Champ","ascension_level":15}}