{"host":"yvlk1m4foro8gl4v","time":1609644933,"event":{"mods":["AchievementEnabler","Act Like it!","BaseMod","Minty Spire (QoL Compilation)","Relic Stats","StSLib","The Servant 0.9.4","Uncapped"],"gold_per_floor":[115,115,133,149,80,115,134,154,234,250,175,251,271,302,302,403,403,415,7,7,42,58,58,85,85,85,105,29,47,47,60,60,157,157,168,218,218,14,31,60,60,87,166,197,54,54,74,86,86,86,86,86,5,30,30,30],"floor_reached":55,"playtime":2970,"items_purged":["Strike_R","Strike_R","Strike_R"],"score":1054,"play_id":"f73df4f4-7a6c-43cc-9340-ef1980eecb24","local_time":"20210103033533","is_ascension_mode":true,"campfire_choices":[{"data":"Hemokinesis","floor":15.0,"key":"SMITH"},{"data":"Berserk","floor":23.0,"key":"SMITH"},{"data":"Limit Break","floor":32.0,"key":"SMITH"},{"data":"Bash","floor":41.0,"key":"SMITH"},{"floor":46.0,"key":"RECALL"},{"data":"Offering","floor":49.0,"key":"SMITH"},{"data":"Sword Boomerang","floor":52.0,"key":"SMITH"}],"circlet_count":0,"master_deck":["Strike_R","Strike_R","Defend_R","Defend_R","Defend_R","Defend_R","Bash+1","Cleave","Iron Wave","Rampage","Dropkick","Limit Break+1","Sword Boomerang+1","Whirlwind","Hemokinesis+1","Metallicize","Berserk+1","Immolate","Flame Barrier","Offering+1","Fire Breathing+1","Inflame","Brutality","CurseOfTheBell","Blood for Blood","Inflame","Shrug It Off+1","Limit Break+1","Pummel+1","Combust","Bloodletting"],"relics":["Burning Blood","NeowsBlessing","Gremlin Horn","Magic Flower","Odd Mushroom","Meat on the Bone","TungstenRod","Sozu","Paper Frog","Ginger","Red Mask","Regal Pillow","Ancient Tea Set","Enchiridion","Calling Bell","Oddly Smooth Stone","Mercury Hourglass","Gambling Chip","Du-Vu Doll","Lizard Tail","Nunchaku","Charon\u0027s Ashes","DollysMirror","Bottled Tornado"],"acts_visited":["Exordium","TheCity","TheBeyond","TheEnding"],"potions_floor_usage":[55],"damage_taken":[{"damage":0.0,"enemies":"Cultist","floor":1.0,"turns":1.0},{"damage":0.0,"enemies":"Jaw Worm","floor":3.0,"turns":1.0},{"damage":0.0,"enemies":"Small Slimes","floor":4.0,"turns":1.0},{"damage":35.0,"enemies":"3 Sentries","floor":6.0,"turns":7.0},{"damage":24.0,"enemies":"Exordium Thugs","floor":7.0,"turns":4.0},{"damage":14.0,"enemies":"The Mushroom Lair","floor":8.0,"turns":4.0},{"damage":0.0,"enemies":"3 Louse","floor":10.0,"turns":1.0},{"damage":2.0,"enemies":"Large Slime","floor":13.0,"turns":5.0},{"damage":14.0,"enemies":"Lagavulin","floor":14.0,"turns":7.0},{"damage":57.0,"enemies":"Hexaghost","floor":16.0,"turns":10.0},{"damage":33.0,"enemies":"Shell Parasite","floor":18.0,"turns":5.0},{"damage":18.0,"enemies":"Masked Bandits","floor":21.0,"turns":3.0},{"damage":1.0,"enemies":"Spheric Guardian","floor":22.0,"turns":3.0},{"damage":39.0,"enemies":"Slavers","floor":24.0,"turns":4.0},{"damage":18.0,"enemies":"Cultist and Chosen","floor":27.0,"turns":4.0},{"damage":25.0,"enemies":"Sentry and Sphere","floor":29.0,"turns":4.0},{"damage":10.0,"enemies":"Centurion and Healer","floor":31.0,"turns":4.0},{"damage":28.0,"enemies":"Collector","floor":33.0,"turns":5.0},{"damage":11.0,"enemies":"3 Darklings","floor":35.0,"turns":3.0},{"damage":5.0,"enemies":"Mind Bloom Boss Battle","floor":36.0,"turns":3.0},{"damage":6.0,"enemies":"Orb Walker","floor":39.0,"turns":2.0},{"damage":23.0,"enemies":"Reptomancer","floor":40.0,"turns":4.0},{"damage":35.0,"enemies":"Nemesis","floor":42.0,"turns":6.0},{"damage":20.0,"enemies":"Reptomancer","floor":44.0,"turns":4.0},{"damage":5.0,"enemies":"Maw","floor":47.0,"turns":5.0},{"damage":11.0,"enemies":"4 Shapes","floor":48.0,"turns":2.0},{"damage":99.0,"enemies":"Donu and Deca","floor":50.0,"turns":7.0},{"damage":39,"enemies":"Shield and Spear","floor":54,"turns":5},{"damage":75,"enemies":"The Heart","floor":55,"turns":3}],"seed_played":"4200039549972714216","potions_obtained":[{"floor":6.0,"key":"Weak Potion"},{"floor":8.0,"key":"Fire Potion"},{"floor":13.0,"key":"Weak Potion"},{"floor":16.0,"key":"DuplicationPotion"}],"is_trial":false,"path_per_floor":["M","T","M","M","$","E","M","?","T","M","$","?","M","E","R","B",null,"M","$","?","?","M","R","E","$","T","M","$","M","?","M","R","B",null,"M","?","?","$","M","E","R","E","T","E","$","R","M","M","R","B",null,"R","$","E","B"],"character_chosen":"IRONCLAD","items_purchased":["Dropkick","Paper Frog","Offering","Inflame","Inflame","DollysMirror","Combust"],"campfire_rested":0,"item_purchase_floors":[5,19,19,28,38,45,53],"current_hp_per_floor":[78,78,80,80,80,51,36,31,31,58,58,58,65,60,60,30,68,62,62,62,53,61,61,49,49,49,58,58,60,48,65,65,64,76,74,78,76,76,76,62,62,54,54,61,61,61,65,63,63,48,69,69,69,57,0,0],"gold":30,"neow_bonus":"THREE_ENEMY_KILL","is_daily":false,"chose_seed":false,"campfire_upgraded":6,"win_rate":0.0,"timestamp":1609644933,"path_taken":["M","?","M","M","$","E","M","?","T","M","$","?","?","E","R","BOSS","M","$","?","?","M","R","E","$","T","M","?","M","?","M","R","BOSS","M","?","?","$","M","E","R","E","T","E","?","R","M","M","R","BOSS","R","$","E","BOSS"],"items_purchased_type":["Card","Relic","Card","Card","Card","Relic","Card"],"build_version":"2020-12-22","purchased_purges":3,"victory":false,"max_hp_per_floor":[80,80,80,80,80,80,80,80,80,80,80,80,80,80,80,80,80,80,80,80,80,80,80,80,80,80,80,80,80,80,80,80,80,80,80,80,76,76,76,76,76,76,76,76,76,76,76,76,76,76,76,76,76,76,76,76],"relic_stats":{"Regal Pillow":0,"Gremlin Horn":[29,29],"counters":[29,116],"Magic Flower":[160],"Charon\u0027s Ashes":[42],"Ginger":[11],"Burning Blood":227,"Mercury Hourglass":[192],"Sozu":7,"Lizard Tail":57,"Nunchaku":[4],"Gambling Chip":[35],"obtain_stats":[{"Regal Pillow":24,"NeowsBlessing":0,"Gremlin Horn":2,"Magic Flower":6,"Enchiridion":30,"Oddly Smooth Stone":34,"Charon\u0027s Ashes":44,"Ginger":20,"Odd Mushroom":8,"Bottled Tornado":54,"Ancient Tea Set":26,"Burning Blood":0,"Mercury Hourglass":34,"Sozu":17,"Calling Bell":34,"Du-Vu Doll":36,"Lizard Tail":40,"Nunchaku":42,"DollysMirror":45,"Gambling Chip":34,"Red Mask":21,"TungstenRod":14,"Meat on the Bone":9,"Paper Frog":19},{"Regal Pillow":14,"NeowsBlessing":0,"Gremlin Horn":1,"Magic Flower":4,"Enchiridion":16,"Oddly Smooth Stone":18,"Charon\u0027s Ashes":24,"Ginger":11,"Odd Mushroom":6,"Bottled Tornado":28,"Ancient Tea Set":14,"Burning Blood":0,"Mercury Hourglass":18,"Sozu":10,"Calling Bell":18,"Du-Vu Doll":20,"Lizard Tail":22,"Nunchaku":23,"DollysMirror":24,"Gambling Chip":18,"Red Mask":12,"TungstenRod":9,"Meat on the Bone":6,"Paper Frog":11},{"Regal Pillow":56,"NeowsBlessing":0,"Gremlin Horn":1,"Magic Flower":10,"Enchiridion":64,"Oddly Smooth Stone":73,"Charon\u0027s Ashes":94,"Ginger":46,"Odd Mushroom":18,"Bottled Tornado":113,"Ancient Tea Set":56,"Burning Blood":0,"Mercury Hourglass":73,"Sozu":41,"Calling Bell":73,"Du-Vu Doll":79,"Lizard Tail":85,"Nunchaku":90,"DollysMirror":94,"Gambling Chip":73,"Red Mask":49,"TungstenRod":31,"Meat on the Bone":18,"Paper Frog":46}],"TungstenRod":153,"Meat on the Bone":216},"card_choices":[{"not_picked":["Sword Boomerang","True Grit"],"picked":"Cleave","floor":1.0},{"not_picked":["Clash","Battle Trance"],"picked":"Iron Wave","floor":3.0},{"not_picked":["Pommel Strike","Clothesline"],"picked":"Rampage","floor":4.0},{"not_picked":["Impervious","Havoc"],"picked":"Limit Break","floor":6.0},{"not_picked":["Evolve","Twin Strike"],"picked":"Sword Boomerang","floor":7.0},{"not_picked":["Heavy Blade","Dropkick"],"picked":"Whirlwind","floor":8.0},{"not_picked":["Sword Boomerang","Dropkick"],"picked":"Hemokinesis","floor":10.0},{"not_picked":["Iron Wave","Dropkick"],"picked":"Metallicize","floor":13.0},{"not_picked":["Havoc","Dropkick"],"picked":"Berserk","floor":14.0},{"not_picked":["Fiend Fire","Berserk"],"picked":"Immolate","floor":16.0},{"not_picked":["Cleave","Searing Blow"],"picked":"Flame Barrier","floor":18.0},{"not_picked":["Burning Pact","Warcry"],"picked":"Fire Breathing+1","floor":22.0},{"not_picked":["Perfected Strike","Flame Barrier","Fire Breathing+1"],"picked":"SKIP","floor":24.0},{"not_picked":["Sever Soul","Havoc","Feel No Pain"],"picked":"SKIP","floor":27.0},{"not_picked":["Pommel Strike+1","Clothesline","Flex"],"picked":"SKIP","floor":29.0},{"not_picked":["Uppercut","True Grit","Perfected Strike"],"picked":"SKIP","floor":31.0},{"not_picked":["Fiend Fire","Berserk"],"picked":"Brutality","floor":33.0},{"not_picked":["Anger+1","Second Wind","Whirlwind"],"picked":"SKIP","floor":35.0},{"not_picked":["Iron Wave","Twin Strike+1"],"picked":"Blood for Blood","floor":36.0},{"not_picked":["Iron Wave+1","Pommel Strike+1","Body Slam"],"picked":"SKIP","floor":39.0},{"not_picked":["Sword Boomerang+1","Blood for Blood","Fire Breathing"],"picked":"SKIP","floor":40.0},{"not_picked":["Inflame+1","Juggernaut"],"picked":"Shrug It Off+1","floor":42.0},{"not_picked":["Wild Strike","Twin Strike","Clash+1"],"picked":"SKIP","floor":44.0},{"not_picked":["Sword Boomerang+1","Battle Trance"],"picked":"Pummel+1","floor":47.0},{"not_picked":["Heavy Blade+1","Flex","Wild Strike"],"picked":"SKIP","floor":48.0},{"not_picked":["Fire Breathing+1","Havoc"],"picked":"Bloodletting","floor":54}],"player_experience":708598,"relics_obtained":[{"floor":2.0,"key":"Gremlin Horn"},{"floor":6.0,"key":"Magic Flower"},{"floor":8.0,"key":"Odd Mushroom"},{"floor":9.0,"key":"Meat on the Bone"},{"floor":14.0,"key":"TungstenRod"},{"floor":21.0,"key":"Red Mask"},{"floor":24.0,"key":"Regal Pillow"},{"floor":26.0,"key":"Ancient Tea Set"},{"floor":30.0,"key":"Enchiridion"},{"floor":34.0,"key":"Oddly Smooth Stone"},{"floor":34.0,"key":"Mercury Hourglass"},{"floor":34.0,"key":"Gambling Chip"},{"floor":36.0,"key":"Du-Vu Doll"},{"floor":40.0,"key":"Lizard Tail"},{"floor":42.0,"key":"Nunchaku"},{"floor":44.0,"key":"Charon\u0027s Ashes"},{"floor":54,"key":"Bottled Tornado"}],"event_choices":[{"damage_healed":0.0,"max_hp_gain":0.0,"max_hp_loss":0.0,"gold_gain":0.0,"event_name":"Mushrooms","player_choice":"Fought Mushrooms","floor":8.0,"gold_loss":0.0,"damage_taken":0.0},{"damage_healed":0.0,"max_hp_gain":0.0,"max_hp_loss":0.0,"gold_gain":76.0,"event_name":"Golden Wing","player_choice":"Gained Gold","floor":12.0,"gold_loss":0.0,"damage_taken":0.0},{"damage_healed":0.0,"max_hp_gain":0.0,"max_hp_loss":0.0,"gold_gain":0.0,"event_name":"The Mausoleum","player_choice":"Opened","floor":20.0,"gold_loss":0.0,"damage_taken":0.0,"relics_obtained":["Ginger"]},{"damage_healed":0.0,"max_hp_gain":0.0,"max_hp_loss":0.0,"gold_gain":0.0,"event_name":"Masked Bandits","player_choice":"Fought Bandits","floor":21.0,"gold_loss":0.0,"damage_taken":0.0},{"damage_healed":0.0,"max_hp_gain":0.0,"max_hp_loss":0.0,"gold_gain":0.0,"event_name":"Cursed Tome","player_choice":"Obtained Book","floor":30.0,"gold_loss":0.0,"damage_taken":16.0},{"damage_healed":0.0,"max_hp_gain":0.0,"max_hp_loss":0.0,"gold_gain":0.0,"event_name":"MindBloom","player_choice":"Fight","floor":36.0,"gold_loss":0.0,"damage_taken":0.0},{"damage_healed":0.0,"max_hp_gain":0.0,"max_hp_loss":4.0,"gold_gain":0.0,"event_name":"Winding Halls","player_choice":"Max HP","floor":37.0,"gold_loss":0.0,"damage_taken":0.0}],"is_beta":false,"boss_relics":[{"not_picked":["Runic Cube","Coffee Dripper"],"picked":"Sozu"},{"not_picked":["SlaversCollar","Velvet Choker"],"picked":"Calling Bell"}],"items_purged_floors":[11,19,38],"is_endless":false,"potions_floor_spawned":[6,8,13,16,27,29,31,33,36,39,47],"killed_by":"The Heart","ascension_level":8}}