{"host":"my77oq6kb6j47rwl","time":1609644657,"event":{"mods":["BaseMod","Emptier Cage","Ironclad Rager","Minty Spire (QoL Compilation)","Quick Restart","Rare Cards Sparkle","StSLib"],"gold_per_floor":[19,19,34,54,67,105,129,129,129,49,85,98,138,163,163,257,257,282,303,303,316,241,276,276,310,387,135,135,97,97,135,135,234,234,259,283,308,323,27,27,27,58,58,58,72,88,0,0,0,0],"floor_reached":51,"playtime":5036,"items_purged":["Twin Strike","Twin Strike"],"score":1205,"play_id":"cb1f98c2-fd5b-4398-a512-8fe89c0e870b","local_time":"20210102223057","is_ascension_mode":true,"campfire_choices":[{"data":"Blood for Blood","floor":8,"key":"SMITH"},{"floor":15,"key":"REST"},{"data":"Berserk","floor":30,"key":"SMITH"},{"data":"Barricade","floor":32,"key":"SMITH"},{"data":"Juggernaut","floor":40,"key":"SMITH"},{"floor":44,"key":"REST"},{"data":"Iron Wave","floor":49,"key":"SMITH"}],"circlet_count":0,"master_deck":["AscendersBane","Bash","Iron Wave+1","Iron Wave","Iron Wave","Blood for Blood+1","Spot Weakness","Reaper","Barricade+1","Disarm","Armaments","Berserk+1","Iron Wave+1","Necronomicurse","Metallicize","Body Slam+1","Fire Breathing","Feed","Juggernaut+1","Clothesline+1","Ghostly Armor+1","Shrug It Off+1","Shrug It Off+1","Metallicize"],"relics":["Burning Blood","Golden Idol","Regal Pillow","Ancient Tea Set","Self Forming Clay","Strawberry","Dream Catcher","Empty Cage","Necronomicon","HornCleat","Sundial","Boot","Eternal Feather","Sling","Red Skull","Velvet Choker","Toxic Egg 2","Unceasing Top","Omamori","Red Mask","InkBottle"],"acts_visited":["Exordium","TheCity","TheBeyond"],"potions_floor_usage":[11,13,21,23,25,31,36,38,50,50],"damage_taken":[{"damage":3,"enemies":"Small Slimes","floor":1,"turns":2},{"damage":1,"enemies":"Jaw Worm","floor":3,"turns":3},{"damage":5,"enemies":"2 Louse","floor":4,"turns":3},{"damage":4,"enemies":"Exordium Wildlife","floor":5,"turns":2},{"damage":29,"enemies":"3 Sentries","floor":6,"turns":5},{"damage":18,"enemies":"Lagavulin","floor":11,"turns":4},{"damage":13,"enemies":"Looter","floor":12,"turns":2},{"damage":10,"enemies":"Gremlin Nob","floor":13,"turns":3},{"damage":10,"enemies":"Blue Slaver","floor":14,"turns":3},{"damage":24,"enemies":"The Guardian","floor":16,"turns":9},{"damage":7,"enemies":"3 Byrds","floor":18,"turns":5},{"damage":27,"enemies":"Shell Parasite","floor":19,"turns":6},{"damage":17,"enemies":"Chosen and Byrds","floor":21,"turns":5},{"damage":20,"enemies":"Slavers","floor":23,"turns":6},{"damage":42,"enemies":"Gremlin Leader","floor":25,"turns":8},{"damage":15,"enemies":"Slavers","floor":31,"turns":4},{"damage":45,"enemies":"Automaton","floor":33,"turns":11},{"damage":8,"enemies":"Orb Walker","floor":35,"turns":3},{"damage":25,"enemies":"3 Shapes","floor":36,"turns":8},{"damage":31,"enemies":"Jaw Worm Horde","floor":37,"turns":5},{"damage":52,"enemies":"Sphere and 2 Shapes","floor":38,"turns":4},{"damage":10,"enemies":"Giant Head","floor":42,"turns":5},{"damage":17,"enemies":"Writhing Mass","floor":45,"turns":5},{"damage":18,"enemies":"Transient","floor":46,"turns":5},{"damage":61,"enemies":"Awakened One","floor":50,"turns":10}],"seed_played":"-8222630983088133138","potions_obtained":[{"floor":4,"key":"CultistPotion"},{"floor":5,"key":"FearPotion"},{"floor":11,"key":"BloodPotion"},{"floor":13,"key":"Energy Potion"},{"floor":21,"key":"DuplicationPotion"},{"floor":23,"key":"AttackPotion"},{"floor":31,"key":"ElixirPotion"},{"floor":37,"key":"Fruit Juice"},{"floor":38,"key":"CultistPotion"}],"is_trial":false,"path_per_floor":["M","?","M","M","M","E","T","R","T","$","E","M","E","M","R","B",null,"M","M","?","M","$","E","?","E","T","$","?","$","R","E","R","B",null,"M","M","M","M","$","R","?","E","T","R","M","M","?","T","R","B",null],"character_chosen":"IRONCLAD","items_purchased":["Reaper","Sling","Fire Breathing","Toxic Egg 2","Strength Potion"],"campfire_rested":2,"item_purchase_floors":[10,27,29,39,39],"current_hp_per_floor":[54,54,59,60,62,39,39,39,39,39,40,33,29,25,62,44,67,74,53,37,60,60,72,72,36,36,36,36,36,45,50,59,40,66,72,59,53,40,40,52,52,48,48,83,72,60,60,60,72,74],"gold":0,"neow_bonus":"IRONCLAD_BERSERKER","is_daily":false,"chose_seed":false,"campfire_upgraded":5,"win_rate":0.0,"timestamp":1609644657,"path_taken":["M","?","M","M","M","E","?","R","T","$","E","M","E","M","R","BOSS","M","M","?","M","$","E","?","E","T","$","?","?","R","E","R","BOSS","M","M","M","M","$","R","?","E","T","R","M","M","?","?","R","BOSS"],"items_purchased_type":["Card","Relic","Card","Relic","Potion"],"build_version":"2020-12-22","purchased_purges":2,"victory":true,"max_hp_per_floor":[72,67,67,67,67,67,67,67,67,67,74,74,74,74,74,74,74,74,74,74,74,74,74,74,74,74,74,74,74,74,74,74,74,74,74,78,78,83,83,83,83,83,83,83,83,83,83,83,83,86],"card_choices":[{"not_picked":["True Grit","Flex"],"picked":"Blood for Blood","floor":1},{"not_picked":["Shrug It Off","Sentinel"],"picked":"Spot Weakness","floor":3},{"not_picked":["Flex","Clothesline","Sever Soul"],"picked":"SKIP","floor":4},{"not_picked":["Headbutt","Heavy Blade","Cleave"],"picked":"SKIP","floor":5},{"not_picked":["Headbutt","Flame Barrier","Warcry"],"picked":"SKIP","floor":6},{"not_picked":["Shockwave","Pommel Strike"],"picked":"Barricade","floor":11},{"not_picked":["Cleave","Perfected Strike","Wild Strike"],"picked":"SKIP","floor":12},{"not_picked":["Intimidate","Clothesline"],"picked":"Disarm","floor":13},{"not_picked":["Anger","Flex","Cleave"],"picked":"SKIP","floor":14},{"not_picked":["Shrug It Off","Sword Boomerang"],"picked":"Armaments","floor":15},{"not_picked":["Immolate","Brutality"],"picked":"Berserk","floor":16},{"not_picked":["Body Slam","Power Through","Whirlwind"],"picked":"SKIP","floor":18},{"not_picked":["Heavy Blade","Uppercut"],"picked":"Iron Wave+1","floor":19},{"not_picked":["Headbutt+1","Carnage"],"picked":"Metallicize","floor":21},{"not_picked":["Body Slam","Shrug It Off","Uppercut"],"picked":"SKIP","floor":23},{"not_picked":["Iron Wave","Flex"],"picked":"Body Slam+1","floor":25},{"not_picked":["Clash","Wild Strike"],"picked":"Feed","floor":31},{"not_picked":["Corruption","Berserk"],"picked":"Juggernaut","floor":33},{"not_picked":["Headbutt","Warcry"],"picked":"Clothesline+1","floor":35},{"not_picked":["Iron Wave","Wild Strike","Spot Weakness"],"picked":"SKIP","floor":36},{"not_picked":["Cleave","True Grit","ICR:Frenzy"],"picked":"SKIP","floor":37},{"not_picked":["Twin Strike+1","Havoc","Second Wind"],"picked":"SKIP","floor":38},{"not_picked":["Whirlwind","Brutality"],"picked":"Ghostly Armor+1","floor":42},{"not_picked":["True Grit+1","Wild Strike"],"picked":"Shrug It Off+1","floor":44},{"not_picked":["Clash+1","Iron Wave"],"picked":"Shrug It Off+1","floor":45},{"not_picked":["Rupture","Clash"],"picked":"Metallicize","floor":46}],"player_experience":1014432,"relics_obtained":[{"floor":6,"key":"Regal Pillow"},{"floor":7,"key":"Ancient Tea Set"},{"floor":9,"key":"Self Forming Clay"},{"floor":11,"key":"Strawberry"},{"floor":13,"key":"Dream Catcher"},{"floor":20,"key":"Necronomicon"},{"floor":23,"key":"HornCleat"},{"floor":25,"key":"Boot"},{"floor":26,"key":"Eternal Feather"},{"floor":31,"key":"Red Skull"},{"floor":42,"key":"Unceasing Top"},{"floor":43,"key":"Omamori"},{"floor":48,"key":"InkBottle"}],"event_choices":[{"damage_healed":0,"gold_gain":0,"player_choice":"Lose Max HP","damage_taken":0,"relics_obtained":["Golden Idol"],"max_hp_gain":0,"max_hp_loss":5,"event_name":"Golden Idol","floor":2,"gold_loss":0},{"damage_healed":0,"gold_gain":0,"player_choice":"Obtained Book","damage_taken":16,"max_hp_gain":0,"max_hp_loss":0,"event_name":"Cursed Tome","floor":20,"gold_loss":0},{"damage_healed":0,"gold_gain":0,"player_choice":"Opened","damage_taken":0,"relics_obtained":["Sundial"],"max_hp_gain":0,"max_hp_loss":0,"event_name":"The Mausoleum","floor":24,"gold_loss":0},{"cards_removed":["Twin Strike"],"damage_healed":0,"gold_gain":0,"player_choice":"Elegance","damage_taken":0,"max_hp_gain":0,"max_hp_loss":0,"event_name":"Back to Basics","floor":28,"gold_loss":0},{"cards_removed":["Iron Wave"],"damage_healed":0,"gold_gain":0,"player_choice":"Removed Attack","damage_taken":0,"max_hp_gain":0,"max_hp_loss":0,"event_name":"Falling","floor":41,"gold_loss":0},{"damage_healed":0,"gold_gain":0,"player_choice":"Paid","damage_taken":0,"relics_obtained":["Red Mask"],"max_hp_gain":0,"max_hp_loss":0,"event_name":"Tomb of Lord Red Mask","floor":47,"gold_loss":88}],"is_beta":false,"boss_relics":[{"not_picked":["SacredBark","Runic Pyramid"],"picked":"Empty Cage"},{"not_picked":["Sozu","Snecko Eye"],"picked":"Velvet Choker"}],"items_purged_floors":[22,27],"is_endless":false,"potions_floor_spawned":[4,5,11,12,13,21,23,31,37,38,46],"ascension_level":13}}