{"host":"b4oqa93y40rb9616","time":1609638956,"event":{"mods":["BaseMod","Colored Map","Custom Start","DeckTracker","Keyboard Shortcuts","Minty Spire (QoL Compilation)","Permanent Neow","Quick Restart","StSLib","SuperFastMode","everything is the same but u backflip on backflip"],"gold_per_floor":[116,135,150,75,94,123,123,137,186,186,202,235,235,252,252,326,326,343,356,88,102,102,102,130,146,214,214,231,231,231,231,231],"floor_reached":31,"playtime":697,"items_purged":["Defend_P","Strike_P"],"score":588,"play_id":"ac499792-9498-40ea-a0b1-4a4d9b42e146","local_time":"20210103105556","is_ascension_mode":true,"campfire_choices":[{"data":"Eruption","floor":7.0,"key":"SMITH"},{"floor":10.0,"key":"REST"},{"data":"SandsOfTime","floor":15.0,"key":"SMITH"},{"data":"Scrawl","floor":23,"key":"SMITH"},{"data":"DevaForm","floor":27,"key":"SMITH"},{"data":"Fasting2","floor":29,"key":"SMITH"}],"circlet_count":0,"master_deck":["AscendersBane","Strike_P","Strike_P","Strike_P","Defend_P+1","Defend_P+1","Eruption+1","Vigilance","Scrawl+1","Tantrum","Prostrate","Halt","CrushJoints","SandsOfTime+1","FlurryOfBlows","EmptyBody","Sanctity","DevaForm+1","Ghostly","Ghostly","Ghostly","Fasting2+1"],"relics":["PureWater","Nunchaku","Pen Nib","StrikeDummy","Sozu","Medical Kit","War Paint"],"acts_visited":["Exordium","TheCity"],"potions_floor_usage":[24,24],"damage_taken":[{"damage":0.0,"enemies":"Cultist","floor":1.0,"turns":2.0},{"damage":0.0,"enemies":"Jaw Worm","floor":2.0,"turns":2.0},{"damage":0.0,"enemies":"Small Slimes","floor":3.0,"turns":2.0},{"damage":5.0,"enemies":"Looter","floor":5.0,"turns":3.0},{"damage":16.0,"enemies":"Gremlin Nob","floor":6.0,"turns":3.0},{"damage":10.0,"enemies":"Exordium Thugs","floor":8.0,"turns":2.0},{"damage":5.0,"enemies":"Exordium Wildlife","floor":11.0,"turns":4.0},{"damage":4.0,"enemies":"3 Sentries","floor":12.0,"turns":4.0},{"damage":0.0,"enemies":"Blue Slaver","floor":14.0,"turns":1.0},{"damage":8,"enemies":"The Guardian","floor":16,"turns":7},{"damage":0,"enemies":"Chosen","floor":18,"turns":2},{"damage":0,"enemies":"Spheric Guardian","floor":19,"turns":1},{"damage":26,"enemies":"Snake Plant","floor":21,"turns":4},{"damage":5,"enemies":"Book of Stabbing","floor":24,"turns":3},{"damage":0,"enemies":"Cultist and Chosen","floor":25,"turns":3},{"damage":0,"enemies":"Centurion and Healer","floor":28,"turns":4},{"damage":21,"enemies":"Slavers","floor":31,"turns":1}],"seed_played":"-1385262973215980946","potions_obtained":[{"floor":1.0,"key":"SteroidPotion"},{"floor":3.0,"key":"Dexterity Potion"},{"floor":5.0,"key":"Ambrosia"},{"floor":11.0,"key":"BottledMiracle"}],"is_trial":false,"path_per_floor":["M","M","M","$","M","E","R","M","T","R","M","E","?","M","R","B",null,"M","M","$","M","?","R","E","M","T","R","M","R","?","E"],"character_chosen":"WATCHER","items_purchased":["Medical Kit"],"campfire_rested":1,"item_purchase_floors":[20],"current_hp_per_floor":[43,43,43,43,38,22,22,12,12,32,27,23,23,23,23,15,55,55,55,55,29,29,29,24,24,24,24,24,24,17,0,0],"gold":231,"neow_bonus":"THREE_RARE_CARDS","is_daily":false,"chose_seed":false,"campfire_upgraded":5,"win_rate":0.0,"timestamp":1609638956,"path_taken":["M","M","M","$","M","E","R","M","T","R","M","E","?","?","R","BOSS","M","M","$","M","?","R","E","M","T","R","M","R","?","E"],"items_purchased_type":["Relic"],"build_version":"2020-12-22","purchased_purges":2,"victory":false,"max_hp_per_floor":[68,68,68,68,68,68,68,68,68,68,68,68,68,68,68,68,68,68,68,68,68,34,34,34,34,34,34,34,34,39,39,39],"card_choices":[{"not_picked":["Brilliance","Establishment"],"picked":"Scrawl","floor":0.0},{"not_picked":["DeceiveReality","ThirdEye"],"picked":"Tantrum","floor":1.0},{"not_picked":["SashWhip","Crescendo"],"picked":"Prostrate","floor":2.0},{"not_picked":["ForeignInfluence","SashWhip"],"picked":"Halt","floor":3.0},{"not_picked":["ThirdEye","CutThroughFate"],"picked":"CrushJoints","floor":5.0},{"not_picked":["Collect","ThirdEye"],"picked":"SandsOfTime","floor":6.0},{"not_picked":["EmptyBody","WaveOfTheHand"],"picked":"FlurryOfBlows","floor":8.0},{"not_picked":["Wish","ForeignInfluence","WheelKick"],"picked":"SKIP","floor":11.0},{"not_picked":["FlurryOfBlows","SashWhip"],"picked":"EmptyBody","floor":12.0},{"not_picked":["FlurryOfBlows","FollowUp"],"picked":"Sanctity","floor":14.0},{"not_picked":["Devotion","Omniscience"],"picked":"DevaForm","floor":16},{"not_picked":["JustLucky","ThirdEye","CrushJoints"],"picked":"SKIP","floor":18},{"not_picked":["Crescendo","Halt","PathToVictory"],"picked":"SKIP","floor":19},{"not_picked":["FollowUp","Crescendo","Protect"],"picked":"SKIP","floor":21},{"not_picked":["Meditate","Crescendo"],"picked":"Fasting2","floor":24},{"not_picked":["DevaForm","Consecrate+1","Worship"],"picked":"SKIP","floor":25},{"not_picked":["CutThroughFate","Consecrate","Pray"],"picked":"SKIP","floor":28}],"player_experience":416489,"relics_obtained":[{"floor":6.0,"key":"Nunchaku"},{"floor":9.0,"key":"Pen Nib"},{"floor":12.0,"key":"StrikeDummy"},{"floor":24,"key":"War Paint"}],"event_choices":[{"cards_removed":["Defend_P"],"damage_healed":0.0,"max_hp_gain":0.0,"max_hp_loss":0.0,"gold_gain":0.0,"event_name":"Bonfire Elementals","player_choice":"Offered Basic","floor":13.0,"gold_loss":0.0,"damage_taken":0.0},{"damage_healed":0,"gold_gain":0,"player_choice":"Became a Ghost","damage_taken":0,"max_hp_gain":0,"max_hp_loss":34,"event_name":"Ghosts","floor":22,"gold_loss":0,"cards_obtained":["Ghostly","Ghostly","Ghostly"]},{"damage_healed":0,"gold_gain":0,"player_choice":"Shed Blood","damage_taken":12,"max_hp_gain":5,"max_hp_loss":0,"event_name":"Forgotten Altar","floor":30,"gold_loss":0}],"is_beta":false,"boss_relics":[{"not_picked":["Busted Crown","Runic Pyramid"],"picked":"Sozu"}],"items_purged_floors":[4,20],"is_endless":false,"potions_floor_spawned":[1,3,5,11,16,19,24,28],"killed_by":"Slavers","ascension_level":20}}