{"host":"f5uumzf5hfexzk8l","time":1609665872,"event":{"mods":["AchievementEnabler","BaseMod","Colored Map","Googly Eyes","Highlight Path","Minty Spire (QoL Compilation)","Permanent Neow","Relic Stats","StSLib","SuperFastMode","Unceasing Turn Reminder","everything is the same but u backflip on backflip"],"gold_per_floor":[119,130,130,130,149,149,168,203,255,291,118,118,152,165,165,258,258,283,200,213,237,105,105,144,144,144,157,181,181,219,243,243,342,342,362,431,125,149,170,170,201,201,201,201,219,240,280,0,0,0],"floor_reached":51,"playtime":2215,"items_purged":["Strike_G","Strike_G","Strike_G","Strike_G"],"score":1349,"play_id":"b9828bd0-5481-470f-8a5a-78bb04dc4106","local_time":"20210103012432","is_ascension_mode":true,"campfire_choices":[{"data":"Neutralize","floor":6,"key":"SMITH"},{"floor":12,"key":"REST"},{"floor":15,"key":"REST"},{"data":"Burst","floor":23,"key":"SMITH"},{"data":"Bullet Time","floor":25,"key":"SMITH"},{"data":"Concentrate","floor":32,"key":"SMITH"},{"data":"Defend_G","floor":40,"key":"PURGE"},{"floor":42,"key":"REST"},{"floor":49,"key":"REST"}],"circlet_count":0,"master_deck":["AscendersBane","Defend_G","Defend_G","Defend_G","Survivor","Neutralize+1","PiercingWail","Dash","Glass Knife","Bouncing Flask","Poisoned Stab","Leg Sweep","Bullet Time+1","Dash","Leg Sweep","Backflip","Backflip+1","Burst+1","Calculated Gamble","Concentrate+1","Corpse Explosion","Footwork+1","Acrobatics","Backflip","Crippling Poison","Noxious Fumes"],"relics":["Philosopher\u0027s Stone","Golden Idol","Pear","Smiling Mask","Snake Skull","Letter Opener","Runic Pyramid","Omamori","Akabeko","Tiny Chest","Peace Pipe","Eternal Feather","Bottled Flame","Meat on the Bone","Orichalcum","Red Mask"],"acts_visited":["Exordium","TheCity","TheBeyond"],"potions_floor_usage":[8,10,16,50],"damage_taken":[{"damage":5,"enemies":"Small Slimes","floor":1,"turns":5},{"damage":0,"enemies":"Cultist","floor":2,"turns":4},{"damage":0,"enemies":"2 Louse","floor":5,"turns":3},{"damage":8,"enemies":"Large Slime","floor":7,"turns":9},{"damage":28,"enemies":"Lagavulin","floor":8,"turns":10},{"damage":32,"enemies":"Gremlin Nob","floor":10,"turns":5},{"damage":23,"enemies":"3 Sentries","floor":13,"turns":9},{"damage":2,"enemies":"Exordium Thugs","floor":14,"turns":3},{"damage":12,"enemies":"The Guardian","floor":16,"turns":11},{"damage":18,"enemies":"Chosen","floor":18,"turns":5},{"damage":0,"enemies":"Shell Parasite","floor":20,"turns":5},{"damage":0,"enemies":"Snecko","floor":21,"turns":4},{"damage":5,"enemies":"Book of Stabbing","floor":24,"turns":8},{"damage":7,"enemies":"Snake Plant","floor":27,"turns":3},{"damage":0,"enemies":"3 Cultists","floor":28,"turns":5},{"damage":0,"enemies":"Gremlin Leader","floor":30,"turns":6},{"damage":0,"enemies":"Cultist and Chosen","floor":31,"turns":7},{"damage":85,"enemies":"Champ","floor":33,"turns":14},{"damage":0,"enemies":"Orb Walker","floor":35,"turns":4},{"damage":47,"enemies":"2 Orb Walkers","floor":36,"turns":5},{"damage":9,"enemies":"3 Darklings","floor":38,"turns":2},{"damage":0,"enemies":"Maw","floor":39,"turns":7},{"damage":18,"enemies":"Giant Head","floor":41,"turns":9},{"damage":8,"enemies":"Writhing Mass","floor":45,"turns":5},{"damage":16,"enemies":"Sphere and 2 Shapes","floor":46,"turns":5},{"damage":34,"enemies":"Reptomancer","floor":47,"turns":8},{"damage":32,"enemies":"Awakened One","floor":50,"turns":18}],"seed_played":"3046113833965491821","potions_obtained":[{"floor":2,"key":"DistilledChaos"},{"floor":7,"key":"DuplicationPotion"},{"floor":10,"key":"Ancient Potion"},{"floor":20,"key":"Explosive Potion"},{"floor":24,"key":"Strength Potion"}],"is_trial":false,"path_per_floor":["M","M","?","?","M","R","M","E","T","E","$","R","E","M","R","B",null,"M","$","M","M","$","R","E","R","T","M","M","?","E","M","R","B",null,"M","?","$","M","M","R","E","R","T","?","M","M","E","?","R","B",null],"character_chosen":"THE_SILENT","items_purchased":["Bouncing Flask","Poisoned Stab","Leg Sweep","Burst","Eternal Feather"],"campfire_rested":4,"item_purchase_floors":[11,11,19,22,37],"current_hp_per_floor":[54,54,31,66,66,66,58,40,40,8,8,30,7,5,27,15,61,43,43,43,43,43,43,38,38,38,31,31,31,31,31,31,36,66,66,19,19,10,10,25,7,44,44,44,48,44,22,22,59,39],"gold":0,"neow_bonus":"BOSS_RELIC","is_daily":false,"chose_seed":false,"campfire_upgraded":4,"win_rate":0.0,"timestamp":1609665872,"path_taken":["M","M","?","?","?","R","M","E","T","E","?","R","E","M","R","BOSS","M","$","M","?","$","R","E","R","T","M","M","?","E","M","R","BOSS","M","?","$","M","M","R","E","R","T","?","M","M","E","?","R","BOSS"],"items_purchased_type":["Card","Card","Card","Card","Relic"],"build_version":"2020-12-22","purchased_purges":4,"victory":true,"max_hp_per_floor":[66,66,66,66,66,66,66,76,76,76,76,76,76,76,76,76,76,76,76,76,76,76,76,76,76,76,76,76,76,76,76,76,76,76,76,76,76,76,76,76,76,76,76,76,76,76,76,76,76,76],"relic_stats":{"Peace Pipe":1,"counters":[27,179],"Golden Idol":181,"Tiny Chest":0,"Eternal Feather":45,"Snake Skull":[210],"Letter Opener":[678],"Orichalcum":[12],"Smiling Mask":250,"obtain_stats":[{"Pear":8,"Golden Idol":3,"Eternal Feather":37,"Snake Skull":10,"Omamori":24,"Letter Opener":13,"Orichalcum":47,"Smiling Mask":9,"Akabeko":26,"Peace Pipe":36,"Bottled Flame":41,"Philosopher\u0027s Stone":0,"Tiny Chest":30,"Red Mask":48,"Ring of the Snake":0,"Runic Pyramid":17,"Meat on the Bone":43},{"Pear":5,"Golden Idol":2,"Eternal Feather":20,"Snake Skull":6,"Omamori":13,"Letter Opener":7,"Orichalcum":26,"Smiling Mask":5,"Akabeko":13,"Peace Pipe":20,"Bottled Flame":23,"Philosopher\u0027s Stone":0,"Tiny Chest":16,"Red Mask":26,"Ring of the Snake":0,"Runic Pyramid":9,"Meat on the Bone":23},{"Pear":31,"Golden Idol":9,"Eternal Feather":125,"Snake Skull":36,"Omamori":81,"Letter Opener":45,"Orichalcum":161,"Smiling Mask":31,"Akabeko":81,"Peace Pipe":125,"Bottled Flame":143,"Philosopher\u0027s Stone":0,"Tiny Chest":95,"Red Mask":161,"Ring of the Snake":0,"Runic Pyramid":59,"Meat on the Bone":143}],"Meat on the Bone":48},"card_choices":[{"not_picked":["Flying Knee","Infinite Blades"],"picked":"PiercingWail","floor":1},{"not_picked":["Skewer","Cloak And Dagger"],"picked":"Dash","floor":2},{"not_picked":["Slice","Acrobatics","Bane"],"picked":"SKIP","floor":5},{"not_picked":["Acrobatics","PiercingWail","Slice"],"picked":"SKIP","floor":7},{"not_picked":["Flying Knee","Terror"],"picked":"Glass Knife","floor":8},{"not_picked":["Setup","Acrobatics","Blade Dance"],"picked":"SKIP","floor":10},{"not_picked":["Riddle With Holes","Setup","Dagger Throw"],"picked":"SKIP","floor":13},{"not_picked":["Concentrate","All Out Attack"],"picked":"Leg Sweep","floor":14},{"not_picked":["Doppelganger","Die Die Die"],"picked":"Bullet Time","floor":16},{"not_picked":["Dagger Spray","Dodge and Roll"],"picked":"Dash","floor":18},{"not_picked":["Expertise","Blade Dance"],"picked":"Backflip","floor":20},{"not_picked":["Reflex","Cloak And Dagger"],"picked":"Backflip+1","floor":21},{"not_picked":["Heel Hook","Predator"],"picked":"Calculated Gamble","floor":24},{"not_picked":["Blade Dance","Skewer","Masterful Stab"],"picked":"SKIP","floor":27},{"not_picked":["Crippling Poison","Concentrate"],"picked":"Prepared","floor":28},{"not_picked":["Deadly Poison","Prepared","Slice"],"picked":"SKIP","floor":30},{"not_picked":["Choke","Well Laid Plans"],"picked":"Concentrate","floor":31},{"not_picked":["Venomology","Tools of the Trade"],"picked":"Corpse Explosion","floor":33},{"not_picked":["Dagger Spray","Riddle With Holes"],"picked":"Footwork+1","floor":35},{"not_picked":["Slice","Dagger Throw"],"picked":"Acrobatics","floor":36},{"not_picked":["Escape Plan","PiercingWail"],"picked":"Backflip","floor":38},{"not_picked":["Skewer+1","Deflect"],"picked":"Crippling Poison","floor":39},{"not_picked":["Deadly Poison+1","Dodge and Roll","Flechettes"],"picked":"SKIP","floor":41},{"not_picked":["Expertise","Quick Slash"],"picked":"Noxious Fumes","floor":45},{"not_picked":["Bouncing Flask","Predator","Flechettes"],"picked":"SKIP","floor":46},{"not_picked":["Eviscerate","Poisoned Stab","Glass Knife"],"picked":"SKIP","floor":47}],"player_experience":361459,"relics_obtained":[{"floor":8,"key":"Pear"},{"floor":9,"key":"Smiling Mask"},{"floor":10,"key":"Snake Skull"},{"floor":13,"key":"Letter Opener"},{"floor":24,"key":"Omamori"},{"floor":26,"key":"Akabeko"},{"floor":30,"key":"Tiny Chest"},{"floor":36,"key":"Peace Pipe"},{"floor":41,"key":"Bottled Flame"},{"floor":43,"key":"Meat on the Bone"},{"floor":47,"key":"Orichalcum"}],"event_choices":[{"damage_healed":0,"gold_gain":0,"player_choice":"Take Damage","damage_taken":23,"relics_obtained":["Golden Idol"],"max_hp_gain":0,"max_hp_loss":0,"event_name":"Golden Idol","floor":3,"gold_loss":0},{"damage_healed":35,"gold_gain":0,"player_choice":"Full Heal","damage_taken":0,"max_hp_gain":0,"max_hp_loss":0,"event_name":"Wheel of Change","floor":4,"gold_loss":0},{"cards_removed":["Strike_G"],"damage_healed":0,"gold_gain":0,"player_choice":"Elegance","damage_taken":0,"max_hp_gain":0,"max_hp_loss":0,"event_name":"Back to Basics","floor":29,"gold_loss":0},{"damage_healed":0,"gold_gain":0,"player_choice":"Fight","damage_taken":0,"max_hp_gain":0,"max_hp_loss":0,"event_name":"Mysterious Sphere","floor":36,"gold_loss":0},{"cards_removed":["Defend_G"],"damage_healed":0,"gold_gain":0,"player_choice":"Removed Skill","damage_taken":0,"max_hp_gain":0,"max_hp_loss":0,"event_name":"Falling","floor":44,"gold_loss":0},{"damage_healed":0,"gold_gain":0,"player_choice":"Paid","damage_taken":0,"relics_obtained":["Red Mask"],"max_hp_gain":0,"max_hp_loss":0,"event_name":"Tomb of Lord Red Mask","floor":48,"gold_loss":280}],"is_beta":false,"boss_relics":[{"not_picked":["Empty Cage","Snecko Eye"],"picked":"Runic Pyramid"},{"not_picked":["Velvet Choker","Astrolabe","Busted Crown"]}],"items_purged_floors":[11,19,22,37],"is_endless":false,"potions_floor_spawned":[2,7,10,20,24,31,33,35,39,45,46],"ascension_level":15}}