{"host":"j61pjxqytd94o6ng","time":1609639435,"event":{"mods":["BaseMod","Bestiary","Colored Map","Colored Powertips","Curses Come First","Minty Spire (QoL Compilation)","StSLib"],"gold_per_floor":[360,14,27,27,42,42,69,79,79,79,99,119,119,19,19,92,92,110,110,129,0,0,0],"floor_reached":22,"playtime":5556,"items_purged":["Strike_G","Strike_G"],"score":326,"play_id":"82e2bf4c-601a-4c24-b7f6-bd0aa999bd6b","local_time":"20210102190355","is_ascension_mode":true,"campfire_choices":[{"floor":6,"key":"REST"},{"floor":13,"key":"REST"},{"data":"Noxious Fumes","floor":15,"key":"SMITH"}],"circlet_count":0,"master_deck":["AscendersBane","Strike_G","Strike_G","Strike_G","Defend_G","Defend_G","Defend_G","Defend_G","Defend_G","Survivor","Neutralize","Acrobatics","Poisoned Stab","Deadly Poison","Deadly Poison","Distraction","Tactician","Blur","Noxious Fumes","Crippling Poison","Concentrate","Noxious Fumes+1","Poisoned Stab","A Thousand Cuts","Dash"],"relics":["Ring of the Snake","Orrery","Gremlin Horn","Letter Opener","Bottled Tornado","Philosopher\u0027s Stone"],"acts_visited":["Exordium","TheCity"],"potions_floor_usage":[11,16,16],"damage_taken":[{"damage":10,"enemies":"Small Slimes","floor":1,"turns":5},{"damage":1,"enemies":"2 Louse","floor":3,"turns":4},{"damage":4,"enemies":"Cultist","floor":5,"turns":4},{"damage":15,"enemies":"Lagavulin","floor":7,"turns":6},{"damage":6,"enemies":"Looter","floor":8,"turns":4},{"damage":0,"enemies":"3 Louse","floor":11,"turns":2},{"damage":1,"enemies":"Blue Slaver","floor":12,"turns":4},{"damage":42,"enemies":"The Guardian","floor":16,"turns":7},{"damage":28,"enemies":"Spheric Guardian","floor":18,"turns":4},{"damage":22,"enemies":"Shell Parasite","floor":20,"turns":5},{"damage":15,"enemies":"Centurion and Healer","floor":22,"turns":2}],"seed_played":"5561249601069507851","potions_obtained":[{"floor":7,"key":"Fire Potion"},{"floor":11,"key":"PowerPotion"},{"floor":12,"key":"Regen Potion"},{"floor":16,"key":"GamblersBrew"},{"floor":20,"key":"EssenceOfSteel"}],"is_trial":false,"path_per_floor":["M","$","M","?","M","R","E","M","T","?","M","M","R","$","R","B",null,"M","?","M","?","M"],"character_chosen":"THE_SILENT","items_purchased":["Orrery","Blur","Noxious Fumes"],"campfire_rested":2,"item_purchase_floors":[2,2,2],"current_hp_per_floor":[49,49,48,22,18,37,22,16,16,16,16,15,34,34,34,7,51,23,36,14,14,0,0],"gold":0,"neow_bonus":"TWO_FIFTY_GOLD","is_daily":false,"chose_seed":false,"campfire_upgraded":1,"win_rate":0.0,"timestamp":1609639435,"path_taken":["M","$","M","?","M","R","E","M","T","?","M","?","R","$","R","BOSS","M","?","M","?","M"],"items_purchased_type":["Relic","Card","Card"],"build_version":"2020-12-22","purchased_purges":2,"victory":false,"max_hp_per_floor":[66,66,66,66,66,66,66,66,66,66,66,66,66,66,66,66,66,66,66,66,66,66,66],"card_choices":[{"not_picked":["Outmaneuver","Cloak And Dagger"],"picked":"Acrobatics","floor":1},{"not_picked":["Dodge and Roll","Blade Dance"],"picked":"Poisoned Stab","floor":2},{"not_picked":["Underhanded Strike","Doppelganger"],"picked":"Deadly Poison","floor":2},{"not_picked":["Masterful Stab","Backflip"],"picked":"Deadly Poison","floor":2},{"not_picked":["Flying Knee","Leg Sweep"],"picked":"Distraction","floor":2},{"not_picked":["Caltrops","Calculated Gamble"],"picked":"Tactician","floor":2},{"not_picked":["Underhanded Strike","Deadly Poison"],"picked":"Crippling Poison","floor":3},{"not_picked":["Masterful Stab","Dagger Spray"],"picked":"Concentrate","floor":5},{"not_picked":["Crippling Poison","Eviscerate"],"picked":"Noxious Fumes","floor":7},{"not_picked":["Backflip","Wraith Form v2"],"picked":"Poisoned Stab","floor":8},{"not_picked":["Flechettes","Deadly Poison","Dodge and Roll"],"picked":"SKIP","floor":11},{"not_picked":["Choke","Outmaneuver","Slice"],"picked":"SKIP","floor":12},{"not_picked":["Glass Knife","Bullet Time"],"picked":"A Thousand Cuts","floor":16},{"not_picked":["Sucker Punch+1","Acrobatics","Dagger Throw"],"picked":"SKIP","floor":18},{"not_picked":["Infinite Blades","Dagger Spray"],"picked":"Dash","floor":20}],"player_experience":472629,"relics_obtained":[{"floor":7,"key":"Letter Opener"},{"floor":9,"key":"Bottled Tornado"}],"event_choices":[{"damage_healed":0,"gold_gain":0,"player_choice":"Success","damage_taken":26,"relics_obtained":["Gremlin Horn"],"max_hp_gain":0,"max_hp_loss":0,"event_name":"Scrap Ooze","floor":4,"gold_loss":0},{"cards_removed":["Clumsy"],"damage_healed":0,"gold_gain":0,"player_choice":"Removed Curses","damage_taken":0,"max_hp_gain":0,"max_hp_loss":0,"event_name":"Fountain of Cleansing","floor":10,"gold_loss":0},{"damage_healed":13,"gold_gain":0,"player_choice":"Heal","damage_taken":0,"max_hp_gain":0,"max_hp_loss":0,"event_name":"The Library","floor":19,"gold_loss":0},{"damage_healed":0,"gold_gain":0,"player_choice":"Paid Fearfully","damage_taken":0,"max_hp_gain":0,"max_hp_loss":0,"event_name":"Masked Bandits","floor":21,"gold_loss":129}],"is_beta":false,"boss_relics":[{"not_picked":["Runic Dome","Ring of the Serpent"],"picked":"Philosopher\u0027s Stone"}],"items_purged_floors":[2,14],"is_endless":false,"potions_floor_spawned":[7,11,12,16,20],"killed_by":"Centurion and Healer","ascension_level":15}}