{"host":"2461dio7vetlq1z3","time":1609717906,"event":{"mods":["2.2 Compatiblity","AchievementEnabler","Aspiration","BaseMod","Better Third Choice","Friendly Minions","Minty Spire (QoL Compilation)","Relic Stats","Spicy Shops","StSLib","Waifu the Spire"],"gold_per_floor":[114,114,114,164,183,224,224,264,264,264,299,323,26,46,46,144,144,163,181,4,24,24,24,24],"floor_reached":23,"playtime":868,"items_purged":["Pain","Blizzard"],"score":418,"play_id":"0ad56361-3617-4def-8e73-b15c01ebed72","local_time":"20210104005146","is_ascension_mode":true,"campfire_choices":[{"floor":7.0,"key":"REST"},{"floor":10.0,"key":"REST"},{"data":"Loop","floor":15,"key":"SMITH"}],"circlet_count":0,"master_deck":["AscendersBane","Zap+1","Dualcast","Flash of Steel","Ball Lightning","Go for the Eyes","Rainbow","White Noise","Ball Lightning","Coolheaded","Loop+1","Barrage","Electrodynamics","Echo Form","Force Field","Force Field","Go for the Eyes","Gash","Gash","Defragment","Darkness+1","Undo","Coolheaded","Leap"],"relics":["Cracked Core","Bloody Idol","Akabeko","MealTicket","Letter Opener","Centennial Puzzle","Emotion Chip","Pandora\u0027s Box"],"acts_visited":["Exordium","TheCity"],"potions_floor_usage":[11,21],"damage_taken":[{"damage":7.0,"enemies":"Small Slimes","floor":1.0,"turns":3.0},{"damage":0.0,"enemies":"2 Louse","floor":5.0,"turns":2.0},{"damage":22.0,"enemies":"Lagavulin","floor":6.0,"turns":5.0},{"damage":28.0,"enemies":"3 Sentries","floor":8.0,"turns":5.0},{"damage":5,"enemies":"Gremlin Nob","floor":11,"turns":3},{"damage":0,"enemies":"Cultist","floor":12,"turns":3},{"damage":10,"enemies":"Exordium Thugs","floor":14,"turns":3},{"damage":13,"enemies":"Hexaghost","floor":16,"turns":5},{"damage":19,"enemies":"Shell Parasite","floor":18,"turns":4},{"damage":0,"enemies":"Spheric Guardian","floor":19,"turns":3},{"damage":16,"enemies":"Snake Plant","floor":21,"turns":4},{"damage":31,"enemies":"Slavers","floor":23,"turns":2}],"seed_played":"-6191479424799505061","potions_obtained":[{"floor":6.0,"key":"Ancient Potion"},{"floor":12,"key":"ColorlessPotion"}],"is_trial":false,"path_per_floor":["M","?","?","?","M","E","R","E","T","R","E","M","$","M","R","B",null,"M","M","$","M","?","E"],"character_chosen":"DEFECT","items_purchased":["Loop","Emotion Chip","Coolheaded"],"campfire_rested":2,"item_purchase_floors":[13,13,20],"current_hp_per_floor":[57,36,36,36,36,14,33,5,5,24,19,19,34,24,24,11,51,32,32,47,31,31,0,0],"gold":24,"neow_bonus":"RANDOM_COLORLESS","is_daily":false,"chose_seed":false,"campfire_upgraded":1,"win_rate":0.0,"timestamp":1609717906,"path_taken":["M","?","?","?","?","E","R","E","T","R","E","M","$","M","R","BOSS","M","M","$","M","?","E"],"items_purchased_type":["Card","Relic","Card"],"build_version":"2020-12-22","purchased_purges":2,"victory":false,"max_hp_per_floor":[71,71,64,64,64,64,64,64,64,64,64,64,64,64,64,64,64,64,64,64,64,64,64,64],"relic_stats":{"Centennial Puzzle":[15],"Emotion Chip":[20,9,6,5,0],"counters":[12,42],"Bloody Idol":0,"MealTicket":30,"Pandora\u0027s Box":["Echo Form","Force Field","Force Field","Go for the Eyes","Gash","Gash","Defragment","Blizzard"],"Letter Opener":[12],"obtain_stats":[{"Centennial Puzzle":11,"Emotion Chip":13,"Golden Idol":3,"Bloody Idol":22,"MealTicket":8,"Pandora\u0027s Box":17,"Letter Opener":9,"Cracked Core":0,"Akabeko":6},{"Centennial Puzzle":5,"Emotion Chip":6,"Golden Idol":1,"Bloody Idol":11,"MealTicket":4,"Pandora\u0027s Box":8,"Letter Opener":4,"Cracked Core":0,"Akabeko":3},{"Centennial Puzzle":18,"Emotion Chip":21,"Golden Idol":3,"Bloody Idol":40,"MealTicket":15,"Pandora\u0027s Box":29,"Letter Opener":15,"Cracked Core":0,"Akabeko":10}]},"card_choices":[{"not_picked":["Blind","Madness"],"picked":"Flash of Steel","floor":0.0},{"not_picked":["Turbo","Rebound"],"picked":"Ball Lightning","floor":1.0},{"not_picked":["Sweeping Beam","Consume"],"picked":"Go for the Eyes","floor":5.0},{"not_picked":["Go for the Eyes","Storm"],"picked":"Rainbow","floor":6.0},{"not_picked":["Rebound","Turbo"],"picked":"White Noise","floor":8.0},{"not_picked":["Redo","Coolheaded"],"picked":"Ball Lightning","floor":11},{"not_picked":["Sweeping Beam","Streamline"],"picked":"Coolheaded","floor":12},{"not_picked":["Reprogram","Sweeping Beam"],"picked":"Barrage","floor":14},{"not_picked":["Seek","Core Surge"],"picked":"Electrodynamics","floor":16},{"not_picked":["Compile Driver","Leap"],"picked":"Darkness+1","floor":18},{"not_picked":["Conserve Battery","Chaos"],"picked":"Undo","floor":19},{"not_picked":["Aggregate","Compile Driver"],"picked":"Leap","floor":21}],"player_experience":1043326,"relics_obtained":[{"floor":6.0,"key":"Akabeko"},{"floor":8.0,"key":"MealTicket"},{"floor":9.0,"key":"Letter Opener"},{"floor":11,"key":"Centennial Puzzle"}],"event_choices":[{"damage_healed":57.0,"max_hp_gain":0.0,"max_hp_loss":71.0,"gold_gain":0.0,"event_name":"betterThird:BetterShining","player_choice":"Upgrade","floor":2.0,"gold_loss":0.0,"damage_taken":21.0,"cards_upgraded":["Zap","Defend_B"]},{"damage_healed":0.0,"max_hp_gain":0.0,"max_hp_loss":7.0,"gold_gain":0.0,"event_name":"Golden Idol","player_choice":"Lose Max HP","floor":3.0,"gold_loss":0.0,"damage_taken":0.0,"relics_obtained":["Golden Idol"]},{"damage_healed":0.0,"max_hp_gain":0.0,"max_hp_loss":0.0,"gold_gain":50.0,"event_name":"Golden Shrine","player_choice":"Pray","floor":4.0,"gold_loss":0.0,"damage_taken":0.0},{"damage_healed":0,"gold_gain":0,"player_choice":"Gave Idol","damage_taken":0,"relics_obtained":["Bloody Idol"],"max_hp_gain":0,"max_hp_loss":0,"event_name":"Forgotten Altar","floor":22,"relics_lost":["Golden Idol"],"gold_loss":0}],"is_beta":false,"boss_relics":[{"not_picked":["Velvet Choker","Ectoplasm"],"picked":"Pandora\u0027s Box"}],"items_purged_floors":[13,20],"is_endless":false,"potions_floor_spawned":[6,12],"killed_by":"Slavers","ascension_level":20}}