{"host":"pbf6u3tyx46snqc7","time":1609673816,"event":{"mods":["AchievementEnabler","BaseMod","Colored Map","Minty Spire (QoL Compilation)","Rare Cards Sparkle","SuperFastMode"],"gold_per_floor":[117,43,43,55,55,55,55,68,118,137,150,150,166,5,5,76,76,96,96,107,107,120,120,120,140,165,165,178,198,198,198],"floor_reached":30,"playtime":1169,"items_purged":[],"score":448,"play_id":"f35e9800-e9f2-4abf-815a-f9d8f10182ea","local_time":"20210103203656","is_ascension_mode":true,"campfire_choices":[{"data":"Zap","floor":6.0,"key":"SMITH"},{"data":"Creative AI","floor":15,"key":"SMITH"},{"data":"Self Repair","floor":23,"key":"SMITH"},{"floor":27,"key":"REST"}],"circlet_count":0,"master_deck":["AscendersBane","Defend_B","Defend_B","Defend_B","Zap+1","Dualcast+1","BootSequence","Capacitor","FTL","Coolheaded","Conserve Battery","Hologram","Creative AI+1","Electrodynamics","Compile Driver","Ball Lightning","Core Surge","Self Repair+1","Hologram+1","Lockon"],"relics":["Cracked Core","FossilizedHelix","Centennial Puzzle","Lantern","Nuclear Battery","Regal Pillow"],"acts_visited":["Exordium","TheCity"],"potions_floor_usage":[16,16,16,16,22],"damage_taken":[{"damage":7.0,"enemies":"Small Slimes","floor":1.0,"turns":3.0},{"damage":1.0,"enemies":"Cultist","floor":4.0,"turns":4.0},{"damage":0.0,"enemies":"2 Louse","floor":8.0,"turns":2.0},{"damage":13,"enemies":"Gremlin Gang","floor":10,"turns":6},{"damage":0,"enemies":"Looter","floor":11,"turns":3},{"damage":8,"enemies":"3 Louse","floor":13,"turns":4},{"damage":10,"enemies":"Slime Boss","floor":16,"turns":8},{"damage":0,"enemies":"Chosen","floor":18,"turns":7},{"damage":23,"enemies":"Spheric Guardian","floor":20,"turns":6},{"damage":4,"enemies":"Cultist and Chosen","floor":22,"turns":4},{"damage":11,"enemies":"Shelled Parasite and Fungi","floor":25,"turns":5},{"damage":22,"enemies":"Snecko","floor":28,"turns":9},{"damage":11,"enemies":"3 Cultists","floor":29,"turns":4},{"damage":79,"enemies":"Cultist and Chosen","floor":30,"turns":5}],"seed_played":"1653258235670961521","potions_obtained":[{"floor":8.0,"key":"EntropicBrew"},{"floor":10,"key":"FocusPotion"},{"floor":20,"key":"AttackPotion"},{"floor":29,"key":"LiquidBronze"}],"is_trial":false,"path_per_floor":["M","$","?","M","?","R","?","M","T","M","M","?","M","$","R","B",null,"M","?","M","?","M","R","?","M","T","R","M","M","M"],"character_chosen":"DEFECT","items_purchased":["Capacitor","Lantern"],"campfire_rested":1,"item_purchase_floors":[2,14],"current_hp_per_floor":[39,39,39,38,61,61,61,61,61,48,48,48,40,40,40,30,61,61,61,38,38,41,41,41,40,40,71,59,58,0,0],"gold":198,"neow_bonus":"ONE_RARE_RELIC","is_daily":false,"chose_seed":false,"campfire_upgraded":3,"win_rate":0.0,"timestamp":1609673816,"path_taken":["M","$","?","?","?","R","?","?","T","M","M","?","M","$","R","BOSS","M","?","M","?","M","R","?","M","T","R","M","M","M"],"items_purchased_type":["Card","Relic"],"build_version":"2020-12-22","purchased_purges":0,"victory":false,"max_hp_per_floor":[71,71,71,71,71,71,71,71,71,71,71,71,71,71,71,71,71,71,71,71,71,71,71,71,71,71,71,71,71,71,71],"card_choices":[{"not_picked":["Rebound","Force Field"],"picked":"BootSequence","floor":1.0},{"not_picked":["Reinforced Body","Double Energy"],"picked":"FTL","floor":4.0},{"not_picked":["Go for the Eyes","Redo"],"picked":"Coolheaded","floor":8.0},{"not_picked":["FTL","Sweeping Beam"],"picked":"Conserve Battery","floor":10},{"not_picked":["Redo","Rebound"],"picked":"Hologram","floor":11},{"not_picked":["Barrage","Doom and Gloom"],"picked":"Creative AI","floor":13},{"not_picked":["Biased Cognition","Thunder Strike"],"picked":"Electrodynamics","floor":16},{"not_picked":["Leap","Beam Cell"],"picked":"Compile Driver","floor":18},{"not_picked":["Undo","Sweeping Beam+1"],"picked":"Self Repair","floor":20},{"not_picked":["Aggregate","Conserve Battery","Meteor Strike"],"picked":"SKIP","floor":22},{"not_picked":["Blizzard","Gash","Redo"],"picked":"SKIP","floor":25},{"not_picked":["Ball Lightning","Undo"],"picked":"Hologram+1","floor":28},{"not_picked":["Hologram","Gash+1"],"picked":"Lockon","floor":29}],"player_experience":376990,"relics_obtained":[{"floor":9.0,"key":"Centennial Puzzle"},{"floor":26,"key":"Regal Pillow"}],"event_choices":[{"cards_removed":["Strike_B"],"damage_healed":0.0,"max_hp_gain":0.0,"max_hp_loss":0.0,"gold_gain":0.0,"event_name":"Purifier","player_choice":"Purged","floor":3.0,"gold_loss":0.0,"damage_taken":0.0},{"damage_healed":23.0,"max_hp_gain":0.0,"max_hp_loss":0.0,"gold_gain":0.0,"event_name":"Big Fish","player_choice":"Banana","floor":5.0,"gold_loss":0.0,"damage_taken":0.0},{"damage_healed":0.0,"max_hp_gain":0.0,"max_hp_loss":0.0,"gold_gain":0.0,"event_name":"Upgrade Shrine","player_choice":"Upgraded","floor":7.0,"gold_loss":0.0,"damage_taken":0.0,"cards_upgraded":["Dualcast"]},{"cards_removed":["Strike_B"],"damage_healed":0,"gold_gain":0,"player_choice":"Forget","damage_taken":0,"max_hp_gain":0,"max_hp_loss":0,"event_name":"Living Wall","floor":12,"gold_loss":0},{"damage_healed":0,"gold_gain":0,"cards_transformed":["Strike_B","Strike_B"],"player_choice":"Became Test Subject","damage_taken":0,"max_hp_gain":0,"max_hp_loss":0,"event_name":"Drug Dealer","floor":19,"gold_loss":0,"cards_obtained":["Ball Lightning","Core Surge"]},{"damage_healed":0,"gold_gain":0,"player_choice":"Ignored","damage_taken":0,"max_hp_gain":0,"max_hp_loss":0,"event_name":"Vampires","floor":21,"gold_loss":0},{"cards_removed":["Defend_B"],"damage_healed":0,"gold_gain":0,"player_choice":"Purged","damage_taken":0,"max_hp_gain":0,"max_hp_loss":0,"event_name":"Purifier","floor":24,"gold_loss":0}],"is_beta":false,"boss_relics":[{"not_picked":["Philosopher\u0027s Stone","SacredBark"],"picked":"Nuclear Battery"}],"items_purged_floors":[],"is_endless":false,"potions_floor_spawned":[8,10,11,13,20,29],"killed_by":"Cultist and Chosen","ascension_level":20}}