{"host":"baymyijz6sxaqj5s","time":1609662121,"event":{"mods":["AchievementEnabler","BaseMod","Colored Map","Colored Powertips","DeckTracker","Highlight Path","KOR Keyword Fix","Keyboard Shortcuts","Minty Spire (QoL Compilation)","Quick Restart","StSLib","SuperFastMode"],"gold_per_floor":[113,123,21,36,136,136,154,154,154,154,67,67,79,95,95,195,195,206,206,226,71,87,87,120,120,120,120,120,138,237,237,237,237,237],"floor_reached":33,"playtime":946,"items_purged":["Strike_G"],"score":293,"play_id":"ea9685ba-7bfa-4098-be4f-78692eca070a","local_time":"20210103172201","is_ascension_mode":true,"campfire_choices":[{"data":"Survivor","floor":6,"key":"SMITH"},{"data":"Deadly Poison","floor":10,"key":"SMITH"},{"floor":15,"key":"REST"},{"floor":23,"key":"REST"},{"floor":27,"key":"REST"},{"floor":32,"key":"REST"}],"circlet_count":0,"master_deck":["Strike_G+1","Strike_G+1","Strike_G+1","Defend_G+1","Defend_G+1","Defend_G+1","Defend_G+1","Defend_G+1","Survivor+1","Neutralize","Deadly Poison+1","Backflip","Backflip","Poisoned Stab","Heel Hook","Deflect","Tactician","A Thousand Cuts","Backflip+1","Noxious Fumes","Blur","Poisoned Stab"],"relics":["Ring of the Snake","Peace Pipe","Smiling Mask","Gremlin Horn","Sozu","WingedGreaves","Bottled Tornado"],"acts_visited":["Exordium","TheCity"],"potions_floor_usage":[14,16,16,24],"damage_taken":[{"damage":7,"enemies":"Small Slimes","floor":1,"turns":7},{"damage":0,"enemies":"Cultist","floor":2,"turns":4},{"damage":0,"enemies":"2 Louse","floor":4,"turns":4},{"damage":14,"enemies":"Gremlin Gang","floor":7,"turns":9},{"damage":8,"enemies":"Blue Slaver","floor":13,"turns":5},{"damage":0,"enemies":"Exordium Wildlife","floor":14,"turns":5},{"damage":18,"enemies":"Hexaghost","floor":16,"turns":9},{"damage":22,"enemies":"Chosen","floor":18,"turns":5},{"damage":6,"enemies":"Spheric Guardian","floor":20,"turns":6},{"damage":10,"enemies":"Shelled Parasite and Fungi","floor":22,"turns":6},{"damage":54,"enemies":"Book of Stabbing","floor":24,"turns":8},{"damage":27,"enemies":"Cultist and Chosen","floor":29,"turns":8},{"damage":48,"enemies":"Collector","floor":33,"turns":6}],"seed_played":"4251595214859147875","potions_obtained":[{"floor":7,"key":"Swift Potion"},{"floor":12,"key":"Fire Potion"},{"floor":12,"key":"LiquidMemories"},{"floor":16,"key":"DistilledChaos"}],"is_trial":false,"path_per_floor":["M","M","?","M","?","R","M","?","T","R","$","?","M","M","R","B",null,"M","?","M","$","M","R","E","?","T","R","$","M","?","?","R","B"],"character_chosen":"THE_SILENT","items_purchased":["Poisoned Stab","Heel Hook","Noxious Fumes","Blur"],"campfire_rested":4,"item_purchase_floors":[11,11,21,21],"current_hp_per_floor":[70,70,70,70,70,70,56,56,56,56,56,56,48,48,71,53,77,55,55,49,49,39,62,8,8,8,31,31,4,4,29,52,4,4],"gold":237,"neow_bonus":"TEN_PERCENT_HP_BONUS","is_daily":false,"chose_seed":false,"campfire_upgraded":2,"win_rate":0.0,"timestamp":1609662121,"path_taken":["M","M","?","?","?","R","?","?","T","R","?","?","?","M","R","BOSS","M","?","M","?","M","R","E","?","T","R","$","M","?","?","R","BOSS"],"items_purchased_type":["Card","Card","Card","Card"],"build_version":"2020-12-22","purchased_purges":1,"victory":false,"max_hp_per_floor":[77,77,77,77,77,77,77,77,77,77,77,77,77,77,77,77,77,77,77,77,77,77,77,77,77,77,77,77,77,77,77,77,77,77],"card_choices":[{"not_picked":["Sucker Punch","Endless Agony"],"picked":"Deadly Poison","floor":1},{"not_picked":["Accuracy","Quick Slash"],"picked":"Backflip","floor":2},{"not_picked":["Prepared","Predator"],"picked":"Backflip","floor":4},{"not_picked":["PiercingWail","Concentrate","Dagger Spray"],"picked":"SKIP","floor":7},{"not_picked":["Dagger Spray","Escape Plan"],"picked":"Deflect","floor":13},{"not_picked":["Riddle With Holes","Outmaneuver"],"picked":"Tactician","floor":14},{"not_picked":["Adrenaline","Glass Knife"],"picked":"A Thousand Cuts","floor":16},{"not_picked":["Underhanded Strike","Quick Slash+1"],"picked":"Backflip+1","floor":18},{"not_picked":["Dagger Throw","Prepared","Backflip"],"picked":"SKIP","floor":20},{"not_picked":["Backstab","Terror","Deflect"],"picked":"SKIP","floor":22},{"not_picked":["Dagger Spray+1","Dagger Throw","Prepared"],"picked":"SKIP","floor":24},{"not_picked":["Deflect","Acrobatics+1"],"picked":"Poisoned Stab","floor":29}],"player_experience":307367,"relics_obtained":[{"floor":9,"key":"Gremlin Horn"},{"floor":24,"key":"WingedGreaves"},{"floor":26,"key":"Bottled Tornado"}],"event_choices":[{"damage_healed":0,"gold_gain":0,"player_choice":"Paid Gold","damage_taken":0,"relics_obtained":["Peace Pipe"],"max_hp_gain":0,"max_hp_loss":0,"event_name":"WeMeetAgain","floor":3,"gold_loss":102},{"damage_healed":0,"gold_gain":100,"player_choice":"Gold","damage_taken":0,"max_hp_gain":0,"max_hp_loss":0,"event_name":"Wheel of Change","floor":5,"gold_loss":0},{"damage_healed":0,"gold_gain":0,"player_choice":"Searched \u00272\u0027 times","damage_taken":0,"relics_obtained":["Smiling Mask"],"max_hp_gain":0,"max_hp_loss":0,"event_name":"Dead Adventurer","floor":8,"gold_loss":0},{"damage_healed":0,"gold_gain":0,"player_choice":"Got Potions","damage_taken":0,"max_hp_gain":0,"max_hp_loss":0,"event_name":"Lab","floor":12,"gold_loss":0},{"cards_removed":["Strike_G"],"damage_healed":0,"gold_gain":0,"player_choice":"Purged","damage_taken":0,"max_hp_gain":0,"max_hp_loss":0,"event_name":"Purifier","floor":19,"gold_loss":0},{"damage_healed":0,"gold_gain":0,"player_choice":"Simplicity","damage_taken":0,"max_hp_gain":0,"max_hp_loss":0,"event_name":"Back to Basics","floor":25,"gold_loss":0,"cards_upgraded":["Strike_G","Strike_G","Strike_G","Defend_G","Defend_G","Defend_G","Defend_G","Defend_G"]},{"damage_healed":0,"gold_gain":99,"player_choice":"Stole From Cult","damage_taken":0,"max_hp_gain":0,"max_hp_loss":0,"event_name":"Nest","floor":30,"gold_loss":0},{"damage_healed":25,"gold_gain":0,"player_choice":"Heal","damage_taken":0,"max_hp_gain":0,"max_hp_loss":0,"event_name":"The Library","floor":31,"gold_loss":0}],"is_beta":false,"boss_relics":[{"not_picked":["Pandora\u0027s Box","Runic Pyramid"],"picked":"Sozu"}],"items_purged_floors":[21],"is_endless":false,"potions_floor_spawned":[7,16,22,24,29],"killed_by":"Collector","ascension_level":3}}