{"host":"143ld85m55v6o3h7","time":1609635663,"event":{"mods":["AchievementEnabler","BaseMod","DeckTracker","Minty Spire (QoL Compilation)","Permanent Neow","Rare Cards Sparkle","StSLib","everything is the same but u backflip on backflip"],"gold_per_floor":[117,117,132,207,132,164,85,96,96,96,96,96,122,141,141,236,236,256,60,60,73,10,26,26,26,26,74,74,87,87,12,12,115,115,126,142,64,64,84,84,84,99,99,99,99,150,196,221,221,221],"floor_reached":51,"playtime":1918,"items_purged":["Malaise","Dagger Spray","Masterful Stab","Underhanded Strike"],"score":958,"play_id":"11ffe4de-1d98-42d4-8b08-8857636cd6b3","local_time":"20210103100103","is_ascension_mode":false,"campfire_choices":[{"data":"A Thousand Cuts","floor":10.0,"key":"SMITH"},{"data":"Noxious Fumes","floor":15.0,"key":"SMITH"},{"data":"Neutralize","floor":25.0,"key":"SMITH"},{"data":"Acrobatics","floor":28.0,"key":"SMITH"},{"data":"Die Die Die","floor":30.0,"key":"SMITH"},{"data":"Backflip","floor":32.0,"key":"SMITH"},{"floor":41,"key":"REST"},{"floor":49,"key":"REST"}],"circlet_count":0,"master_deck":["Survivor","Neutralize+1","PiercingWail","A Thousand Cuts+1","Heel Hook","Escape Plan","Dagger Spray","Acrobatics+1","Backflip+1","Heel Hook","Backstab","Calculated Gamble","Noxious Fumes+1","Die Die Die+1","CurseOfTheBell","Adrenaline","After Image","Backflip+1","Panache","Flash of Steel","Adrenaline"],"relics":["Pandora\u0027s Box","Meat on the Bone","Eternal Feather","Calling Bell","Bronze Scales","Ornamental Fan","StoneCalendar","Membership Card","FossilizedHelix","Bag of Marbles","Fusion Hammer","Kunai","Boot","Bird Faced Urn","Bottled Lightning"],"acts_visited":["Exordium","TheCity","TheBeyond"],"potions_floor_usage":[33,38,40,50],"damage_taken":[{"damage":0.0,"enemies":"Jaw Worm","floor":1.0,"turns":2.0},{"damage":0.0,"enemies":"2 Louse","floor":3.0,"turns":3.0},{"damage":25.0,"enemies":"3 Sentries","floor":6.0,"turns":4.0},{"damage":4.0,"enemies":"Cultist","floor":8.0,"turns":3.0},{"damage":10.0,"enemies":"Gremlin Nob","floor":13.0,"turns":3.0},{"damage":0.0,"enemies":"Large Slime","floor":14.0,"turns":3.0},{"damage":38.0,"enemies":"The Guardian","floor":16.0,"turns":10.0},{"damage":6.0,"enemies":"Shell Parasite","floor":18.0,"turns":4.0},{"damage":21.0,"enemies":"2 Thieves","floor":21.0,"turns":3.0},{"damage":2.0,"enemies":"Cultist and Chosen","floor":23.0,"turns":4.0},{"damage":3.0,"enemies":"Shelled Parasite and Fungi","floor":29.0,"turns":5.0},{"damage":13,"enemies":"Collector","floor":33,"turns":5},{"damage":11,"enemies":"3 Darklings","floor":35,"turns":2},{"damage":0,"enemies":"3 Shapes","floor":36,"turns":4},{"damage":0,"enemies":"3 Darklings","floor":38,"turns":1},{"damage":0,"enemies":"Spire Growth","floor":39,"turns":3},{"damage":0,"enemies":"Transient","floor":40,"turns":2},{"damage":0,"enemies":"Maw","floor":42,"turns":4},{"damage":15,"enemies":"2 Orb Walkers","floor":47,"turns":3},{"damage":6,"enemies":"Nemesis","floor":48,"turns":4},{"damage":0,"enemies":"Time Eater","floor":50,"turns":7}],"seed_played":"8501428556998367862","potions_obtained":[{"floor":1.0,"key":"BlessingOfTheForge"},{"floor":6.0,"key":"SmokeBomb"},{"floor":13.0,"key":"Explosive Potion"},{"floor":29.0,"key":"DuplicationPotion"},{"floor":35,"key":"SmokeBomb"},{"floor":39,"key":"Poison Potion"},{"floor":48,"key":"FearPotion"}],"is_trial":false,"path_per_floor":["M","?","M","?","$","E","$","M","T","R","$","?","E","M","R","B",null,"M","$","?","M","$","M","?","R","T","T","R","M","R","$","R","B",null,"M","M","$","M","M","M","R","M","T","?","?","T","?","E","R","B",null],"character_chosen":"THE_SILENT","items_purchased":["Heel Hook","Membership Card","After Image"],"campfire_rested":2,"item_purchase_floors":[7,19,37],"current_hp_per_floor":[70,70,70,59,59,34,34,30,30,30,30,30,32,44,53,27,70,64,64,64,43,43,41,41,50,50,50,59,56,65,65,70,57,70,59,59,59,59,59,59,70,70,70,66,56,56,41,43,66,66],"gold":221,"neow_bonus":"RANDOM_COMMON_RELIC","is_daily":false,"chose_seed":false,"campfire_upgraded":6,"win_rate":0.0,"timestamp":1609635663,"path_taken":["M","?","M","?","$","E","$","M","T","R","$","?","E","M","R","BOSS","M","$","?","M","$","M","?","R","T","?","R","M","R","$","R","BOSS","M","M","$","M","M","M","R","M","T","?","?","?","?","E","R","BOSS"],"items_purchased_type":["Card","Relic","Card"],"build_version":"2020-12-22","purchased_purges":4,"victory":true,"max_hp_per_floor":[70,70,70,70,70,70,70,70,70,70,70,70,70,70,70,70,70,70,70,70,70,70,70,70,70,70,70,70,70,70,70,70,70,70,70,70,70,70,70,70,70,70,70,66,66,66,66,66,66,66],"card_choices":[{"not_picked":["Caltrops","Underhanded Strike"],"picked":"Escape Plan","floor":1.0},{"not_picked":["Terror","Quick Slash"],"picked":"Acrobatics","floor":3.0},{"not_picked":["Prepared","Night Terror"],"picked":"Backflip","floor":6.0},{"not_picked":["Slice","Backflip"],"picked":"Backstab","floor":8.0},{"not_picked":["Escape Plan","Dodge and Roll"],"picked":"Noxious Fumes","floor":13.0},{"not_picked":["Finisher","Sucker Punch","Dagger Throw"],"picked":"SKIP","floor":14.0},{"not_picked":["Phantasmal Killer","Doppelganger"],"picked":"Die Die Die","floor":16.0},{"not_picked":["Sucker Punch","Slice","Outmaneuver"],"picked":"SKIP","floor":18.0},{"not_picked":["Dagger Spray","Dodge and Roll","Sucker Punch"],"picked":"SKIP","floor":21.0},{"not_picked":["Backstab","Acrobatics","Quick Slash"],"picked":"SKIP","floor":23.0},{"not_picked":["Finisher","Heel Hook","Dodge and Roll"],"picked":"SKIP","floor":29.0},{"not_picked":["A Thousand Cuts","Malaise"],"picked":"Adrenaline","floor":33},{"not_picked":["Poisoned Stab","Escape Plan","Prepared+1"],"picked":"SKIP","floor":35},{"not_picked":["Slice+1","Underhanded Strike","Prepared"],"picked":"SKIP","floor":36},{"not_picked":["Dash+1","Bouncing Flask+1","Distraction+1"],"picked":"SKIP","floor":39},{"not_picked":["Flying Knee","All Out Attack"],"picked":"Backflip+1","floor":42},{"not_picked":["Dramatic Entrance","Jack Of All Trades"],"picked":"Panache","floor":45},{"not_picked":["Swift Strike","Deep Breath"],"picked":"Flash of Steel","floor":45},{"not_picked":["Blade Dance+1","Dagger Spray+1"],"picked":"Adrenaline","floor":48}],"player_experience":5044,"relics_obtained":[{"floor":9.0,"key":"Meat on the Bone"},{"floor":13.0,"key":"Eternal Feather"},{"floor":17.0,"key":"Bronze Scales"},{"floor":17.0,"key":"Ornamental Fan"},{"floor":17.0,"key":"StoneCalendar"},{"floor":26.0,"key":"FossilizedHelix"},{"floor":27.0,"key":"Bag of Marbles"},{"floor":43,"key":"Kunai"},{"floor":46,"key":"Boot"},{"floor":47,"key":"Bird Faced Urn"},{"floor":48,"key":"Bottled Lightning"}],"event_choices":[{"damage_healed":0.0,"max_hp_gain":0.0,"max_hp_loss":0.0,"gold_gain":0.0,"cards_transformed":["All Out Attack"],"event_name":"Living Wall","player_choice":"Change","floor":2.0,"gold_loss":0.0,"damage_taken":0.0,"cards_obtained":["Dagger Spray"]},{"damage_healed":0.0,"max_hp_gain":0.0,"max_hp_loss":0.0,"gold_gain":75.0,"event_name":"World of Goop","player_choice":"Gather Gold","floor":4.0,"gold_loss":0.0,"damage_taken":11.0},{"damage_healed":0.0,"max_hp_gain":0.0,"max_hp_loss":0.0,"gold_gain":0.0,"cards_transformed":["Dagger Spray"],"event_name":"Transmorgrifier","player_choice":"Transformed","floor":12.0,"gold_loss":0.0,"damage_taken":0.0,"cards_obtained":["Calculated Gamble"]},{"cards_removed":["Leg Sweep"],"damage_healed":0.0,"max_hp_gain":0.0,"max_hp_loss":0.0,"gold_gain":0.0,"event_name":"Back to Basics","player_choice":"Elegance","floor":24.0,"gold_loss":0.0,"damage_taken":0.0},{"damage_healed":0,"gold_gain":0,"player_choice":"Max HP","damage_taken":0,"max_hp_gain":0,"max_hp_loss":4,"event_name":"Winding Halls","floor":44,"gold_loss":0},{"damage_healed":0,"gold_gain":0,"player_choice":"Memory 3","damage_taken":10,"max_hp_gain":0,"max_hp_loss":0,"event_name":"SensoryStone","floor":45,"gold_loss":0},{"damage_healed":0,"gold_gain":0,"player_choice":"Fight","damage_taken":0,"max_hp_gain":0,"max_hp_loss":0,"event_name":"Mysterious Sphere","floor":47,"gold_loss":0}],"is_beta":false,"boss_relics":[{"not_picked":["WristBlade","Cursed Key"],"picked":"Calling Bell"},{"not_picked":["Black Star","Busted Crown"],"picked":"Fusion Hammer"}],"items_purged_floors":[5,19,22,31],"is_endless":false,"potions_floor_spawned":[1,6,13,29,35,39,40,48],"ascension_level":0}}