{"host":"d8d3jqle49sogkjv","time":1609704517,"event":{"mods":["BaseMod","Colored Map","Colored Powertips","Minty Spire (QoL Compilation)","StSLib"],"gold_per_floor":[115,38,38,38,38,70,70,46,70,103,113,113,143,179,179,299,299,318,318,318,6,26,26,26],"floor_reached":23,"playtime":825,"items_purged":["Defend_R"],"score":392,"play_id":"2aaebd92-6491-4a7c-ab95-22c825bc4ab5","local_time":"20210103210837","is_ascension_mode":true,"campfire_choices":[{"data":"Spot Weakness","floor":7,"key":"SMITH"},{"data":"Flame Barrier","floor":15,"key":"SMITH"}],"circlet_count":0,"master_deck":["AscendersBane","Strike_R+1","Strike_R","Strike_R","Defend_R","Defend_R","Bash+1","Flame Barrier+1","Spot Weakness+1","Shrug It Off","Offering","Carnage","Ghostly Armor","Reaper","Whirlwind","Impatience","True Grit"],"relics":["Burning Blood","NeowsBlessing","White Beast Statue","Whetstone","Red Skull","Golden Idol","Odd Mushroom","Art of War","Empty Cage","MutagenicStrength","Membership Card","Vajra"],"acts_visited":["Exordium","TheCity"],"potions_floor_usage":[13,14,14,18,23,23],"damage_taken":[{"damage":0,"enemies":"Jaw Worm","floor":1,"turns":1},{"damage":0,"enemies":"3 Sentries","floor":6,"turns":2},{"damage":0,"enemies":"Lagavulin","floor":10,"turns":1},{"damage":1,"enemies":"Small Slimes","floor":11,"turns":4},{"damage":12,"enemies":"The Mushroom Lair","floor":13,"turns":4},{"damage":24,"enemies":"Gremlin Nob","floor":14,"turns":3},{"damage":14,"enemies":"Hexaghost","floor":16,"turns":7},{"damage":16,"enemies":"3 Byrds","floor":18,"turns":3},{"damage":17,"enemies":"Spheric Guardian","floor":22,"turns":3},{"damage":64,"enemies":"Book of Stabbing","floor":23,"turns":5}],"seed_played":"-3991504126298762580","potions_obtained":[{"floor":1,"key":"SpeedPotion"},{"floor":10,"key":"HeartOfIron"},{"floor":11,"key":"DuplicationPotion"},{"floor":13,"key":"SkillPotion"},{"floor":14,"key":"Swift Potion"},{"floor":16,"key":"ColorlessPotion"},{"floor":18,"key":"ColorlessPotion"},{"floor":22,"key":"AttackPotion"}],"is_trial":false,"path_per_floor":["M","$","?","?","$","E","R","$","T","E","M","?","?","E","R","B",null,"M","?","?","$","M","E"],"character_chosen":"IRONCLAD","items_purchased":["Spot Weakness","Shrug It Off","Membership Card","Vajra","Impatience"],"campfire_rested":0,"item_purchase_floors":[2,8,21,21,21],"current_hp_per_floor":[78,78,71,71,71,77,77,77,77,80,80,60,54,36,36,28,67,63,63,63,63,61,0,0],"gold":26,"neow_bonus":"THREE_ENEMY_KILL","is_daily":false,"chose_seed":false,"campfire_upgraded":2,"win_rate":0.0,"timestamp":1609704517,"path_taken":["M","$","?","?","$","E","R","$","T","E","M","?","?","E","R","BOSS","M","?","?","$","M","E"],"items_purchased_type":["Card","Card","Relic","Relic","Card"],"build_version":"2020-12-22","purchased_purges":1,"victory":false,"max_hp_per_floor":[80,80,80,80,80,80,80,80,80,80,80,80,80,80,80,80,80,80,80,80,80,80,80,80],"card_choices":[{"not_picked":["Burning Pact","Body Slam"],"picked":"Flame Barrier","floor":1},{"not_picked":["Blood for Blood","Searing Blow","Perfected Strike"],"picked":"SKIP","floor":6},{"not_picked":["Thunderclap","Wild Strike"],"picked":"Offering","floor":10},{"not_picked":["Anger","Evolve"],"picked":"Carnage","floor":11},{"not_picked":["Rampage","True Grit"],"picked":"Ghostly Armor","floor":13},{"not_picked":["Carnage","Clothesline","Flex"],"picked":"SKIP","floor":14},{"not_picked":["Brutality","Corruption"],"picked":"Reaper","floor":16},{"not_picked":["Dropkick","Cleave","Fire Breathing+1"],"picked":"SKIP","floor":18},{"not_picked":["Wild Strike","Clothesline"],"picked":"True Grit","floor":22}],"player_experience":357639,"relics_obtained":[{"floor":6,"key":"White Beast Statue"},{"floor":9,"key":"Whetstone"},{"floor":10,"key":"Red Skull"},{"floor":13,"key":"Odd Mushroom"},{"floor":14,"key":"Art of War"}],"event_choices":[{"cards_removed":["Strike_R"],"damage_healed":0,"gold_gain":0,"player_choice":"Card Removal","damage_taken":7,"max_hp_gain":0,"max_hp_loss":0,"event_name":"Golden Wing","floor":3,"gold_loss":0},{"damage_healed":0,"gold_gain":0,"player_choice":"Leave","damage_taken":0,"max_hp_gain":0,"max_hp_loss":0,"event_name":"The Cleric","floor":4,"gold_loss":0},{"damage_healed":0,"gold_gain":0,"player_choice":"Take Damage","damage_taken":20,"relics_obtained":["Golden Idol"],"max_hp_gain":0,"max_hp_loss":0,"event_name":"Golden Idol","floor":12,"gold_loss":0},{"damage_healed":0,"gold_gain":0,"player_choice":"Fought Mushrooms","damage_taken":0,"max_hp_gain":0,"max_hp_loss":0,"event_name":"Mushrooms","floor":13,"gold_loss":0},{"damage_healed":0,"gold_gain":0,"player_choice":"Read","damage_taken":0,"max_hp_gain":0,"max_hp_loss":0,"event_name":"The Library","floor":19,"gold_loss":0,"cards_obtained":["Whirlwind"]},{"damage_healed":0,"gold_gain":0,"player_choice":"Inject Mutagens","damage_taken":0,"relics_obtained":["MutagenicStrength"],"max_hp_gain":0,"max_hp_loss":0,"event_name":"Drug Dealer","floor":20,"gold_loss":0}],"is_beta":false,"boss_relics":[{"not_picked":["Coffee Dripper","SacredBark"],"picked":"Empty Cage"}],"items_purged_floors":[21],"is_endless":false,"potions_floor_spawned":[1,10,11,13,14,16,18,22],"killed_by":"Book of Stabbing","ascension_level":11}}