{"host":"n900smz9wr3yo27a","time":1609669233,"event":{"mods":["Arknights The Spire","BaseMod","CapriCore","GungeonMod","Hermit","Koishi","Lobotomy","Marisa£¨Ùöéë¡¡Øª×âÞÞ£©","Minty Spire (QoL Compilation)","Prisma Mod","Replay The Spire","StSLib","Td1madao Mod","The Animator","The Bug Knight","The Cursed","The Dragon Tamer","The Gatherer","The Hierophant","The Immortal","The Jungle","The Necromancer","The Poker Player","The Runesmith","WarShipGirlsR/??á´Ò³R mod"],"gold_per_floor":[110,124,124,124,49,49,49,49,49,82,82,101,91,125,125,224,224,237,312,329,79,99,99,133,163,187,187,187,197,229,229,229],"floor_reached":31,"playtime":1365,"items_purged":["DemoMod:Strike_Huntress","DemoMod:Strike_Huntress"],"score":354,"play_id":"4fe40550-2382-4926-9d0e-e24975771348","local_time":"20210103192033","is_ascension_mode":false,"campfire_choices":[{"floor":6,"key":"REST"},{"data":"DemoMod:ManualReload","floor":8,"key":"SMITH"},{"data":"DemoMod:TripleGun","floor":11,"key":"SMITH"},{"data":"DemoMod:ShadowBullets","floor":15,"key":"SMITH"},{"data":"DemoMod:Elimentaler","floor":23,"key":"SMITH"},{"floor":27,"key":"REST"}],"circlet_count":0,"master_deck":["DemoMod:Strike_Huntress+1","DemoMod:Defend_Huntress+1","DemoMod:Defend_Huntress","DemoMod:Defend_Huntress","DemoMod:Defend_Huntress","DemoMod:Roll","DemoMod:ManualReload+1","DemoMod:RustySidearm","DemoMod:CrossBow","Mind Blast","DemoMod:StickyCrossBow+1","DemoMod:SniperShot+1","DemoMod:TripleGun+1","DemoMod:Camera","DemoMod:Elimentaler+1","DemoMod:ShadowBullets+1","DemoMod:GunslingerForm","DemoMod:BlankBullets+1"],"relics":["DemoMod:Dog","Mango","Ginger","FossilizedHelix","Runesmith:UraniumAnvil","HandDrill","Golden Egg","Replay:Bottled Steam","Bird Faced Urn"],"acts_visited":["Exordium","TheCity"],"potions_floor_usage":[24,28,28,30,30],"damage_taken":[{"damage":7,"enemies":"2 Louse","floor":1,"turns":2},{"damage":13,"enemies":"Jaw Worm","floor":2,"turns":3},{"damage":40,"enemies":"Lagavulin","floor":10,"turns":4},{"damage":0,"enemies":"Small Slimes","floor":12,"turns":1},{"damage":0,"enemies":"3 Sentries","floor":14,"turns":1},{"damage":21,"enemies":"Hexaghost","floor":16,"turns":7},{"damage":13,"enemies":"Shell Parasite","floor":18,"turns":6},{"damage":0,"enemies":"Chosen","floor":20,"turns":3},{"damage":0,"enemies":"Centurion and Healer","floor":22,"turns":4},{"damage":3,"enemies":"Snecko","floor":24,"turns":4},{"damage":45,"enemies":"Book of Stabbing","floor":25,"turns":5},{"damage":0,"enemies":"Snecko","floor":29,"turns":4},{"damage":36,"enemies":"Slavers","floor":30,"turns":4},{"damage":17,"enemies":"Sentry and Sphere","floor":31,"turns":3}],"seed_played":"8355012638945003713","potions_obtained":[{"floor":14,"key":"Adrenaline Potion"},{"floor":18,"key":"Dexterity Potion"},{"floor":20,"key":"Fire Potion"},{"floor":28,"key":"Fruit Juice"},{"floor":28,"key":"Fruit Juice"},{"floor":28,"key":"Reflective Coating"}],"is_trial":false,"path_per_floor":["M","M","?","?","$","R","?","R","T","E","R","M","?","E","R","B",null,"M","?","M","$","M","R","?","E","T","R","?","M","E","M"],"character_chosen":"HUNTRESS","items_purchased":["HandDrill"],"campfire_rested":2,"item_purchase_floors":[21],"current_hp_per_floor":[63,50,36,36,36,57,57,57,71,31,31,31,31,31,31,10,84,71,63,63,63,63,63,60,15,15,40,50,50,14,0,0],"gold":229,"neow_bonus":"RANDOM_COLORLESS","is_daily":false,"chose_seed":false,"campfire_upgraded":4,"win_rate":0.0,"timestamp":1609669233,"path_taken":["M","M","?","?","?","R","?","R","T","E","R","M","?","E","R","BOSS","M","?","?","?","M","R","?","E","T","R","?","?","E","M"],"items_purchased_type":["Relic"],"build_version":"2020-12-22","purchased_purges":2,"victory":false,"max_hp_per_floor":[70,70,70,70,70,70,70,70,84,84,84,84,84,84,84,84,84,84,84,84,84,84,84,84,84,84,84,94,94,94,94,94],"card_choices":[{"not_picked":["Finesse","Madness"],"picked":"Mind Blast","floor":0},{"not_picked":["DemoMod:CombinedRifle","DemoMod:Ejector"],"picked":"DemoMod:StickyCrossBow","floor":1},{"not_picked":["DemoMod:DoubleSwitch","DemoMod:AC15"],"picked":"DemoMod:BattleInHaste","floor":2},{"not_picked":["DemoMod:FastSwitch","DemoMod:SAA"],"picked":"DemoMod:TripleGun","floor":10},{"not_picked":["DemoMod:TeaPot","DemoMod:Purify","DemoMod:StickyCrossBow"],"picked":"SKIP","floor":12},{"not_picked":[],"picked":"DemoMod:Camera","floor":13},{"not_picked":[],"picked":"DemoMod:Elimentaler","floor":13},{"not_picked":["DemoMod:BattleInHaste","DemoMod:TeaPot"],"picked":"DemoMod:ShadowBullets","floor":14},{"not_picked":["DemoMod:BlackHoleGun","DemoMod:DoubleVision"],"picked":"DemoMod:GunslingerForm","floor":16},{"not_picked":["DemoMod:SkilledReload","DemoMod:BattleInHaste+1","DemoMod:Unmoved"],"picked":"SKIP","floor":18},{"not_picked":["DemoMod:ProbeStrike","DemoMod:HardPowerCard","DemoMod:HighKaliber"],"picked":"SKIP","floor":20},{"not_picked":["DemoMod:TeaPot","DemoMod:DirectionalPad+1","DemoMod:AC15"],"picked":"SKIP","floor":22},{"not_picked":["DemoMod:Elimentaler","DemoMod:RadGun","DemoMod:AbyssalTentacle"],"picked":"SKIP","floor":24},{"not_picked":["DemoMod:TableSutra","DemoMod:ZorGun"],"picked":"DemoMod:BlankBullets","floor":25},{"not_picked":["DemoMod:JK47","DemoMod:HardPowerCard","DemoMod:StickyCrossBow"],"picked":"SKIP","floor":29},{"not_picked":["DemoMod:Unmoved","DemoMod:BoxingGlove+1","DemoMod:TeaPot"],"picked":"SKIP","floor":30}],"player_experience":765459,"relics_obtained":[{"floor":9,"key":"Mango"},{"floor":10,"key":"Ginger"},{"floor":14,"key":"FossilizedHelix"},{"floor":24,"key":"Golden Egg"},{"floor":25,"key":"Replay:Bottled Steam"},{"floor":30,"key":"Bird Faced Urn"}],"event_choices":[{"damage_healed":0,"gold_gain":0,"player_choice":"Entered Light","damage_taken":14,"max_hp_gain":0,"max_hp_loss":0,"event_name":"Shining Light","floor":3,"gold_loss":0,"cards_upgraded":["DemoMod:Strike_Huntress","DemoMod:Defend_Huntress"]},{"damage_healed":0,"gold_gain":0,"player_choice":"Grow","damage_taken":0,"max_hp_gain":0,"max_hp_loss":0,"event_name":"Living Wall","floor":4,"gold_loss":0,"cards_upgraded":["DemoMod:StickyCrossBow"]},{"damage_healed":0,"gold_gain":75,"player_choice":"Touch","damage_taken":8,"max_hp_gain":0,"max_hp_loss":0,"event_name":"FaceTrader","floor":19,"gold_loss":0},{"damage_healed":0,"gold_gain":0,"player_choice":"Got Potions","damage_taken":0,"max_hp_gain":0,"max_hp_loss":0,"event_name":"Lab","floor":28,"gold_loss":0}],"is_beta":false,"boss_relics":[{"not_picked":["ReplayTheSpireMod:DimensionalGlitch","Replay:Wanted Poster"],"picked":"Runesmith:UraniumAnvil"}],"items_purged_floors":[5,21],"is_endless":false,"potions_floor_spawned":[14,18,20],"killed_by":"Sentry and Sphere","ascension_level":0}}