{"host":"u4pncpybdtxxvw4r","time":1609637473,"event":{"mods":["AchievementEnabler","BaseMod","Block Reminder","Colored Powertips","Downfall","Marisa£®ÏF”Í°°ƒß¿Ì…≥£©","Minty Spire (QoL Compilation)","Permanent Neow","Potion Indicator Mod","Rare Cards Sparkle","StSLib","SuperFastMode"],"gold_per_floor":[112,130,130,130,130,168,198,214,263,281,281,9,9,79,79,209,209,227,243,243,97,120,163,175,212,301,338,369,381,393,428,440,573,585,621,6,6,22,42,42,42],"floor_reached":40,"playtime":2144,"items_purged":["Strike_G","Strike_G+1"],"score":435,"play_id":"2fd250d4-5ba4-494a-8f1f-db0a13abdbf8","local_time":"20210103093113","is_ascension_mode":false,"campfire_choices":[{"floor":11,"key":"REST"},{"floor":13,"key":"REST"},{"data":"Poisoned Stab","floor":15,"key":"SMITH"},{"floor":29,"key":"REST"},{"floor":32,"key":"REST"}],"circlet_count":0,"master_deck":["Strike_G+1","Strike_G+1","Strike_G+1","Defend_G+1","Defend_G+1","Defend_G+1","Defend_G+1","Defend_G+1","Survivor","Neutralize+1","Deadly Poison+1","Poisoned Stab+1","Distraction","Backstab","Slice","Poisoned Stab","Dagger Throw","Envenom","Blade Dance","Escape Plan","Blade Dance","Slice","Catalyst","All Out Attack+1","Bane+1","Adrenaline","Deflect+1","Secret Technique","Prepared","Envenom","Dodge and Roll+1","Bouncing Flask+1"],"relics":["Ring of the Snake","Golden Idol","Ornamental Fan","Happy Flower","Tiny Chest","Mummified Hand","Velvet Choker","Toolbox","MawBank","Molten Egg 2","Snake Skull","Fusion Hammer","Bag of Marbles","Anchor"],"acts_visited":["Exordium","TheCity","TheBeyond"],"potions_floor_usage":[6,8,25,25,33,40,40],"damage_taken":[{"damage":0,"enemies":"2 Louse","floor":1,"turns":4},{"damage":1,"enemies":"Small Slimes","floor":2,"turns":3},{"damage":0,"enemies":"Cultist","floor":3,"turns":3},{"damage":35,"enemies":"3 Sentries","floor":6,"turns":9},{"damage":0,"enemies":"Blue Slaver","floor":8,"turns":1},{"damage":0,"enemies":"Gremlin Gang","floor":10,"turns":4},{"damage":32,"enemies":"Slime Boss","floor":16,"turns":12},{"damage":8,"enemies":"2 Thieves","floor":18,"turns":4},{"damage":5,"enemies":"3 Byrds","floor":19,"turns":5},{"damage":0,"enemies":"Snecko","floor":22,"turns":4},{"damage":15,"enemies":"Gremlin Leader","floor":23,"turns":5},{"damage":0,"enemies":"3 Cultists","floor":25,"turns":5},{"damage":3,"enemies":"Snake Plant","floor":27,"turns":4},{"damage":17,"enemies":"Shelled Parasite and Fungi","floor":28,"turns":4},{"damage":5,"enemies":"3 Cultists","floor":31,"turns":4},{"damage":54,"enemies":"Automaton","floor":33,"turns":10},{"damage":27,"enemies":"3 Shapes","floor":35,"turns":3},{"damage":0,"enemies":"Orb Walker","floor":38,"turns":2},{"damage":23,"enemies":"Maw","floor":39,"turns":6},{"damage":56,"enemies":"Nemesis","floor":40,"turns":6}],"seed_played":"-820611562032319304","potions_obtained":[{"floor":1,"key":"Fire Potion"},{"floor":6,"key":"Fruit Juice"},{"floor":8,"key":"AttackPotion"},{"floor":10,"key":"CultistPotion"},{"floor":19,"key":"GhostInAJar"},{"floor":28,"key":"CunningPotion"},{"floor":31,"key":"Fire Potion"},{"floor":35,"key":"Block Potion"}],"is_trial":false,"path_per_floor":["M","M","M","?","?","E","?","M","T","M","R","$","R","T","R","B",null,"M","M","?","$","M","E","?","M","T","M","M","R","T","M","R","B",null,"M","$","?","M","M","E"],"character_chosen":"THE_SILENT","items_purchased":["Tiny Chest","Dagger Throw","Toolbox","Secret Technique","Bag of Marbles","Anchor","Prepared"],"campfire_rested":4,"item_purchase_floors":[12,12,21,36,36,36,36],"current_hp_per_floor":[70,69,69,52,38,8,8,8,8,8,30,30,52,52,52,20,75,67,62,62,62,62,47,47,47,47,44,27,49,49,44,66,12,75,48,48,48,48,25,0,0],"gold":42,"neow_bonus":"UPGRADE_CARD","is_daily":false,"chose_seed":false,"campfire_upgraded":1,"win_rate":0.0,"timestamp":1609637473,"path_taken":["M","M","M","?","?","E","?","M","T","M","R","$","R","?","R","BOSS","M","M","?","$","M","E","?","M","T","M","M","R","?","M","R","BOSS","M","$","?","?","M","E"],"items_purchased_type":["Relic","Card","Relic","Card","Relic","Relic","Card"],"build_version":"2020-12-22","purchased_purges":2,"victory":false,"max_hp_per_floor":[70,70,70,70,70,75,75,75,75,75,75,75,75,75,75,75,75,75,75,75,75,75,75,75,75,75,75,75,75,75,75,75,75,75,75,75,75,75,75,75,75],"card_choices":[{"not_picked":["Endless Agony","Finisher"],"picked":"Deadly Poison","floor":1},{"not_picked":["Outmaneuver","Caltrops"],"picked":"Poisoned Stab","floor":2},{"not_picked":["Leg Sweep","Crippling Poison"],"picked":"Distraction","floor":3},{"not_picked":["Blade Dance","Skewer"],"picked":"Backstab","floor":6},{"not_picked":["Quick Slash","Riddle With Holes"],"picked":"Slice","floor":8},{"not_picked":["Flying Knee","Underhanded Strike"],"picked":"Poisoned Stab","floor":10},{"not_picked":["Doppelganger","Bullet Time"],"picked":"Envenom","floor":16},{"not_picked":["Flying Knee","Quick Slash"],"picked":"Blade Dance","floor":18},{"not_picked":["All Out Attack","Backflip"],"picked":"Escape Plan","floor":19},{"not_picked":["Well Laid Plans+1","Tactician+1"],"picked":"Blade Dance","floor":22},{"not_picked":["Deflect","Skewer"],"picked":"Slice","floor":23},{"not_picked":["Prepared","Dodge and Roll+1"],"picked":"Catalyst","floor":25},{"not_picked":["Choke+1","Tactician+1"],"picked":"All Out Attack+1","floor":27},{"not_picked":["Reflex+1","Deflect","Riddle With Holes+1"],"picked":"SKIP","floor":28},{"not_picked":["Dagger Spray+1","Backstab+1"],"picked":"Bane+1","floor":31},{"not_picked":["Die Die Die+1","Unload+1"],"picked":"Adrenaline","floor":33},{"not_picked":["Dodge and Roll","Flying Knee+1"],"picked":"Deflect+1","floor":35},{"not_picked":["Acrobatics+1","Well Laid Plans+1"],"picked":"Dodge and Roll+1","floor":38},{"not_picked":["Well Laid Plans+1","Choke+1"],"picked":"Bouncing Flask+1","floor":39}],"player_experience":17346,"relics_obtained":[{"floor":6,"key":"Ornamental Fan"},{"floor":9,"key":"Happy Flower"},{"floor":14,"key":"Mummified Hand"},{"floor":23,"key":"MawBank"},{"floor":26,"key":"Molten Egg 2"},{"floor":30,"key":"Snake Skull"}],"event_choices":[{"damage_healed":0,"gold_gain":0,"player_choice":"Take Damage","damage_taken":17,"relics_obtained":["Golden Idol"],"max_hp_gain":0,"max_hp_loss":0,"event_name":"Golden Idol","floor":4,"gold_loss":0},{"damage_healed":0,"gold_gain":0,"player_choice":"Entered Light","damage_taken":14,"max_hp_gain":0,"max_hp_loss":0,"event_name":"Shining Light","floor":5,"gold_loss":0,"cards_upgraded":["Defend_G","Deadly Poison"]},{"damage_healed":0,"gold_gain":30,"player_choice":"Searched \u00271\u0027 times","damage_taken":0,"max_hp_gain":0,"max_hp_loss":0,"event_name":"Dead Adventurer","floor":7,"gold_loss":0},{"damage_healed":0,"gold_gain":0,"player_choice":"Simplicity","damage_taken":0,"max_hp_gain":0,"max_hp_loss":0,"event_name":"Back to Basics","floor":20,"gold_loss":0,"cards_upgraded":["Strike_G","Strike_G","Strike_G","Strike_G","Defend_G","Defend_G","Defend_G","Defend_G"]},{"damage_healed":0,"gold_gain":0,"player_choice":"Ignored","damage_taken":0,"max_hp_gain":0,"max_hp_loss":0,"event_name":"NoteForYourself","floor":24,"gold_loss":0},{"damage_healed":0,"gold_gain":0,"player_choice":"Copied","damage_taken":0,"max_hp_gain":0,"max_hp_loss":0,"event_name":"Duplicator","floor":37,"gold_loss":0,"cards_obtained":["Envenom"]}],"is_beta":false,"boss_relics":[{"not_picked":["Tiny House","Cursed Key"],"picked":"Velvet Choker"},{"not_picked":["Runic Pyramid","Astrolabe"],"picked":"Fusion Hammer"}],"items_purged_floors":[12,36],"is_endless":false,"potions_floor_spawned":[1,6,8,10,19,27,28,31,35,38],"killed_by":"Nemesis","ascension_level":0}}