{"host":"792mtbovsoa03nb3","time":1609716453,"event":{"mods":["BaseMod","Colored Map","Curses Come First","Dota2Spire","Downfall","Ekko","Evolution","Hubris","Infinite Spire","Minty Spire (QoL Compilation)","Replay The Spire","Spicy Shops","StSLib","The Blue Laboratory","The Jungle","??????REMEMod"],"gold_per_floor":[109,109,60,60,73,101,101,127,127,158,170,170,188,219,219,318,318,331,75,75,35,45,45,45,45],"floor_reached":24,"playtime":819,"items_purged":["Replay:Hysterical Blindness","Normality"],"score":322,"play_id":"456b6d48-5cc8-4a0d-9cf6-a98377de5e6d","local_time":"20210103152733","is_ascension_mode":true,"campfire_choices":[{"data":"Armaments","floor":7,"key":"SMITH"},{"floor":15,"key":"REST"},{"data":"ekkoTheBoyWhoShatteredTime:TrinityForce","floor":23,"key":"SMITH"}],"circlet_count":0,"master_deck":["Run Through","Run Through","Strike_R","Strike_R","Strike_R","Defend_R","Defend_R","Defend_R","Defend_R","Bash","Limit Break+1","ekkoTheBoyWhoShatteredTime:TrinityForce+1","ReplayTheSpireMod:Stacked","Inflame","Dual Wield+1","Iron Wave","Armaments+1","Clash","Replay:Many Hands","Rage","Perfected Strike+1","Spot Weakness","Corruption+1","Shrug It Off+1"],"relics":["Burning Blood","EVO:Axolotl","REME_ComplimentaryCards","ReplayTheSpireMod:CursedCoin","ReplayTheSpireMod:Lightbulb","Pantograph","REME_HourglassOfDeath","Iron Hammer","ReplayTheSpireMod:Ring of Exchange","ReplayTheSpireMod:Ring of Collecting","infinitespire:PuzzleCube","Ring of Chaos","Dota2Spire:UrnOfShadows"],"acts_visited":["Exordium","TheCity"],"potions_floor_usage":[6,8,16],"damage_taken":[{"damage":7,"enemies":"Small Slimes","floor":1,"turns":3},{"damage":5,"enemies":"Cultist","floor":5,"turns":4},{"damage":12,"enemies":"Lagavulin","floor":6,"turns":5},{"damage":15,"enemies":"Replay:BlueRogue","floor":8,"turns":6},{"damage":5,"enemies":"3 Sentries","floor":10,"turns":6},{"damage":0,"enemies":"2 Louse","floor":11,"turns":4},{"damage":0,"enemies":"Large Slime","floor":13,"turns":6},{"damage":32,"enemies":"Lagavulin","floor":14,"turns":6},{"damage":49,"enemies":"Slime Boss","floor":16,"turns":9},{"damage":39,"enemies":"2 Thieves","floor":18,"turns":4},{"damage":37,"enemies":"Shell Parasite","floor":22,"turns":5},{"damage":14,"enemies":"Chosen and Byrds","floor":24,"turns":4}],"seed_played":"2405226754715510425","potions_obtained":[{"floor":1,"key":"blueLaboratory:EnragingPotion"},{"floor":5,"key":"Toxic Potion"},{"floor":13,"key":"blueLaboratory:BottledHope"},{"floor":14,"key":"blueLaboratory:Moonshine"},{"floor":18,"key":"FearPotion"}],"is_trial":false,"path_per_floor":["M","?","$","?","M","E","R","E","T","E","M","?","M","E","R","B",null,"M","$","?","?","M","R","M"],"character_chosen":"IRONCLAD","items_purchased":["Inflame","ReplayTheSpireMod:CursedCoin","Dual Wield+1","Dota2Spire:UrnOfShadows"],"campfire_rested":1,"item_purchase_floors":[3,3,3,19],"current_hp_per_floor":[50,50,50,50,51,45,45,36,36,37,43,43,49,23,47,29,67,34,34,34,34,9,9,0,0],"gold":45,"neow_bonus":"THREE_RARE_CARDS","is_daily":false,"chose_seed":false,"campfire_upgraded":2,"win_rate":0.0,"timestamp":1609716453,"path_taken":["M","?","$","?","M","E","R","E","T","E","M","?","M","E","R","BOSS","M","$","?","?","?","R","M"],"items_purchased_type":["Card","Relic","Card","Relic"],"build_version":"2020-12-22","purchased_purges":2,"victory":false,"max_hp_per_floor":[80,80,80,80,80,80,80,80,80,80,80,80,80,80,80,80,80,80,80,80,80,80,80,80,80],"card_choices":[{"not_picked":["Eclipse","Bludgeon"],"picked":"Limit Break","floor":0},{"not_picked":["Havoc","Replay:Undeath\u0027s Touch"],"picked":"ReplayTheSpireMod:Stacked","floor":1},{"not_picked":["Cleave","Body Slam"],"picked":"Iron Wave","floor":5},{"not_picked":["Thunderclap","Second Wind"],"picked":"Armaments","floor":6},{"not_picked":["hubris:ReadiedAction","Shrug It Off"],"picked":"Clash","floor":8},{"not_picked":["Ghostly Armor","hubris:SharpeningStone"],"picked":"Replay:Many Hands","floor":10},{"not_picked":["Anger","hubris:ReadiedAction"],"picked":"Rage","floor":11},{"not_picked":["Wild Strike","REME_TheLastStrike"],"picked":"Perfected Strike","floor":13},{"not_picked":["Metallicize","Warcry"],"picked":"Spot Weakness","floor":14},{"not_picked":["Bludgeon","Exhume"],"picked":"Corruption","floor":16},{"not_picked":["REME_FearOfPain","Armaments","Headbutt"],"picked":"SKIP","floor":18},{"not_picked":["Clothesline","Entrench"],"picked":"Shrug It Off+1","floor":22}],"player_experience":841059,"relics_obtained":[{"floor":6,"key":"ReplayTheSpireMod:Lightbulb"},{"floor":8,"key":"Pantograph"},{"floor":9,"key":"REME_HourglassOfDeath"},{"floor":10,"key":"Iron Hammer"},{"floor":12,"key":"ReplayTheSpireMod:Ring of Exchange"},{"floor":12,"key":"ReplayTheSpireMod:Ring of Collecting"},{"floor":14,"key":"infinitespire:PuzzleCube"}],"event_choices":[{"damage_healed":0,"gold_gain":0,"player_choice":"Grow","damage_taken":0,"max_hp_gain":0,"max_hp_loss":0,"event_name":"Living Wall","floor":4,"gold_loss":0,"cards_upgraded":["Limit Break"]},{"damage_healed":0,"gold_gain":0,"player_choice":"Ignored","damage_taken":0,"max_hp_gain":0,"max_hp_loss":0,"event_name":"Ghosts","floor":20,"gold_loss":0},{"damage_healed":0,"gold_gain":0,"player_choice":"Upgraded Two","damage_taken":0,"max_hp_gain":0,"max_hp_loss":0,"event_name":"Designer","floor":21,"gold_loss":40,"cards_upgraded":["Perfected Strike","Corruption"]}],"is_beta":false,"boss_relics":[{"not_picked":["Snecko Eye","Strange Spoon"],"picked":"Ring of Chaos"}],"items_purged_floors":[3,19],"is_endless":false,"potions_floor_spawned":[1,5,13,14,18],"killed_by":"Chosen and Byrds","ascension_level":9}}