{"host":"873t0y8ybyo38pfq","time":1609685478,"event":{"mods":["BaseMod","Bestiary","Colored Map","Colored Powertips","Highlight Path","Minty Spire (QoL Compilation)","Quick Restart","RNG Fix","Rare Cards Sparkle","Relic Stats","StSLib"],"gold_per_floor":[112,59,69,69,87,116,116,142,142,142,142],"floor_reached":10,"playtime":256,"items_purged":[],"score":152,"play_id":"482acc2d-7fb0-493c-9b2b-349f848f852c","local_time":"20210103095118","is_ascension_mode":true,"campfire_choices":[{"floor":7,"key":"REST"}],"circlet_count":0,"master_deck":["AscendersBane","Strike_B","Strike_B","Strike_B","Defend_B","Defend_B","Defend_B","Defend_B","Zap","Dualcast","Hello World","Ball Lightning","Ball Lightning","Consume","Auto Shields"],"relics":["Cracked Core","NeowsBlessing","Girya","Ornamental Fan","Kunai"],"acts_visited":["Exordium"],"potions_floor_usage":[6,10],"damage_taken":[{"damage":0,"enemies":"Jaw Worm","floor":1,"turns":1},{"damage":0,"enemies":"Cultist","floor":3,"turns":1},{"damage":0,"enemies":"2 Louse","floor":5,"turns":1},{"damage":33,"enemies":"Lagavulin","floor":6,"turns":6},{"damage":32,"enemies":"Gremlin Nob","floor":8,"turns":4},{"damage":39,"enemies":"Lagavulin","floor":10,"turns":6}],"seed_played":"6686094876604117210","potions_obtained":[{"floor":1,"key":"Explosive Potion"}],"is_trial":false,"path_per_floor":["M","$","M","?","M","E","R","E","T","E"],"character_chosen":"DEFECT","items_purchased":["Fire Potion"],"campfire_rested":1,"item_purchase_floors":[2],"current_hp_per_floor":[64,64,64,64,64,31,52,20,20,0,0],"gold":142,"neow_bonus":"THREE_ENEMY_KILL","is_daily":false,"chose_seed":false,"campfire_upgraded":0,"win_rate":0.0,"timestamp":1609685478,"path_taken":["M","$","M","?","M","E","R","E","T","E"],"items_purchased_type":["Potion"],"build_version":"2020-12-22","purchased_purges":0,"victory":false,"max_hp_per_floor":[71,71,71,71,71,71,71,71,71,71,71],"relic_stats":{"counters":[6,19],"Ornamental Fan":[0],"Kunai":[0],"obtain_stats":[{"Girya":6,"NeowsBlessing":0,"Ornamental Fan":8,"Kunai":9,"Cracked Core":0},{"Girya":4,"NeowsBlessing":0,"Ornamental Fan":5,"Kunai":5,"Cracked Core":0},{"Girya":9,"NeowsBlessing":0,"Ornamental Fan":13,"Kunai":13,"Cracked Core":0}]},"card_choices":[{"not_picked":["BootSequence","Auto Shields"],"picked":"Hello World","floor":1},{"not_picked":["Streamline","Double Energy"],"picked":"Ball Lightning","floor":3},{"not_picked":["Hologram","Redo"],"picked":"Ball Lightning","floor":5},{"not_picked":["Coolheaded","Meteor Strike"],"picked":"Consume","floor":6},{"not_picked":["Storm","Blizzard"],"picked":"Auto Shields","floor":8}],"player_experience":1488712,"relics_obtained":[{"floor":6,"key":"Girya"},{"floor":8,"key":"Ornamental Fan"},{"floor":9,"key":"Kunai"}],"event_choices":[{"cards_removed":["Strike_B"],"damage_healed":0,"gold_gain":0,"player_choice":"Offered Basic","damage_taken":0,"max_hp_gain":0,"max_hp_loss":0,"event_name":"Bonfire Elementals","floor":4,"gold_loss":0}],"is_beta":false,"boss_relics":[],"items_purged_floors":[],"is_endless":false,"potions_floor_spawned":[1],"killed_by":"Lagavulin","ascension_level":20}}