{"host":"pgqo2okrcsmr67kt","time":1609659049,"event":{"mods":["BaseMod","Colored Map","Colored Powertips","Downfall","Hermit","Marisa£®ÏF”Í°°ƒß¿Ì…≥£©","Minty Spire (QoL Compilation)","Reimu£®≤©¿ˆ¡È√Œ£©","Remilia£®¿Ÿ√◊¿Ú—«£©","Replay The Spire","Shop Mod","StSLib","SuperFastMode","The Bug Knight","The Cursed","The Poker Player","The Servant 0.9.4"],"gold_per_floor":[144,219,494,539,584,674,719,719,719,764,809,615,615,660,660,660,660],"floor_reached":16,"playtime":902,"items_purged":[],"score":104,"play_id":"956306b6-334f-47f0-be3b-841b475cb343","local_time":"20210103153049","daily_mods":["Cursed Run","downfall:Jewelcrafting","Midas"],"is_ascension_mode":false,"campfire_choices":[{"floor":15,"key":"REST"}],"circlet_count":0,"master_deck":["Strike_B","Strike_B","Strike_B","Strike_B","Defend_B","Defend_B","Defend_B","Defend_B","Zap","Dualcast","Guardian:ExploitGems","Guardian:ExploitGems","Regret","Ball Lightning","Capacitor","Storm","Panic Button","Voices","BootSequence","Static Discharge","Hyperbeam","Hyperbeam","Hello World"],"relics":["Cursed Key","Darkstone Periapt","Du-Vu Doll","Guardian:PickAxe","Girya","Lantern"],"acts_visited":["Exordium"],"potions_floor_usage":[11,14,16],"damage_taken":[{"damage":0,"enemies":"Small Slimes","floor":1,"turns":3},{"damage":6,"enemies":"2 Louse","floor":4,"turns":2},{"damage":2,"enemies":"Cultist","floor":5,"turns":3},{"damage":51,"enemies":"3 Sentries","floor":6,"turns":7},{"damage":6,"enemies":"2 Fungi Beasts","floor":7,"turns":3},{"damage":1,"enemies":"Exordium Wildlife","floor":10,"turns":3},{"damage":6,"enemies":"3 Louse","floor":11,"turns":2},{"damage":0,"enemies":"Red Slaver","floor":14,"turns":3},{"damage":31,"enemies":"Hexaghost","floor":16,"turns":9}],"seed_played":"4251252283042701915","potions_obtained":[{"floor":1,"key":"DistilledChaos"},{"floor":6,"key":"Dexterity Potion"},{"floor":7,"key":"CultistPotion"}],"is_trial":false,"path_per_floor":["M","?","?","M","M","E","M","?","T","M","M","$","R","M","R","B"],"character_chosen":"DEFECT","items_purchased":["Static Discharge","Hyperbeam"],"campfire_rested":1,"item_purchase_floors":[12,12],"current_hp_per_floor":[75,64,70,64,62,11,5,5,11,10,4,4,4,4,30,0,0],"gold":660,"neow_bonus":"","is_daily":true,"chose_seed":false,"campfire_upgraded":0,"win_rate":0.0,"timestamp":1609659049,"path_taken":["M","?","?","M","?","E","?","?","T","M","M","?","R","M","R","BOSS"],"items_purchased_type":["Card","Card"],"build_version":"2020-12-22","purchased_purges":0,"victory":false,"max_hp_per_floor":[75,75,81,81,81,81,81,81,87,87,87,87,87,87,87,87,87],"card_choices":[{"not_picked":["ReplaySolidLightProjector","Double Energy","Hologram"],"picked":"SKIP","floor":1},{"not_picked":["Compile Driver","Recycle"],"picked":"Ball Lightning","floor":4},{"not_picked":["ReplayTheSpireMod:Repulse","Lockon"],"picked":"Capacitor","floor":5},{"not_picked":["FTL","Streamline"],"picked":"Storm","floor":6},{"not_picked":["Capacitor","ReplayTheSpireMod:Reroute Power"],"picked":"Panic Button","floor":7},{"not_picked":["Undo","Reinforced Body","Streamline"],"picked":"SKIP","floor":10},{"not_picked":["Reinforced Body","Panic Button"],"picked":"BootSequence","floor":11},{"not_picked":["Double Energy","ReplayGash"],"picked":"Hello World","floor":14}],"player_experience":4223,"relics_obtained":[{"floor":6,"key":"Girya"},{"floor":9,"key":"Lantern"}],"event_choices":[{"damage_healed":0,"gold_gain":75,"player_choice":"Gather Gold","damage_taken":11,"max_hp_gain":0,"max_hp_loss":0,"event_name":"World of Goop","floor":2,"gold_loss":0},{"damage_healed":0,"gold_gain":275,"player_choice":"Desecrate","damage_taken":0,"max_hp_gain":0,"max_hp_loss":0,"event_name":"Golden Shrine","floor":3,"gold_loss":0,"cards_obtained":["Regret"]},{"damage_healed":0,"gold_gain":0,"player_choice":"Ignored","damage_taken":0,"max_hp_gain":0,"max_hp_loss":0,"event_name":"Golden Wing","floor":8,"gold_loss":0}],"is_beta":false,"boss_relics":[],"items_purged_floors":[],"is_endless":false,"potions_floor_spawned":[1,6,7,10],"killed_by":"Hexaghost","ascension_level":0}}