{"host":"3j2m8n0ywf988fwb","time":1609667838,"event":{"mods":["2.2 Compatiblity","Act Like it!","Aspiration","Astrologer","BaseMod","Beaked The Cultist","Better Altar","Better Match","Better Note","Better Sensory Stone","Better Skull","Better Third Choice","CCEM","Colored Map","Colored Powertips","Conspire","Energized Spire","Evolution","Fireblade Mod","GifTheSpireLib","Googly Eyes","Halation","Hallownest","Highlight Path","Hubris","Infinite Spire","Jedi Mod","Marisa????????","Marked Mod","Mimic Mod","Minty Spire (QoL Compilation)","Random Character Button","Relic Stats","Replay The Spire","Robot Space Explorer","Shop Mod","Somnambulant","StSLib","Stuff the Spire","The Bug Knight","The Caster","The Hierophant","The Marked","The Runesmith","TheFirefly","Unceasing Turn Reminder","everything is the same but u backflip on backflip"],"gold_per_floor":[117,117,117,130,140,171,171,199,232,232,14,14,14,27,27,131,131,142,154,54,4,17,17,30,134,134,134,262,262,262,262],"floor_reached":30,"playtime":1089,"items_purged":["Defend_R","hubris:Sloth"],"score":429,"play_id":"65c3dd02-0d88-4704-bf29-af6b152432f3","local_time":"20210103035718","is_ascension_mode":true,"campfire_choices":[{"data":"infinitespire:OneForAll","floor":7,"key":"SMITH"},{"data":"Exhume","floor":10,"key":"SMITH"},{"data":"jedi:fear","floor":15,"key":"SMITH"},{"data":"jedi:strikingstrike","floor":23,"key":"SMITH"},{"data":"Inflame","floor":27,"key":"SMITH"}],"circlet_count":0,"master_deck":["Twin Strike","Twin Strike","Twin Strike","Defend_R","Berserk+1","Shrug It Off","Inflame+1","infinitespire:OneForAll+1","Exhume+1","Metallicize","jedi:fear+1","jedi:strikingstrike+1","Doubt","Twin Strike","Sever Soul"],"relics":["Burning Blood","EVO:Axolotl","CCEMRelics:DissonantTune","halation:KoshaPiece","conspire:Dentures","OrangePellets","hubris:Towel","StuffTheSpire:TintedRock","Kintsugi","aspiration:TomeofQuesting","Ginger","halation:PromiseList"],"acts_visited":["Exordium","TheCity"],"potions_floor_usage":[16,24,25,25],"damage_taken":[{"damage":3,"enemies":"2 Louse","floor":1,"turns":2},{"damage":8,"enemies":"Small Slimes","floor":4,"turns":3},{"damage":1,"enemies":"Jaw Worm","floor":5,"turns":4},{"damage":27,"enemies":"3 Sentries","floor":6,"turns":8},{"damage":34,"enemies":"Lagavulin","floor":8,"turns":5},{"damage":1,"enemies":"Gremlin Gang","floor":9,"turns":7},{"damage":7,"enemies":"Gremlin Gang","floor":14,"turns":4},{"damage":0,"enemies":"Slime Boss","floor":16,"turns":8},{"damage":8,"enemies":"Chosen","floor":18,"turns":4},{"damage":0,"enemies":"3 Byrds","floor":19,"turns":5},{"damage":30,"enemies":"Centurion and Healer","floor":22,"turns":5},{"damage":20,"enemies":"Cultist and Chosen","floor":24,"turns":4},{"damage":46,"enemies":"Book of Stabbing","floor":25,"turns":5},{"damage":0,"enemies":"Gremlin Leader","floor":28,"turns":3},{"damage":19,"enemies":"Masked Bandits","floor":30,"turns":2}],"seed_played":"1344011788520131682","potions_obtained":[{"floor":1,"key":"infinitespire:BlackPotion"},{"floor":5,"key":"Weak Potion"},{"floor":8,"key":"Fire Potion"},{"floor":22,"key":"Swift Potion"},{"floor":25,"key":"Languid Potion"}],"is_trial":false,"path_per_floor":["M","?","?","M","M","E","R","E","MIM","R","$","?","T","M","R","B",null,"M","M","$","?","M","R","M","E","T","R","E","?","?"],"character_chosen":"IRONCLAD","items_purchased":["OrangePellets"],"campfire_rested":0,"item_purchase_floors":[11],"current_hp_per_floor":[80,80,80,78,80,59,59,31,36,36,36,36,36,35,35,41,80,78,80,80,80,56,56,52,12,12,12,18,18,0,0],"gold":262,"neow_bonus":"ONE_RANDOM_RARE_CARD","is_daily":false,"chose_seed":false,"campfire_upgraded":5,"win_rate":0.0,"timestamp":1609667838,"path_taken":["M","?","?","?","?","E","R","E","MIM","R","?","?","?","M","R","BOSS","M","?","$","?","M","R","M","E","T","R","E","?","?"],"items_purchased_type":["Relic"],"build_version":"2020-12-22","purchased_purges":2,"victory":false,"max_hp_per_floor":[80,80,80,80,80,80,80,80,80,80,80,80,80,80,80,80,80,80,80,80,80,80,80,80,80,80,80,80,80,80,80],"relic_stats":{"OrangePellets":[16],"counters":[15,69],"Ginger":[4],"obtain_stats":[{"conspire:Dentures":8,"StuffTheSpire:TintedRock":13,"OrangePellets":11,"CCEMRelics:DissonantTune":3,"aspiration:TomeofQuesting":25,"halation:KoshaPiece":6,"halation:PromiseList":28,"EVO:Axolotl":0,"Ginger":26,"hubris:Towel":12,"Kintsugi":17,"Burning Blood":0},{"conspire:Dentures":5,"StuffTheSpire:TintedRock":6,"OrangePellets":6,"CCEMRelics:DissonantTune":1,"aspiration:TomeofQuesting":13,"halation:KoshaPiece":4,"halation:PromiseList":14,"EVO:Axolotl":0,"Ginger":13,"hubris:Towel":6,"Kintsugi":8,"Burning Blood":0},{"conspire:Dentures":22,"StuffTheSpire:TintedRock":29,"OrangePellets":29,"CCEMRelics:DissonantTune":2,"aspiration:TomeofQuesting":64,"halation:KoshaPiece":17,"halation:PromiseList":67,"EVO:Axolotl":0,"Ginger":64,"hubris:Towel":29,"Kintsugi":41,"Burning Blood":0}],"Burning Blood":74},"card_choices":[{"not_picked":["StuffTheSpire:RockThrow","Clash"],"picked":"Shrug It Off","floor":1},{"not_picked":["hubris:ReadiedAction","Defy Death"],"picked":"Inflame","floor":4},{"not_picked":["Clash","StuffTheSpire:Resist"],"picked":"infinitespire:OneForAll","floor":5},{"not_picked":["StuffTheSpire:Incineration","Shockwave"],"picked":"Exhume","floor":6},{"not_picked":["Sentinel","Life Link"],"picked":"Metallicize","floor":8},{"not_picked":["StuffTheSpire:BloodClot","Perfected Strike"],"picked":"jedi:fear","floor":14},{"not_picked":["jedi:bloodyhammer","hubris:StunningStrike"],"picked":"jedi:strikingstrike","floor":16},{"not_picked":["Searing Blow","Second Wind","True Grit+1"],"picked":"SKIP","floor":18},{"not_picked":["Iron Wave","Fire Breathing"],"picked":"Twin Strike","floor":19},{"not_picked":["Thunderclap+1","Heavy Blade","StuffTheSpire:Incineration"],"picked":"SKIP","floor":22},{"not_picked":["Headbutt+1","StuffTheSpire:RockThrow","Cleave"],"picked":"SKIP","floor":24},{"not_picked":["StuffTheSpire:RockThrow+1","hubris:ReadiedAction"],"picked":"Sever Soul","floor":25},{"not_picked":["StuffTheSpire:Slingshot+1","StuffTheSpire:Incineration","Perfected Strike"],"picked":"SKIP","floor":28}],"player_experience":1052595,"relics_obtained":[{"floor":3,"key":"CCEMRelics:DissonantTune"},{"floor":6,"key":"halation:KoshaPiece"},{"floor":8,"key":"conspire:Dentures"},{"floor":13,"key":"StuffTheSpire:TintedRock"},{"floor":25,"key":"aspiration:TomeofQuesting"},{"floor":26,"key":"Ginger"},{"floor":28,"key":"halation:PromiseList"}],"event_choices":[{"damage_healed":0,"gold_gain":0,"player_choice":"Grow","damage_taken":0,"max_hp_gain":0,"max_hp_loss":0,"event_name":"Living Wall","floor":2,"gold_loss":0,"cards_upgraded":["Berserk"]},{"damage_healed":0,"gold_gain":0,"player_choice":"Bet on Murderer","damage_taken":0,"max_hp_gain":0,"max_hp_loss":0,"event_name":"The Joust","floor":21,"gold_loss":50},{"damage_healed":0,"gold_gain":0,"player_choice":"Ignored","damage_taken":0,"max_hp_gain":0,"max_hp_loss":0,"event_name":"betterNote:BetterNote","floor":29,"gold_loss":0,"cards_obtained":["beaked:Ceremony"]},{"damage_healed":0,"gold_gain":0,"player_choice":"Fought Bandits","damage_taken":0,"max_hp_gain":0,"max_hp_loss":0,"event_name":"Masked Bandits","floor":30,"gold_loss":0}],"is_beta":false,"boss_relics":[{"not_picked":["aspiration:RitualDagger","Cursed Key"],"picked":"Kintsugi"}],"items_purged_floors":[11,20],"is_endless":false,"potions_floor_spawned":[1,5,8,22,25],"killed_by":"Masked Bandits","ascension_level":3}}