{"host":"zrerxgu8lagrk16e","time":1609639114,"event":{"mods":["AchievementEnabler","BaseMod","Better Altar","Better Match","Better Note","Better Sensory Stone","Better Skull","Better Third Choice","Colored Map","Colored Powertips","Hermit","Minty Spire (QoL Compilation)","Permanent Neow","Quick Restart","Relic Stats","StSLib","Waifu the Spire","slay the spire mod where everything is the same but ironclad has a cowboy hat"],"gold_per_floor":[10,0,0,0,18,18,45,58,58,91,102,102,134,154,154,259,259,271,23,122,137,63,98,98,98,98,98,98,129,144,170,170,170,170],"floor_reached":33,"playtime":2055,"items_purged":["hermit:Strike_Hermit"],"score":381,"play_id":"9e5a6c1d-17f7-4a88-b19f-3770f5da9ab1","local_time":"20210102205834","is_ascension_mode":true,"campfire_choices":[{"data":"hermit:Combo","floor":6.0,"key":"SMITH"},{"floor":12,"key":"REST"},{"floor":15,"key":"REST"},{"floor":24,"key":"REST"},{"data":"hermit:FatalDesire","floor":28,"key":"SMITH"},{"floor":32,"key":"REST"}],"circlet_count":0,"master_deck":["hermit:Strike_Hermit","hermit:Strike_Hermit","hermit:Strike_Hermit","hermit:Defend_Hermit","hermit:Defend_Hermit","hermit:Defend_Hermit","hermit:Defend_Hermit","hermit:Snapshot","hermit:Covet","hermit:Midnight","Enlightenment","Regret","hermit:Combo+1","hermit:GhostlyPresence","hermit:Dive","hermit:Combo","hermit:TrackingShot","hermit:BigShot","hermit:Vantage","hermit:FatalDesire+1","hermit:CursedWeapon","hermit:Headshot","hermit:Grudge","hermit:GoldenBullet+1","hermit:Spite","hermit:SprayPray+1","Writhe","hermit:Reprieve","hermit:Glare","hermit:Cheat+1"],"relics":["hermit:ClaspedLocket","TungstenRod","CaptainsWheel","PreservedInsect","Gremlin Horn","Bronze Scales","Bottled Flame","Anchor","Shuriken","FossilizedHelix","Orichalcum","Blood Vial","Whetstone"],"acts_visited":["Exordium","TheCity"],"potions_floor_usage":[11,21,33,33],"damage_taken":[{"damage":0.0,"enemies":"2 Louse","floor":1.0,"turns":2.0},{"damage":23.0,"enemies":"Jaw Worm","floor":5.0,"turns":6.0},{"damage":12.0,"enemies":"3 Sentries","floor":7.0,"turns":6.0},{"damage":0.0,"enemies":"Cultist","floor":8.0,"turns":4.0},{"damage":45.0,"enemies":"Gremlin Nob","floor":10.0,"turns":6.0},{"damage":0,"enemies":"Exordium Thugs","floor":11,"turns":4},{"damage":2,"enemies":"3 Sentries","floor":13,"turns":5},{"damage":11,"enemies":"3 Louse","floor":14,"turns":2},{"damage":40,"enemies":"The Guardian","floor":16,"turns":9},{"damage":40,"enemies":"Shell Parasite","floor":18,"turns":8},{"damage":10,"enemies":"3 Byrds","floor":21,"turns":3},{"damage":19,"enemies":"Book of Stabbing","floor":23,"turns":5},{"damage":1,"enemies":"Gremlin Leader","floor":29,"turns":6},{"damage":34,"enemies":"Snake Plant","floor":30,"turns":6},{"damage":6,"enemies":"Book of Stabbing","floor":31,"turns":5},{"damage":55,"enemies":"Collector","floor":33,"turns":8}],"seed_played":"4515209733530643134","potions_obtained":[{"floor":5.0,"key":"Block Potion"},{"floor":7.0,"key":"Regen Potion"},{"floor":10.0,"key":"Fire Potion"},{"floor":14,"key":"Regen Potion"},{"floor":16,"key":"Strength Potion"},{"floor":29,"key":"BlessingOfTheForge"},{"floor":30,"key":"AttackPotion"}],"is_trial":false,"path_per_floor":["M","?","?","?","M","R","E","M","T","E","M","R","E","M","R","B",null,"M","$","?","M","$","E","R","?","T","?","R","E","M","E","R","B"],"character_chosen":"HERMIT","items_purchased":["Anchor","hermit:Headshot","hermit:GoldenBullet"],"campfire_rested":4,"item_purchase_floors":[19,19,22],"current_hp_per_floor":[75,81,81,81,58,58,46,46,46,16,16,40,38,27,51,11,81,43,43,43,43,43,25,49,49,49,49,49,50,20,24,48,0,0],"gold":170,"neow_bonus":"ONE_RARE_RELIC","is_daily":false,"chose_seed":false,"campfire_upgraded":2,"win_rate":0.0,"timestamp":1609639114,"path_taken":["M","?","?","?","M","R","E","M","T","E","M","R","E","?","R","BOSS","M","$","?","M","$","E","R","?","T","?","R","E","?","E","R","BOSS"],"items_purchased_type":["Relic","Card","Card"],"build_version":"2020-12-22","purchased_purges":1,"victory":false,"max_hp_per_floor":[75,81,81,81,81,81,81,81,81,81,81,81,81,81,81,81,81,81,81,81,81,81,81,81,81,81,81,81,81,81,81,81,81,81],"relic_stats":{"Blood Vial":6,"Gremlin Horn":[13,13],"counters":[16,85],"Shuriken":[4],"Bronze Scales":[285],"PreservedInsect":177,"Whetstone":["hermit:GoldenBullet","hermit:SprayPray"],"Orichalcum":[0],"obtain_stats":[{"hermit:ClaspedLocket":17,"Gremlin Horn":9,"PreservedInsect":7,"Whetstone":31,"Orichalcum":27,"Blood Vial":29,"CaptainsWheel":3,"Bottled Flame":13,"Anchor":19,"Shuriken":23,"Bronze Scales":10,"hermit:Momento":0,"TungstenRod":0,"FossilizedHelix":26},{"hermit:ClaspedLocket":9,"Gremlin Horn":4,"PreservedInsect":3,"Whetstone":15,"Orichalcum":12,"Blood Vial":13,"CaptainsWheel":1,"Bottled Flame":7,"Anchor":10,"Shuriken":12,"Bronze Scales":5,"hermit:Momento":0,"TungstenRod":0,"FossilizedHelix":12},{"hermit:ClaspedLocket":44,"Gremlin Horn":18,"PreservedInsect":14,"Whetstone":77,"Orichalcum":60,"Blood Vial":66,"CaptainsWheel":2,"Bottled Flame":33,"Anchor":52,"Shuriken":60,"Bronze Scales":24,"hermit:Momento":0,"TungstenRod":0,"FossilizedHelix":60}],"TungstenRod":49},"card_choices":[{"not_picked":["hermit:Glare","hermit:TakeCover"],"picked":"hermit:Midnight","floor":1.0},{"not_picked":["hermit:LoneWolf","hermit:Dive"],"picked":"hermit:Combo","floor":5.0},{"not_picked":["hermit:NoHoldsBarred","hermit:Adapt"],"picked":"hermit:GhostlyPresence","floor":7.0},{"not_picked":["hermit:TakeCover","hermit:Shortfuse"],"picked":"hermit:Dive","floor":8.0},{"not_picked":["hermit:ItchyTrigger","hermit:Dive"],"picked":"hermit:Combo","floor":10.0},{"not_picked":["hermit:Dissolve","hermit:DeadMansHand"],"picked":"hermit:TrackingShot","floor":11},{"not_picked":["hermit:Desperado","hermit:Shortfuse"],"picked":"hermit:BigShot","floor":13},{"not_picked":["hermit:LowProfile","hermit:BodyArmor"],"picked":"hermit:Vantage","floor":14},{"not_picked":["hermit:RoundhouseKick","hermit:DeadOrAlive"],"picked":"hermit:FatalDesire","floor":16},{"not_picked":["hermit:SprayPray","hermit:LowProfile"],"picked":"hermit:CursedWeapon","floor":18},{"not_picked":["hermit:TrackingShot","hermit:LoneWolf"],"picked":"hermit:Grudge","floor":21},{"not_picked":["hermit:LuckOfTheDraw+1","hermit:Combo"],"picked":"hermit:Spite","floor":23},{"not_picked":["hermit:LowProfile+1","hermit:TrackingShot"],"picked":"hermit:Reprieve","floor":29},{"not_picked":["hermit:Deadeye+1","hermit:GhostlyPresence"],"picked":"hermit:Glare","floor":30},{"not_picked":["hermit:Ricochet","hermit:Glare+1"],"picked":"hermit:Cheat+1","floor":31}],"player_experience":182946,"relics_obtained":[{"floor":7.0,"key":"PreservedInsect"},{"floor":9.0,"key":"Gremlin Horn"},{"floor":10.0,"key":"Bronze Scales"},{"floor":13,"key":"Bottled Flame"},{"floor":23,"key":"Shuriken"},{"floor":26,"key":"FossilizedHelix"},{"floor":29,"key":"Blood Vial"},{"floor":31,"key":"Whetstone"}],"event_choices":[{"damage_healed":0.0,"max_hp_gain":0.0,"max_hp_loss":0.0,"gold_gain":0.0,"event_name":"betterThird:BetterSerpent","player_choice":"RENOUNCE","floor":2.0,"gold_loss":10.0,"damage_taken":10.0,"cards_obtained":["Enlightenment"]},{"damage_healed":0.0,"max_hp_gain":0.0,"max_hp_loss":0.0,"gold_gain":0.0,"event_name":"Big Fish","player_choice":"Box","floor":3.0,"gold_loss":0.0,"damage_taken":0.0,"relics_obtained":["CaptainsWheel"],"cards_obtained":["Regret"]},{"damage_healed":0.0,"max_hp_gain":0.0,"max_hp_loss":0.0,"gold_gain":0.0,"event_name":"Fountain of Cleansing","player_choice":"Ignored","floor":4.0,"gold_loss":0.0,"damage_taken":0.0},{"damage_healed":0,"gold_gain":99,"player_choice":"Steal","damage_taken":0,"max_hp_gain":0,"max_hp_loss":0,"event_name":"betterThird:BetterNest","floor":20,"gold_loss":0},{"damage_healed":0,"gold_gain":0,"player_choice":"Read","damage_taken":0,"max_hp_gain":0,"max_hp_loss":0,"event_name":"The Library","floor":25,"gold_loss":0,"cards_obtained":["hermit:SprayPray"]},{"damage_healed":0,"gold_gain":0,"player_choice":"Opened","damage_taken":0,"relics_obtained":["Orichalcum"],"max_hp_gain":0,"max_hp_loss":0,"event_name":"The Mausoleum","floor":27,"gold_loss":0,"cards_obtained":["Writhe"]}],"is_beta":false,"boss_relics":[{"not_picked":["hermit:BartenderGlass","hermit:DentedPlate"],"picked":"hermit:ClaspedLocket"}],"items_purged_floors":[19],"is_endless":false,"potions_floor_spawned":[5,7,10,14,16,29,30,31],"killed_by":"Collector","ascension_level":2}}