{"host":"mi24dmma43d7mlws","time":1609642574,"event":{"mods":["2.2 Compatiblity","Astrologer","Bard","BaseMod","Beaked The Cultist","Bestiary","CatGirl Mod","Colored Map","Colored Powertips","Custom Start","Downfall","Fiend Mod","Fireblade Mod","Hermit","Highlight Path","JesterMod","Jorbs\u0027s Wanderer Trilogy","Mad Scientist","Magitek Elite","Minty Spire (QoL Compilation)","Potionbrewer","QueenMod","Quick Restart","Rare Cards Sparkle","Relic Stats","Shade Mod","Somnambulant","StSLib","Td1madao Mod","The Accelerator","The Blackbeard","The Bladedancer","The Bug Knight","The Clintock","The Construct","The Cursed","The Death Knight","The Disciple","The Elementalist","The Florist","The Forsaken","The Gatherer","The Hayseed","The Hierophant","The Judge","The Juggle","The Mystic","The Necromancer","The Problem Sleuth","The Runesmith","The Sage","The Senshi","The Servant 0.9.4","The Showman","The Spell Scribe","The Trickster","The Valiant","The Vixen","The Wild Card","TheArtist","TheBandit","TheFirefly","TheHeartMod","TheHero","TheLocksmith","everything is the same but u backflip on backflip","slay the spire mod where everything is the same but ironclad has a cowboy hat","thorton"],"gold_per_floor":[113,127,144,160,177,177,187,187,187,187,221,232,257,277,277,376,376,388,401,26,43,43,43,78,78,78,78,104,129,129,139,139,239,239,259,259,259,277,277,277,126,126,181,196,196,71,90,114,114,114,114,114,33,64,64,64,64],"floor_reached":55,"playtime":3769,"items_purged":["champ:Strike","champ:Strike","champ:Strike"],"score":667,"play_id":"9406c77b-63b0-40f3-8878-ec3a65c444a5","local_time":"20210103025614","is_ascension_mode":false,"campfire_choices":[{"data":"champ:Taunt","floor":6,"key":"SMITH"},{"data":"champ:Encircle","floor":8,"key":"SMITH"},{"floor":10,"key":"REST"},{"data":"champ:RageSigil","floor":15,"key":"SMITH"},{"data":"champ:Improvising","floor":23,"key":"SMITH"},{"floor":25,"key":"REST"},{"data":"champ:SwordThrow","floor":30,"key":"SMITH"},{"floor":32,"key":"REST"},{"floor":40,"key":"RECALL"},{"floor":42,"key":"REST"},{"data":"champ:BringItOn","floor":45,"key":"SMITH"},{"floor":49,"key":"REST"},{"data":"champ:BringItOn","floor":52,"key":"SMITH"}],"circlet_count":0,"master_deck":["champ:Strike","champ:Defend","champ:Defend","champ:Defend","champ:Defend","champ:Execute","champ:Taunt+1","champ:Encircle+1","champ:AdrenalArmor+1","champ:BerserkersShout","champ:LastStand","champ:BringItOn+1","champ:RageSigil+1","champ:Improvising+1","champ:ShieldSigil+1","champ:HeartStrike","champ:Shatter+1","champ:Encircle+1","champ:AdrenalArmor+1","champ:SwordThrow+1","champ:BringItOn+1","champ:VampiricStrike","champ:ArenaPreparation+1","champ:EndlessRage+1"],"relics":["champ:ChampionCrown","HollowMod:LifeEnderRelic","Tiny Chest","Dream Catcher","Golden_Hairpin","Bronze Scales","Frozen Egg 2","Prayer Wheel","Happy Flower","Winged Necklace","construct:WeddingRing","Bag of Preparation","Mythril_Glove","Blood Vial","potionbrewer:SlideRule"],"acts_visited":["Exordium","TheCity","TheBeyond","TheEnding"],"potions_floor_usage":[11,18,21,21,33,50,50],"damage_taken":[{"damage":10,"enemies":"Cultist","floor":1,"turns":4},{"damage":15,"enemies":"Jaw Worm","floor":2,"turns":4},{"damage":2,"enemies":"2 Louse","floor":3,"turns":2},{"damage":25,"enemies":"Large Slime","floor":4,"turns":5},{"damage":34,"enemies":"Exordium Thugs","floor":5,"turns":7},{"damage":44,"enemies":"Blue Slaver","floor":7,"turns":8},{"damage":30,"enemies":"Lagavulin","floor":11,"turns":6},{"damage":16,"enemies":"Looter","floor":12,"turns":2},{"damage":41,"enemies":"Gremlin Nob","floor":13,"turns":5},{"damage":16,"enemies":"2 Fungi Beasts","floor":14,"turns":3},{"damage":84,"enemies":"Hexaghost","floor":16,"turns":10},{"damage":18,"enemies":"Chosen","floor":18,"turns":3},{"damage":24,"enemies":"Shell Parasite","floor":19,"turns":4},{"damage":44,"enemies":"Chosen and Byrds","floor":21,"turns":7},{"damage":54,"enemies":"Slavers","floor":24,"turns":3},{"damage":68,"enemies":"Gremlin Leader","floor":28,"turns":4},{"damage":48,"enemies":"Centurion and Healer","floor":31,"turns":4},{"damage":120,"enemies":"Champ","floor":33,"turns":9},{"damage":33,"enemies":"Orb Walker","floor":35,"turns":4},{"damage":100,"enemies":"3 Darklings","floor":38,"turns":4},{"damage":28,"enemies":"Sphere and 2 Shapes","floor":44,"turns":4},{"damage":112,"enemies":"Transient","floor":47,"turns":5},{"damage":132,"enemies":"Time Eater","floor":50,"turns":8},{"damage":82,"enemies":"Shield and Spear","floor":54,"turns":4},{"damage":133,"enemies":"The Heart","floor":55,"turns":5}],"seed_played":"-7741534131449189349","potions_obtained":[{"floor":2,"key":"Ancient Potion"},{"floor":4,"key":"LiquidMemories"},{"floor":7,"key":"potionbrewer:EndurancePotion"},{"floor":13,"key":"sneckomod:MuddlingPotion"},{"floor":18,"key":"DeathKnight:RimePotion"},{"floor":28,"key":"DuplicationPotion"},{"floor":35,"key":"SkillPotion"}],"is_trial":false,"path_per_floor":["M","M","M","M","M","R","M","R","T","R","E","M","E","M","R","B",null,"M","M","$","M","T","R","E","R","T","?","E","T","R","M","R","B",null,"M","T","?","M","?","R","$","R","T","M","R","$","M","T","R","B",null,"R","$","E","B"],"character_chosen":"THE_CHAMP","items_purchased":["champ:HeartStrike","champ:Shatter","Bronze Scales","potionbrewer:NoxiousPotion","champ:EndlessRage+1"],"campfire_rested":5,"item_purchase_floors":[20,20,20,41,53],"current_hp_per_floor":[99,88,88,87,76,76,68,68,68,99,96,91,70,70,70,35,104,104,101,101,89,89,89,54,85,85,85,63,63,63,49,80,51,104,88,88,57,44,44,44,44,75,75,89,89,89,83,83,104,45,104,104,104,88,0,0,0],"gold":64,"neow_bonus":"TEN_PERCENT_HP_BONUS","is_daily":false,"chose_seed":false,"campfire_upgraded":7,"win_rate":0.0,"timestamp":1609642574,"path_taken":["M","M","M","M","M","R","M","R","T","R","E","M","E","M","R","BOSS","M","M","$","M","?","R","E","R","T","?","E","?","R","M","R","BOSS","M","?","?","M","?","R","$","R","T","M","R","$","?","?","R","BOSS","R","$","E","BOSS"],"items_purchased_type":["Card","Card","Relic","Potion","Card"],"build_version":"2020-12-22","purchased_purges":3,"victory":false,"max_hp_per_floor":[99,99,99,99,99,99,104,104,104,104,104,104,104,104,104,104,104,104,104,104,104,104,104,104,104,104,104,104,104,104,104,104,104,104,104,104,104,104,104,104,104,104,104,104,104,104,104,104,104,104,104,104,104,104,104,104,104],"relic_stats":{"Blood Vial":2,"Dream Catcher":4,"Happy Flower":[15],"counters":[25,124],"Bronze Scales":[230],"Tiny Chest":2,"Prayer Wheel":5,"Bag of Preparation":[12],"obtain_stats":[{"HollowMod:LifeEnderRelic":9,"construct:WeddingRing":34,"Happy Flower":28,"champ:ChampionCrown":0,"Bag of Preparation":36,"Mythril_Glove":43,"Frozen Egg 2":22,"Blood Vial":48,"Dream Catcher":13,"Golden_Hairpin":17,"Winged Necklace":29,"Bronze Scales":20,"Tiny Chest":11,"Prayer Wheel":24,"potionbrewer:SlideRule":54},{"HollowMod:LifeEnderRelic":6,"construct:WeddingRing":18,"Happy Flower":16,"champ:ChampionCrown":0,"Bag of Preparation":19,"Mythril_Glove":20,"Frozen Egg 2":14,"Blood Vial":22,"Dream Catcher":9,"Golden_Hairpin":11,"Winged Necklace":16,"Bronze Scales":13,"Tiny Chest":7,"Prayer Wheel":15,"potionbrewer:SlideRule":24},{"HollowMod:LifeEnderRelic":30,"construct:WeddingRing":90,"Happy Flower":77,"champ:ChampionCrown":0,"Bag of Preparation":94,"Mythril_Glove":98,"Frozen Egg 2":70,"Blood Vial":107,"Dream Catcher":43,"Golden_Hairpin":56,"Winged Necklace":77,"Bronze Scales":63,"Tiny Chest":36,"Prayer Wheel":73,"potionbrewer:SlideRule":119}]},"card_choices":[{"not_picked":["champ:Haymaker","champ:Backstep"],"picked":"champ:Encircle","floor":1},{"not_picked":["champ:BringItOn","champ:StanceDance"],"picked":"champ:AdrenalArmor","floor":2},{"not_picked":["champ:MurderStrike","champ:DefensiveShout"],"picked":"champ:BerserkersShout","floor":3},{"not_picked":["champ:BladeFlurry","champ:PreciseThrust","champ:ShieldWall"],"picked":"SKIP","floor":4},{"not_picked":["champ:FocusedGladiator","champ:DefensiveShout"],"picked":"champ:FightOn","floor":5},{"not_picked":["champ:EndlessRage","champ:Haymaker"],"picked":"champ:LastStand","floor":7},{"not_picked":["champ:GutPunch","champ:PerfectedStrike","champ:FlashCut"],"picked":"SKIP","floor":11},{"not_picked":["champ:ArenaPreparation","champ:FalseCounter"],"picked":"champ:BringItOn","floor":12},{"not_picked":["champ:GladiatorsShout","champ:Circumvent","champ:RisingSlash"],"picked":"SKIP","floor":13},{"not_picked":["champ:Backstep","champ:FanOfKnives"],"picked":"champ:RageSigil","floor":14},{"not_picked":["champ:ShieldSlam","champ:PerfectForm"],"picked":"champ:Improvising","floor":16},{"not_picked":["champ:BerserkersShout+1","champ:TornadoPunch"],"picked":"champ:ShieldSigil","floor":18},{"not_picked":["champ:Haymaker","champ:FlashCut","champ:Riposte"],"picked":"SKIP","floor":19},{"not_picked":["champ:Duel","champ:PerfectedStrike+1"],"picked":"champ:Encircle+1","floor":21},{"not_picked":["champ:RageSigil","champ:ViciousMockery+1","champ:Haymaker+1"],"picked":"SKIP","floor":24},{"not_picked":["champ:Aggression","champ:ViciousMockery"],"picked":"champ:AdrenalArmor+1","floor":25},{"not_picked":["champ:FocusedDefense","champ:RecklessLeap"],"picked":"champ:SwordThrow","floor":28},{"not_picked":["champ:Duel","champ:RageSigil"],"picked":"champ:BringItOn","floor":31},{"not_picked":["champ:Balance","champ:AdrenalArmor+1","champ:TornadoPunch"],"picked":"SKIP","floor":31},{"not_picked":["champ:HoldFirm","champ:ShieldSlam"],"picked":"champ:VampiricStrike","floor":33},{"not_picked":["champ:FalseCounter","champ:Backstep"],"picked":"champ:ArenaPreparation","floor":35},{"not_picked":["champ:FlashCut+1","champ:BringItOn+1","champ:TornadoPunch+1"],"picked":"SKIP","floor":35},{"not_picked":["champ:HeartStrike+1","champ:Shatter","champ:DeathBlow"],"picked":"SKIP","floor":38},{"not_picked":["champ:GladiatorsShout+1","champ:AdrenalArmor","champ:BringItOn"],"picked":"SKIP","floor":38},{"not_picked":["champ:FocusedBerserking","champ:Shatter","champ:StanceDance"],"picked":"SKIP","floor":44},{"not_picked":["champ:Backstep+1","champ:BladeFlurry","champ:TornadoPunch"],"picked":"SKIP","floor":44},{"not_picked":["champ:Backstep+1","champ:TornadoPunch+1","champ:Circumvent+1"],"picked":"SKIP","floor":47},{"not_picked":["champ:PerfectedStrike","champ:PreciseThrust+1","champ:IronFortress+1"],"picked":"SKIP","floor":47},{"not_picked":["champ:BladeFlurry+1","champ:CheapShot","champ:Aggression+1"],"picked":"SKIP","floor":54}],"player_experience":1052961,"relics_obtained":[{"floor":9,"key":"HollowMod:LifeEnderRelic"},{"floor":11,"key":"Tiny Chest"},{"floor":13,"key":"Dream Catcher"},{"floor":22,"key":"Frozen Egg 2"},{"floor":24,"key":"Prayer Wheel"},{"floor":28,"key":"Happy Flower"},{"floor":29,"key":"Winged Necklace"},{"floor":36,"key":"Bag of Preparation"},{"floor":43,"key":"Mythril_Glove"},{"floor":48,"key":"Blood Vial"},{"floor":54,"key":"potionbrewer:SlideRule"}],"event_choices":[{"damage_healed":0,"gold_gain":0,"player_choice":"Forge","damage_taken":0,"max_hp_gain":0,"max_hp_loss":0,"event_name":"Accursed Blacksmith","floor":39,"gold_loss":0,"cards_upgraded":["champ:Shatter"]}],"is_beta":false,"boss_relics":[{"not_picked":["Runesmith:UraniumAnvil","Coffee Dripper"],"picked":"Golden_Hairpin"},{"not_picked":["Cursed Key","Velvet Choker"],"picked":"construct:WeddingRing"}],"items_purged_floors":[20,41,46],"is_endless":false,"potions_floor_spawned":[2,4,7,13,16,18,19,28,35],"killed_by":"The Heart","ascension_level":0}}