{"host":"b4oqa93y40rb9616","time":1609638161,"event":{"mods":["BaseMod","Colored Map","Custom Start","DeckTracker","Keyboard Shortcuts","Minty Spire (QoL Compilation)","Permanent Neow","Quick Restart","StSLib","SuperFastMode","everything is the same but u backflip on backflip"],"gold_per_floor":[14,14,30,44,62,62,101,101,146,161,161,180,180,194,194,290,290,303,372,391,341,362,362,362],"floor_reached":23,"playtime":483,"items_purged":["Defend_P"],"score":390,"play_id":"05bb73d3-b3fc-411e-a010-0cd60d3ceb07","local_time":"20210103104241","is_ascension_mode":true,"campfire_choices":[{"data":"Eruption","floor":6.0,"key":"SMITH"},{"data":"TalkToTheHand","floor":8.0,"key":"SMITH"},{"floor":13,"key":"REST"},{"floor":15,"key":"REST"}],"circlet_count":0,"master_deck":["AscendersBane","Strike_P","Strike_P","Strike_P","Strike_P","Defend_P","Eruption+1","Vigilance","PathToVictory","Indignation","EmptyFist+1","CutThroughFate","TalkToTheHand+1","FlurryOfBlows","Swivel","ClearTheMind","Meditate","Scrawl"],"relics":["PureWater","Golden Idol","Pantograph","Smiling Mask","Runic Dome","Singing Bowl"],"acts_visited":["Exordium","TheCity"],"potions_floor_usage":[12,20,22],"damage_taken":[{"damage":0.0,"enemies":"Cultist","floor":1.0,"turns":2.0},{"damage":0.0,"enemies":"Jaw Worm","floor":3.0,"turns":3.0},{"damage":10.0,"enemies":"2 Louse","floor":4.0,"turns":2.0},{"damage":13.0,"enemies":"Blue Slaver","floor":5.0,"turns":2.0},{"damage":12.0,"enemies":"Gremlin Nob","floor":7.0,"turns":3.0},{"damage":22.0,"enemies":"Gremlin Gang","floor":10.0,"turns":3.0},{"damage":0,"enemies":"Exordium Wildlife","floor":12,"turns":2},{"damage":4,"enemies":"3 Louse","floor":14,"turns":3},{"damage":8,"enemies":"Slime Boss","floor":16,"turns":6},{"damage":26,"enemies":"Chosen","floor":18,"turns":5},{"damage":12,"enemies":"3 Byrds","floor":20,"turns":5},{"damage":23,"enemies":"Shelled Parasite and Fungi","floor":22,"turns":3},{"damage":0,"enemies":"Slavers","floor":23,"turns":1}],"seed_played":"2618715309746857561","potions_obtained":[{"floor":1.0,"key":"AttackPotion"},{"floor":7.0,"key":"SkillPotion"},{"floor":10.0,"key":"SteroidPotion"},{"floor":16,"key":"Energy Potion"},{"floor":20,"key":"EssenceOfSteel"},{"floor":22,"key":"FearPotion"}],"is_trial":false,"path_per_floor":["M","?","M","M","M","R","E","R","T","M","?","M","R","M","R","B",null,"M","T","M","$","M","E"],"character_chosen":"WATCHER","items_purchased":[],"campfire_rested":2,"item_purchase_floors":[],"current_hp_per_floor":[61,61,61,51,38,38,26,26,26,4,4,4,22,18,36,53,60,34,34,24,24,3,3,3],"gold":362,"neow_bonus":"TRANSFORM_TWO_CARDS","is_daily":false,"chose_seed":false,"campfire_upgraded":2,"win_rate":0.0,"timestamp":1609638161,"path_taken":["M","?","M","M","M","R","E","R","T","M","?","M","R","?","R","BOSS","M","?","M","$","M","E"],"items_purchased_type":[],"build_version":"2020-12-22","purchased_purges":1,"victory":false,"max_hp_per_floor":[68,62,62,62,62,62,62,62,62,62,62,62,62,62,62,62,62,62,62,64,64,66,66,66],"card_choices":[{"not_picked":["Vengeance","CrushJoints"],"picked":"EmptyFist","floor":1.0},{"not_picked":["Consecrate","JustLucky"],"picked":"CutThroughFate","floor":3.0},{"not_picked":["Prostrate","ThirdEye"],"picked":"TalkToTheHand","floor":4.0},{"not_picked":["ThirdEye","SashWhip","EmptyFist"],"picked":"SKIP","floor":5.0},{"not_picked":["Consecrate","Worship"],"picked":"FlurryOfBlows","floor":7.0},{"not_picked":["LikeWater","WreathOfFlame"],"picked":"Swivel","floor":10.0},{"not_picked":["SashWhip","Perseverance"],"picked":"ClearTheMind","floor":12},{"not_picked":["ThirdEye","EmptyMind"],"picked":"Meditate","floor":14},{"not_picked":["Devotion","Omniscience"],"picked":"Scrawl","floor":16},{"not_picked":["ReachHeaven","WreathOfFlame","BowlingBash"],"picked":"SKIP","floor":18},{"not_picked":["Evaluate","Weave","Crescendo"],"picked":"Singing Bowl","floor":20},{"not_picked":["ThirdEye","FollowUp","Evaluate+1"],"picked":"Singing Bowl","floor":22}],"player_experience":414923,"relics_obtained":[{"floor":7.0,"key":"Pantograph"},{"floor":9.0,"key":"Smiling Mask"},{"floor":19,"key":"Singing Bowl"}],"event_choices":[{"damage_healed":0.0,"max_hp_gain":0.0,"max_hp_loss":6.0,"gold_gain":0.0,"event_name":"Golden Idol","player_choice":"Lose Max HP","floor":2.0,"gold_loss":0.0,"damage_taken":0.0,"relics_obtained":["Golden Idol"]},{"damage_healed":0.0,"max_hp_gain":0.0,"max_hp_loss":0.0,"gold_gain":0.0,"event_name":"Upgrade Shrine","player_choice":"Upgraded","floor":11.0,"gold_loss":0.0,"damage_taken":0.0,"cards_upgraded":["EmptyFist"]}],"is_beta":false,"boss_relics":[{"not_picked":["Tiny House","SlaversCollar"],"picked":"Runic Dome"}],"items_purged_floors":[21],"is_endless":false,"potions_floor_spawned":[1,7,10,16,20,22],"killed_by":"Slavers","ascension_level":20}}