{"host":"640uue19m79c7wbt","time":1609640310,"event":{"mods":["BaseMod","Colored Map","Googly Eyes","Highlight Path","Minty Spire (QoL Compilation)","Quick Restart","StSLib"],"gold_per_floor":[364,18,37,37,212,238,238,270,270,270,288,288,306,335,335,430,430,444,463,178,188,115,150,150,181,181,211,29,43,43,43,43,148,148,167,217,229,229,245,245,245,278,278,278,89,89,89,102,102,102],"floor_reached":51,"playtime":2417,"items_purged":["Strike_G","Strike_G"],"score":1034,"play_id":"bc880ce5-b2dc-46db-9065-75f9646e6114","local_time":"20210102211830","is_ascension_mode":true,"campfire_choices":[{"floor":7.0,"key":"REST"},{"floor":12,"key":"REST"},{"data":"Noxious Fumes","floor":15,"key":"SMITH"},{"floor":24,"key":"REST"},{"floor":30,"key":"REST"},{"floor":32,"key":"REST"},{"floor":40,"key":"REST"},{"data":"Venomology","floor":47,"key":"SMITH"},{"floor":49,"key":"REST"}],"circlet_count":0,"master_deck":["Strike_G","Strike_G","Strike_G","Defend_G","Defend_G","Defend_G","Defend_G","Defend_G","Survivor","Neutralize","Dagger Spray+1","Dagger Throw","Underhanded Strike","PiercingWail","Crippling Poison","Noxious Fumes+1","Setup","Backflip","Poisoned Stab","Caltrops","Venomology+1","Tactician","Escape Plan","Well Laid Plans","Dagger Throw","Catalyst","After Image","Dash","Crippling Poison","Envenom","Underhanded Strike","Bouncing Flask+1","Leg Sweep+1","Writhe","Secret Technique"],"relics":["Ring of the Snake","Orichalcum","Meat on the Bone","Oddly Smooth Stone","White Beast Statue","Snake Skull","SlaversCollar","Bronze Scales","Art of War","HornCleat","Dead Branch","Tiny Chest","Bag of Marbles","Black Star","Du-Vu Doll","StoneCalendar","Turnip","Mango"],"acts_visited":["Exordium","TheCity","TheBeyond"],"potions_floor_usage":[8,8,8,8,14,16,18,18,21,23,23,23,25,25,27,29,29,33,33,33,33,36,42,48,50,50,50,50],"damage_taken":[{"damage":8.0,"enemies":"Jaw Worm","floor":1.0,"turns":4.0},{"damage":0.0,"enemies":"2 Louse","floor":3.0,"turns":2.0},{"damage":14.0,"enemies":"3 Sentries","floor":6.0,"turns":7.0},{"damage":20,"enemies":"Lagavulin","floor":8,"turns":4},{"damage":0,"enemies":"Cultist","floor":11,"turns":3},{"damage":3,"enemies":"Blue Slaver","floor":13,"turns":3},{"damage":11,"enemies":"Gremlin Nob","floor":14,"turns":4},{"damage":2,"enemies":"Hexaghost","floor":16,"turns":8},{"damage":3,"enemies":"Shell Parasite","floor":18,"turns":3},{"damage":12,"enemies":"Chosen","floor":19,"turns":5},{"damage":10,"enemies":"Snecko","floor":21,"turns":5},{"damage":1,"enemies":"Slavers","floor":23,"turns":3},{"damage":9,"enemies":"Book of Stabbing","floor":25,"turns":5},{"damage":19,"enemies":"Slavers","floor":27,"turns":4},{"damage":4,"enemies":"Sentry and Sphere","floor":29,"turns":4},{"damage":35,"enemies":"Champ","floor":33,"turns":8},{"damage":16,"enemies":"3 Shapes","floor":35,"turns":6},{"damage":3,"enemies":"Mind Bloom Boss Battle","floor":36,"turns":7},{"damage":5,"enemies":"Orb Walker","floor":37,"turns":3},{"damage":16,"enemies":"Maw","floor":39,"turns":6},{"damage":29,"enemies":"Reptomancer","floor":42,"turns":5},{"damage":22,"enemies":"3 Darklings","floor":48,"turns":7},{"damage":33,"enemies":"Donu and Deca","floor":50,"turns":8}],"seed_played":"8982889622636061015","potions_obtained":[{"floor":1.0,"key":"AttackPotion"},{"floor":6.0,"key":"EntropicBrew"},{"floor":11,"key":"Energy Potion"},{"floor":13,"key":"Strength Potion"},{"floor":14,"key":"Ancient Potion"},{"floor":16,"key":"ColorlessPotion"},{"floor":18,"key":"Poison Potion"},{"floor":19,"key":"Weak Potion"},{"floor":21,"key":"LiquidMemories"},{"floor":23,"key":"SpeedPotion"},{"floor":25,"key":"Weak Potion"},{"floor":27,"key":"SkillPotion"},{"floor":29,"key":"LiquidBronze"},{"floor":33,"key":"SmokeBomb"},{"floor":35,"key":"Swift Potion"},{"floor":36,"key":"CultistPotion"},{"floor":39,"key":"CultistPotion"},{"floor":48,"key":"CunningPotion"}],"is_trial":false,"path_per_floor":["M","$","M","?","?","E","R","E","T","?","M","R","M","E","R","B",null,"M","M","$","M","$","E","R","E","T","E","$","M","R","?","R","B",null,"M","?","M","?","M","R","$","E","T","T","$","?","R","M","R","B",null],"character_chosen":"THE_SILENT","items_purchased":["Dagger Throw","Underhanded Strike","Orichalcum","PiercingWail","Well Laid Plans","Bronze Scales","Catalyst","Bag of Marbles","Crippling Poison","Secret Technique"],"campfire_rested":7,"item_purchase_floors":[2,2,2,2,20,20,22,28,28,45],"current_hp_per_floor":[37,37,37,37,37,23,44,36,36,36,36,57,54,43,43,41,63,60,48,48,38,38,37,58,49,49,42,42,38,59,46,68,45,68,52,49,44,63,47,69,69,40,40,54,54,54,54,44,70,49],"gold":102,"neow_bonus":"TWO_FIFTY_GOLD","is_daily":false,"chose_seed":false,"campfire_upgraded":2,"win_rate":0.0,"timestamp":1609640310,"path_taken":["M","$","M","?","?","E","R","E","T","?","M","R","M","E","R","BOSS","M","M","$","M","?","E","R","E","T","E","$","M","R","?","R","BOSS","M","?","M","?","M","R","$","E","T","?","?","?","R","?","R","BOSS"],"items_purchased_type":["Card","Card","Relic","Card","Card","Relic","Card","Relic","Card","Card"],"build_version":"2020-12-22","purchased_purges":2,"victory":true,"max_hp_per_floor":[70,70,70,70,70,70,70,70,70,70,70,70,70,70,70,70,70,70,70,70,70,70,70,70,70,70,70,70,70,70,75,75,75,75,75,75,75,75,75,75,75,75,75,89,89,89,89,89,89,89],"card_choices":[{"not_picked":["Endless Agony","PiercingWail"],"picked":"Dagger Spray","floor":1.0},{"not_picked":["Slice","Deadly Poison"],"picked":"Crippling Poison","floor":3.0},{"not_picked":["Setup","Escape Plan"],"picked":"Noxious Fumes","floor":6.0},{"not_picked":["Deflect","Infinite Blades"],"picked":"Setup","floor":8},{"not_picked":["Masterful Stab","Quick Slash"],"picked":"Backflip","floor":11},{"not_picked":["Blur","Cloak And Dagger"],"picked":"Poisoned Stab","floor":13},{"not_picked":["Dagger Spray","Expertise"],"picked":"Caltrops","floor":14},{"not_picked":["Unload","Glass Knife"],"picked":"Venomology","floor":16},{"not_picked":["Deadly Poison","Caltrops+1"],"picked":"Tactician","floor":18},{"not_picked":["Dagger Spray","Quick Slash"],"picked":"Escape Plan","floor":19},{"not_picked":["Dagger Spray+1","Sucker Punch"],"picked":"Dagger Throw","floor":21},{"not_picked":["Flying Knee","A Thousand Cuts"],"picked":"After Image","floor":23},{"not_picked":["Dagger Spray","Storm of Steel","Outmaneuver"],"picked":"SKIP","floor":25},{"not_picked":["Blade Dance+1","Reflex"],"picked":"Dash","floor":27},{"not_picked":["Cloak And Dagger+1","Quick Slash","Dodge and Roll"],"picked":"SKIP","floor":29},{"not_picked":["Wraith Form v2","Die Die Die"],"picked":"Envenom","floor":33},{"not_picked":["Dodge and Roll","Backflip"],"picked":"Underhanded Strike","floor":35},{"not_picked":["Cloak And Dagger+1","Backflip+1"],"picked":"Bouncing Flask+1","floor":36},{"not_picked":["Poisoned Stab+1","Escape Plan"],"picked":"Leg Sweep+1","floor":37},{"not_picked":["Backflip+1","Dagger Throw+1","Accuracy"],"picked":"SKIP","floor":39},{"not_picked":["Acrobatics","Prepared","Riddle With Holes+1"],"picked":"SKIP","floor":42},{"not_picked":["Poisoned Stab","Cloak And Dagger","Expertise"],"picked":"SKIP","floor":48}],"player_experience":560639,"relics_obtained":[{"floor":6.0,"key":"Meat on the Bone"},{"floor":8,"key":"Oddly Smooth Stone"},{"floor":9,"key":"White Beast Statue"},{"floor":14,"key":"Snake Skull"},{"floor":23,"key":"Art of War"},{"floor":25,"key":"HornCleat"},{"floor":26,"key":"Dead Branch"},{"floor":27,"key":"Tiny Chest"},{"floor":36,"key":"Du-Vu Doll"},{"floor":42,"key":"StoneCalendar"},{"floor":42,"key":"Turnip"},{"floor":44,"key":"Mango"}],"event_choices":[{"damage_healed":0.0,"max_hp_gain":0.0,"max_hp_loss":0.0,"gold_gain":0.0,"event_name":"Living Wall","player_choice":"Grow","floor":4.0,"gold_loss":0.0,"damage_taken":0.0,"cards_upgraded":["Dagger Spray"]},{"damage_healed":0.0,"max_hp_gain":0.0,"max_hp_loss":0.0,"gold_gain":175.0,"event_name":"Liars Game","player_choice":"AGREE","floor":5.0,"gold_loss":0.0,"damage_taken":0.0,"cards_obtained":["Doubt"]},{"cards_removed":["Doubt"],"damage_healed":0,"gold_gain":0,"player_choice":"Card Removal","damage_taken":0,"max_hp_gain":0,"max_hp_loss":0,"event_name":"Wheel of Change","floor":10,"gold_loss":0},{"damage_healed":0,"gold_gain":0,"player_choice":"Shed Blood","damage_taken":18,"max_hp_gain":5,"max_hp_loss":0,"event_name":"Forgotten Altar","floor":31,"gold_loss":0},{"damage_healed":0,"gold_gain":0,"player_choice":"Fight","damage_taken":0,"max_hp_gain":0,"max_hp_loss":0,"event_name":"MindBloom","floor":36,"gold_loss":0},{"damage_healed":19,"gold_gain":0,"player_choice":"Writhe","damage_taken":0,"max_hp_gain":0,"max_hp_loss":0,"event_name":"Winding Halls","floor":38,"gold_loss":0,"cards_obtained":["Writhe"]},{"damage_healed":0,"gold_gain":0,"player_choice":"Memory 1","damage_taken":0,"max_hp_gain":0,"max_hp_loss":0,"event_name":"SensoryStone","floor":46,"gold_loss":0}],"is_beta":false,"boss_relics":[{"not_picked":["Busted Crown","Philosopher\u0027s Stone"],"picked":"SlaversCollar"},{"not_picked":["Pandora\u0027s Box","Snecko Eye"],"picked":"Black Star"}],"items_purged_floors":[2,20],"is_endless":false,"potions_floor_spawned":[1,6,11,13,14,16,18,19,21,23,25,27,29,33,35,36,37,39,42,48],"ascension_level":6}}