{"host":"p7j7o00jacnw7qzt","time":1609646033,"event":{"mods":["BaseMod","Colored Map","Colored Powertips","DeckTracker","Highlight Path","Minty Spire (QoL Compilation)","Relic Stats"],"gold_per_floor":[118,138,138,156,0,0,30,30,53,53,67,67,67],"floor_reached":12,"playtime":422,"items_purged":["Strike_R"],"score":156,"play_id":"14eb324e-9369-4f77-8c67-098bf18d553c","local_time":"20210102225353","is_ascension_mode":true,"campfire_choices":[{"data":"Flex","floor":6,"key":"SMITH"},{"data":"Sword Boomerang","floor":8,"key":"SMITH"}],"circlet_count":0,"master_deck":["AscendersBane","Strike_R","Strike_R","Strike_R","Defend_R","Defend_R","Defend_R","Defend_R","Bash","Reaper","Flex+1","Feed","Sword Boomerang+1","Burning Pact"],"relics":["Burning Blood","Toy Ornithopter","Lantern"],"acts_visited":["Exordium"],"potions_floor_usage":[],"damage_taken":[{"damage":21,"enemies":"Jaw Worm","floor":1,"turns":5},{"damage":6,"enemies":"Cultist","floor":2,"turns":3},{"damage":5,"enemies":"2 Louse","floor":4,"turns":4},{"damage":72,"enemies":"Gremlin Nob","floor":7,"turns":5},{"damage":11,"enemies":"2 Fungi Beasts","floor":11,"turns":3},{"damage":52,"enemies":"Lagavulin","floor":12,"turns":7}],"seed_played":"-2882690196689130660","potions_obtained":[{"floor":1,"key":"FairyPotion"},{"floor":4,"key":"Explosive Potion"}],"is_trial":false,"path_per_floor":["M","M","?","M","$","R","E","R","T","$","M","E"],"character_chosen":"IRONCLAD","items_purchased":["Feed"],"campfire_rested":0,"item_purchase_floors":[5],"current_hp_per_floor":[39,43,43,47,47,47,31,31,31,31,29,0,0],"gold":67,"neow_bonus":"THREE_RARE_CARDS","is_daily":false,"chose_seed":false,"campfire_upgraded":2,"win_rate":0.0,"timestamp":1609646033,"path_taken":["M","M","?","M","$","R","E","R","T","?","M","E"],"items_purchased_type":["Card"],"build_version":"2020-12-22","purchased_purges":1,"victory":false,"max_hp_per_floor":[75,75,75,75,75,75,78,78,78,78,81,81,81],"relic_stats":{"counters":[6,27],"obtain_stats":[{"Lantern":9,"Burning Blood":0,"Toy Ornithopter":7},{"Lantern":4,"Burning Blood":0,"Toy Ornithopter":4},{"Lantern":17,"Burning Blood":0,"Toy Ornithopter":17}],"Burning Blood":30,"Toy Ornithopter":0},"card_choices":[{"not_picked":["Immolate","Berserk"],"picked":"Reaper","floor":0},{"not_picked":["Entrench","Clothesline","Uppercut"],"picked":"SKIP","floor":1},{"not_picked":["Sword Boomerang","Rage"],"picked":"Flex","floor":2},{"not_picked":["Iron Wave","Warcry","Searing Blow"],"picked":"SKIP","floor":4},{"not_picked":["Power Through","Pummel"],"picked":"Sword Boomerang","floor":7},{"not_picked":["Cleave","Twin Strike"],"picked":"Burning Pact","floor":11}],"player_experience":949184,"relics_obtained":[{"floor":7,"key":"Toy Ornithopter"},{"floor":9,"key":"Lantern"}],"event_choices":[{"cards_removed":["Strike_R"],"damage_healed":0,"gold_gain":0,"player_choice":"Purged","damage_taken":0,"max_hp_gain":0,"max_hp_loss":0,"event_name":"Purifier","floor":3,"gold_loss":0}],"is_beta":false,"boss_relics":[],"items_purged_floors":[5],"is_endless":false,"potions_floor_spawned":[1,4],"killed_by":"Lagavulin","ascension_level":20}}