{"host":"q4axc00jr2bozlh9","time":1609675866,"event":{"mods":["AchievementEnabler","BaseMod","Bestiary","Colored Map","Colored Powertips","Curses Come First","Minty Spire (QoL Compilation)","Relic Stats","StSLib","SuperFastMode"],"gold_per_floor":[112,37,37,37,56,56,56,56,56,81,256,256,79,154,154,154,154],"floor_reached":16,"playtime":353,"items_purged":["Strike_R","Regret"],"score":119,"play_id":"6b3d2d37-8320-4b62-b519-79e91df48ab9","local_time":"20210103131106","is_ascension_mode":false,"campfire_choices":[{"data":"Sentinel","floor":6,"key":"SMITH"},{"data":"Bash","floor":8,"key":"SMITH"},{"floor":15,"key":"REST"}],"circlet_count":0,"master_deck":["Strike_R","Strike_R","Strike_R+1","Defend_R","Defend_R","Defend_R","Defend_R+1","Bash+1","Wild Strike","Twin Strike","Sentinel+1","Pommel Strike","Doubt","Evolve"],"relics":["Burning Blood","NeowsBlessing","Blue Candle","InkBottle","Ancient Tea Set"],"acts_visited":["Exordium"],"potions_floor_usage":[16],"damage_taken":[{"damage":0,"enemies":"2 Louse","floor":1,"turns":1},{"damage":0,"enemies":"Jaw Worm","floor":5,"turns":1},{"damage":0,"enemies":"Gremlin Nob","floor":10,"turns":1},{"damage":100,"enemies":"The Guardian","floor":16,"turns":15}],"seed_played":"8325277140392030499","potions_obtained":[{"floor":10,"key":"BloodPotion"}],"is_trial":false,"path_per_floor":["M","$","?","?","M","R","?","R","T","E","?","?","$","?","R","B"],"character_chosen":"IRONCLAD","items_purchased":["Evolve"],"campfire_rested":1,"item_purchase_floors":[13],"current_hp_per_floor":[80,80,80,80,80,80,64,64,64,70,70,70,70,59,80,0,0],"gold":154,"neow_bonus":"THREE_ENEMY_KILL","is_daily":false,"chose_seed":false,"campfire_upgraded":2,"win_rate":0.0,"timestamp":1609675866,"path_taken":["M","$","?","?","M","R","?","R","T","E","?","?","?","?","R","BOSS"],"items_purchased_type":["Card"],"build_version":"2020-12-22","purchased_purges":2,"victory":false,"max_hp_per_floor":[80,80,80,80,80,80,80,80,80,80,80,80,80,80,80,80,80],"relic_stats":{"counters":[4,18],"Blue Candle":[1],"obtain_stats":[{"NeowsBlessing":0,"Blue Candle":9,"Ancient Tea Set":12,"Burning Blood":0,"InkBottle":10},{"NeowsBlessing":0,"Blue Candle":2,"Ancient Tea Set":3,"Burning Blood":0,"InkBottle":3},{"NeowsBlessing":0,"Blue Candle":2,"Ancient Tea Set":3,"Burning Blood":0,"InkBottle":3}],"Burning Blood":6,"InkBottle":[4]},"card_choices":[{"not_picked":["Cleave","Heavy Blade"],"picked":"Wild Strike","floor":1},{"not_picked":["Cleave","Twin Strike"],"picked":"Sentinel","floor":5},{"not_picked":["Dual Wield","Sword Boomerang"],"picked":"Pommel Strike","floor":10}],"player_experience":194968,"relics_obtained":[{"floor":9,"key":"Blue Candle"},{"floor":10,"key":"InkBottle"}],"event_choices":[{"damage_healed":0,"gold_gain":0,"player_choice":"Leave","damage_taken":0,"max_hp_gain":0,"max_hp_loss":0,"event_name":"The Cleric","floor":3,"gold_loss":0},{"damage_healed":0,"gold_gain":0,"cards_transformed":["Strike_R"],"player_choice":"Change","damage_taken":0,"max_hp_gain":0,"max_hp_loss":0,"event_name":"Living Wall","floor":4,"gold_loss":0,"cards_obtained":["Twin Strike"]},{"damage_healed":0,"gold_gain":0,"player_choice":"Entered Light","damage_taken":16,"max_hp_gain":0,"max_hp_loss":0,"event_name":"Shining Light","floor":7,"gold_loss":0,"cards_upgraded":["Defend_R","Strike_R"]},{"damage_healed":0,"gold_gain":175,"player_choice":"AGREE","damage_taken":0,"max_hp_gain":0,"max_hp_loss":0,"event_name":"Liars Game","floor":11,"gold_loss":0,"cards_obtained":["Doubt"]},{"damage_healed":0,"gold_gain":0,"player_choice":"Box","damage_taken":0,"relics_obtained":["Ancient Tea Set"],"max_hp_gain":0,"max_hp_loss":0,"event_name":"Big Fish","floor":12,"gold_loss":0,"cards_obtained":["Regret"]},{"damage_healed":0,"gold_gain":75,"player_choice":"Gather Gold","damage_taken":11,"max_hp_gain":0,"max_hp_loss":0,"event_name":"World of Goop","floor":14,"gold_loss":0}],"is_beta":false,"boss_relics":[],"items_purged_floors":[2,13],"is_endless":false,"potions_floor_spawned":[10],"killed_by":"The Guardian","ascension_level":0}}