{"host":"dbga4p2yf89wcmt1","time":1609645305,"event":{"mods":["BaseMod","Colored Map","Googly Eyes","Minty Spire (QoL Compilation)","Relic Stats","StSLib"],"gold_per_floor":[112,62,32,46,66,81,81,144,144,144,0,19,19,48,48,144,194,206,217,227,227,227,227],"floor_reached":22,"playtime":1328,"items_purged":[],"score":220,"play_id":"8bb346f2-d3c2-40b5-9619-8abb5e1ab444","local_time":"20210102224145","is_ascension_mode":true,"campfire_choices":[{"floor":7,"key":"RECALL"},{"data":"Gash","floor":13,"key":"SMITH"},{"floor":15,"key":"REST"}],"circlet_count":0,"master_deck":["Strike_B","Strike_B+1","Strike_B","Strike_B","Defend_B","Defend_B","Defend_B","Zap+1","Dualcast","Melter","Stack","Gash+1","Gash","Sunder","Glacier","Gash","Reboot","Creative AI","Gash","Doom and Gloom","Loop+1","Self Repair","J.A.X."],"relics":["Cracked Core","Blue Candle","DataDisk","Girya","Tiny House"],"acts_visited":["Exordium","TheCity"],"potions_floor_usage":[8,8,16,16,16,16,19,20,20,20,22],"damage_taken":[{"damage":1,"enemies":"Cultist","floor":1,"turns":3},{"damage":1,"enemies":"2 Louse","floor":4,"turns":2},{"damage":0,"enemies":"Small Slimes","floor":5,"turns":2},{"damage":6,"enemies":"Exordium Wildlife","floor":6,"turns":3},{"damage":40,"enemies":"Lagavulin Event","floor":8,"turns":6},{"damage":0,"enemies":"Blue Slaver","floor":12,"turns":3},{"damage":7,"enemies":"Lagavulin","floor":14,"turns":5},{"damage":48,"enemies":"The Guardian","floor":16,"turns":9},{"damage":10,"enemies":"Chosen","floor":18,"turns":4},{"damage":25,"enemies":"3 Byrds","floor":19,"turns":4},{"damage":40,"enemies":"Centurion and Healer","floor":20,"turns":4},{"damage":10,"enemies":"Snake Plant","floor":22,"turns":1}],"seed_played":"5367395863119074463","potions_obtained":[{"floor":1,"key":"LiquidMemories"},{"floor":3,"key":"SkillPotion"},{"floor":3,"key":"EssenceOfSteel"},{"floor":12,"key":"EntropicBrew"},{"floor":14,"key":"Fire Potion"},{"floor":17,"key":"FearPotion"},{"floor":19,"key":"FocusPotion"},{"floor":20,"key":"BlessingOfTheForge"}],"is_trial":false,"path_per_floor":["M","?","?","M","M","M","R","?","T","?","$","M","R","E","R","B",null,"M","M","M","?","M"],"character_chosen":"DEFECT","items_purchased":["Sunder","Glacier"],"campfire_rested":1,"item_purchase_floors":[11,11],"current_hp_per_floor":[74,74,74,73,73,67,67,27,27,52,52,52,52,45,67,19,80,70,45,5,5,0,0],"gold":227,"neow_bonus":"UPGRADE_CARD","is_daily":false,"chose_seed":false,"campfire_upgraded":1,"win_rate":0.0,"timestamp":1609645305,"path_taken":["M","?","?","?","M","M","R","?","T","?","?","M","R","E","R","BOSS","M","M","M","?","M"],"items_purchased_type":["Card","Card"],"build_version":"2020-12-22","purchased_purges":0,"victory":false,"max_hp_per_floor":[75,75,75,75,75,75,75,75,75,75,75,75,75,75,75,75,80,80,80,80,80,80,80],"relic_stats":{"counters":[12,46],"Blue Candle":[0],"obtain_stats":[{"Girya":14,"DataDisk":9,"Tiny House":17,"Blue Candle":8,"Cracked Core":0},{"Girya":7,"DataDisk":5,"Tiny House":8,"Blue Candle":4,"Cracked Core":0},{"Girya":24,"DataDisk":16,"Tiny House":33,"Blue Candle":10,"Cracked Core":0}]},"card_choices":[{"not_picked":["Blizzard","Barrage"],"picked":"Melter","floor":1},{"not_picked":["Steam Power","Barrage"],"picked":"Stack","floor":4},{"not_picked":["Beam Cell","Rebound"],"picked":"Gash","floor":5},{"not_picked":["Hologram","Leap","Reinforced Body"],"picked":"SKIP","floor":6},{"not_picked":["Amplify","Storm"],"picked":"Gash","floor":8},{"not_picked":["Stack","Leap"],"picked":"Gash","floor":12},{"not_picked":["Steam","Redo"],"picked":"Reboot","floor":14},{"not_picked":["Core Surge","Multi-Cast"],"picked":"Creative AI","floor":16},{"not_picked":["Ball Lightning","White Noise"],"picked":"Gash","floor":17},{"not_picked":["Static Discharge","Sweeping Beam"],"picked":"Doom and Gloom","floor":18},{"not_picked":["Rip and Tear","Turbo"],"picked":"Loop+1","floor":19},{"not_picked":["Stack","Leap"],"picked":"Self Repair","floor":20}],"player_experience":152371,"relics_obtained":[{"floor":9,"key":"DataDisk"},{"floor":14,"key":"Girya"}],"event_choices":[{"cards_removed":["Defend_B"],"damage_healed":0,"gold_gain":0,"player_choice":"Card Removal","damage_taken":0,"max_hp_gain":0,"max_hp_loss":0,"event_name":"The Cleric","floor":2,"gold_loss":50},{"damage_healed":0,"gold_gain":0,"player_choice":"Bought 2 Potions","damage_taken":0,"max_hp_gain":0,"max_hp_loss":0,"event_name":"The Woman in Blue","floor":3,"gold_loss":0},{"damage_healed":0,"gold_gain":0,"player_choice":"Searched \u00272\u0027 times","damage_taken":0,"relics_obtained":["Blue Candle"],"max_hp_gain":0,"max_hp_loss":0,"event_name":"Dead Adventurer","floor":8,"gold_loss":0},{"damage_healed":25,"gold_gain":0,"player_choice":"Banana","damage_taken":0,"max_hp_gain":0,"max_hp_loss":0,"event_name":"Big Fish","floor":10,"gold_loss":0},{"damage_healed":0,"gold_gain":0,"player_choice":"Obtain J.A.X.","damage_taken":0,"max_hp_gain":0,"max_hp_loss":0,"event_name":"Drug Dealer","floor":21,"gold_loss":0,"cards_obtained":["J.A.X."]}],"is_beta":false,"boss_relics":[{"not_picked":["Runic Dome","Fusion Hammer"],"picked":"Tiny House"}],"items_purged_floors":[],"is_endless":false,"potions_floor_spawned":[1,6,12,14,19,20],"killed_by":"Snake Plant","ascension_level":1}}