{"host":"9l4mw5jqza9qz9hr","time":1609651663,"event":{"mods":["AchievementEnabler","Always Whale","BaseMod","Colored Map","Minty Spire (QoL Compilation)","StSLib","SuperFastMode"],"gold_per_floor":[119,137,149,149,52,82,82,82,135,148,158,172,184,194,194,194,194],"floor_reached":16,"playtime":613,"items_purged":["Strike_G"],"score":154,"play_id":"645b2ac2-1745-482a-87c2-0b6f391b0ce8","local_time":"20210103142743","is_ascension_mode":true,"campfire_choices":[{"floor":7.0,"key":"REST"},{"data":"Blade Dance","floor":15.0,"key":"SMITH"}],"circlet_count":0,"master_deck":["Strike_G","Strike_G","Strike_G","Defend_G","Defend_G","Defend_G","Defend_G","Defend_G","Survivor","Neutralize","PiercingWail","Acrobatics","Blade Dance+1","Venomology+1","Tactician","Backflip"],"relics":["Ring of the Snake","Bag of Marbles","Lantern","Bag of Preparation"],"acts_visited":["Exordium"],"potions_floor_usage":[16,16,16,16,16,16],"damage_taken":[{"damage":4.0,"enemies":"Jaw Worm","floor":1.0,"turns":4.0},{"damage":0.0,"enemies":"2 Louse","floor":2.0,"turns":2.0},{"damage":11.0,"enemies":"Cultist","floor":3.0,"turns":6.0},{"damage":26.0,"enemies":"Gremlin Nob","floor":6.0,"turns":4.0},{"damage":0.0,"enemies":"Lots of Slimes","floor":10.0,"turns":3.0},{"damage":0.0,"enemies":"Gremlin Gang","floor":11.0,"turns":4.0},{"damage":7.0,"enemies":"Exordium Thugs","floor":12.0,"turns":8.0},{"damage":0.0,"enemies":"3 Louse","floor":13.0,"turns":3.0},{"damage":1.0,"enemies":"Large Slime","floor":14.0,"turns":6.0},{"damage":35,"enemies":"Slime Boss","floor":16,"turns":15}],"seed_played":"200698165830857833","potions_obtained":[{"floor":2.0,"key":"LiquidMemories"},{"floor":3.0,"key":"SpeedPotion"},{"floor":10.0,"key":"Swift Potion"},{"floor":12.0,"key":"EntropicBrew"}],"is_trial":false,"path_per_floor":["M","M","M","?","$","E","R","?","T","M","M","M","M","M","R","B"],"character_chosen":"THE_SILENT","items_purchased":["Blade Dance"],"campfire_rested":1,"item_purchase_floors":[5],"current_hp_per_floor":[59,59,48,41,41,15,36,36,36,36,36,29,29,28,28,0,0],"gold":194,"neow_bonus":"RANDOM_COMMON_RELIC","is_daily":false,"chose_seed":false,"campfire_upgraded":1,"win_rate":0.0,"timestamp":1609651663,"path_taken":["M","M","M","?","$","E","R","?","T","M","?","M","?","M","R","BOSS"],"items_purchased_type":["Card"],"build_version":"2020-12-22","purchased_purges":1,"victory":false,"max_hp_per_floor":[70,70,70,70,70,70,70,70,70,70,70,70,70,70,70,70,70],"card_choices":[{"not_picked":["Prepared","Flying Knee"],"picked":"PiercingWail","floor":1.0},{"not_picked":["Catalyst","Expertise","Flechettes"],"picked":"SKIP","floor":2.0},{"not_picked":["Prepared","Dodge and Roll"],"picked":"Acrobatics","floor":3.0},{"not_picked":["Sucker Punch","Dodge and Roll"],"picked":"Venomology","floor":6.0},{"not_picked":["Dodge and Roll","Outmaneuver","Slice"],"picked":"SKIP","floor":10.0},{"not_picked":["Predator","Acrobatics"],"picked":"Tactician","floor":11.0},{"not_picked":["Flying Knee","Slice","Bane"],"picked":"SKIP","floor":12.0},{"not_picked":["Underhanded Strike","Finisher"],"picked":"Backflip","floor":13.0},{"not_picked":["Slice","Distraction","Sucker Punch"],"picked":"SKIP","floor":14.0}],"player_experience":137596,"relics_obtained":[{"floor":6.0,"key":"Lantern"},{"floor":9.0,"key":"Bag of Preparation"}],"event_choices":[{"cards_removed":["Strike_G"],"damage_healed":0.0,"max_hp_gain":0.0,"max_hp_loss":0.0,"gold_gain":0.0,"event_name":"Golden Wing","player_choice":"Card Removal","floor":4.0,"gold_loss":0.0,"damage_taken":7.0},{"damage_healed":0.0,"max_hp_gain":0.0,"max_hp_loss":0.0,"gold_gain":0.0,"event_name":"Accursed Blacksmith","player_choice":"Forge","floor":8.0,"gold_loss":0.0,"damage_taken":0.0,"cards_upgraded":["Venomology"]}],"is_beta":false,"boss_relics":[],"items_purged_floors":[5],"is_endless":false,"potions_floor_spawned":[2,3,10,12],"killed_by":"Slime Boss","ascension_level":9}}