{"host":"lhth1efayex2023z","time":1609714967,"event":{"mods":["BaseMod","Colored Map","Googly Eyes","Minty Spire (QoL Compilation)","StSLib"],"gold_per_floor":[117,132,0,0,12,40,40,75,143,143,160,160,176,202,202,280,280,291,341,355,365,290,290,317,317,341,341,368,34,34,45,45,122,122,137,191,466,484,186,186,219,231,243,283,295,307,350,376,388,400,412,424,52,78,78],"floor_reached":56,"playtime":2184,"items_purged":["Strike_G","Strike_G","Strike_G"],"score":2237,"play_id":"c9e7c90a-ef18-4cec-a04d-3456af6f07f7","local_time":"20210103160247","is_ascension_mode":true,"campfire_choices":[{"floor":7.0,"key":"REST"},{"floor":10.0,"key":"REST"},{"data":"Venomology","floor":15.0,"key":"SMITH"},{"data":"Tools of the Trade","floor":23.0,"key":"SMITH"},{"data":"Footwork","floor":25.0,"key":"SMITH"},{"data":"Choke","floor":27.0,"key":"SMITH"},{"data":"Cloak And Dagger","floor":32.0,"key":"SMITH"},{"data":"Envenom","floor":40.0,"key":"SMITH"},{"data":"Envenom","floor":42.0,"key":"SMITH"},{"data":"Cloak And Dagger","floor":45.0,"key":"SMITH"},{"floor":49.0,"key":"RECALL"},{"data":"Adrenaline","floor":52.0,"key":"SMITH"}],"circlet_count":0,"master_deck":["AscendersBane","Strike_G","Defend_G","Defend_G","Defend_G","Defend_G","Defend_G","Survivor","Neutralize","Choke+1","Backstab+1","Blade Dance","Accuracy+1","Venomology+1","Footwork+1","Backflip","Cloak And Dagger+1","Escape Plan","Tools of the Trade+1","Cloak And Dagger+1","Blade Dance","Envenom+1","Escape Plan","Distraction+1","Adrenaline+1","Infinite Blades","Envenom+1","Infinite Blades+1","Envenom+1","Infinite Blades+1"],"relics":["Ring of the Snake","Prayer Wheel","Bronze Scales","Question Card","Happy Flower","Pantograph","Black Star","Omamori","Potion Belt","PreservedInsect","Molten Egg 2","Oddly Smooth Stone","Ornamental Fan","Sundial","WristBlade","Unceasing Top","Mummified Hand","MawBank","Juzu Bracelet","Lizard Tail","Toy Ornithopter","Smiling Mask","Blue Candle","Letter Opener","Eternal Feather"],"acts_visited":["Exordium","TheCity","TheBeyond","TheEnding"],"potions_floor_usage":[54,54,54,55,55,55,55],"damage_taken":[{"damage":6.0,"enemies":"Jaw Worm","floor":1.0,"turns":6.0},{"damage":0.0,"enemies":"Small Slimes","floor":2.0,"turns":4.0},{"damage":0.0,"enemies":"2 Louse","floor":5.0,"turns":1.0},{"damage":11.0,"enemies":"Gremlin Nob","floor":6.0,"turns":4.0},{"damage":7.0,"enemies":"Lagavulin","floor":8.0,"turns":8.0},{"damage":1.0,"enemies":"Large Slime","floor":11.0,"turns":4.0},{"damage":0.0,"enemies":"2 Fungi Beasts","floor":13.0,"turns":3.0},{"damage":0.0,"enemies":"3 Sentries","floor":14.0,"turns":5.0},{"damage":23.0,"enemies":"The Guardian","floor":16.0,"turns":11.0},{"damage":1.0,"enemies":"Spheric Guardian","floor":18.0,"turns":3.0},{"damage":4.0,"enemies":"Shell Parasite","floor":20.0,"turns":4.0},{"damage":10.0,"enemies":"Centurion and Healer","floor":21.0,"turns":6.0},{"damage":11.0,"enemies":"Gremlin Leader","floor":24.0,"turns":5.0},{"damage":18.0,"enemies":"Slavers","floor":28.0,"turns":6.0},{"damage":6.0,"enemies":"3 Cultists","floor":31.0,"turns":5.0},{"damage":21.0,"enemies":"Champ","floor":33.0,"turns":9.0},{"damage":0.0,"enemies":"3 Shapes","floor":35.0,"turns":3.0},{"damage":9.0,"enemies":"2 Orb Walkers","floor":36.0,"turns":5.0},{"damage":7.0,"enemies":"3 Darklings","floor":38.0,"turns":5.0},{"damage":8.0,"enemies":"Reptomancer","floor":41.0,"turns":4.0},{"damage":3.0,"enemies":"Giant Head","floor":44.0,"turns":4.0},{"damage":0.0,"enemies":"Nemesis","floor":47.0,"turns":3.0},{"damage":1.0,"enemies":"4 Shapes","floor":48.0,"turns":4.0},{"damage":13.0,"enemies":"Donu and Deca","floor":50.0,"turns":5.0},{"damage":1,"enemies":"Shield and Spear","floor":54,"turns":3},{"damage":113,"enemies":"The Heart","floor":55,"turns":6}],"seed_played":"-5481169320763835909","potions_obtained":[{"floor":1.0,"key":"GhostInAJar"},{"floor":11.0,"key":"Strength Potion"},{"floor":13.0,"key":"CunningPotion"},{"floor":14.0,"key":"Fire Potion"},{"floor":18.0,"key":"GhostInAJar"},{"floor":33.0,"key":"Block Potion"},{"floor":38.0,"key":"Block Potion"},{"floor":44.0,"key":"SkillPotion"},{"floor":48.0,"key":"PowerPotion"},{"floor":54,"key":"Poison Potion"}],"is_trial":false,"path_per_floor":["M","M","$","?","M","E","R","E","T","R","M","?","M","E","R","B",null,"M","?","M","M","?","R","E","R","T","R","E","$","?","M","R","B",null,"M","?","?","M","$","R","E","R","T","E","R","?","E","M","R","B",null,"R","$","E","B",null],"character_chosen":"THE_SILENT","items_purchased":["Blade Dance","Accuracy","Ornamental Fan","Adrenaline","Infinite Blades","Blue Candle","CunningPotion"],"campfire_rested":2,"item_purchase_floors":[3,3,29,39,39,53,53],"current_hp_per_floor":[50,50,50,27,27,16,39,32,32,55,54,36,36,36,36,38,68,67,67,63,53,53,53,42,42,42,42,24,24,24,18,18,37,68,68,59,59,52,52,52,44,44,44,41,41,41,41,45,45,67,75,75,75,78,37],"gold":78,"neow_bonus":"TWENTY_PERCENT_HP_BONUS","is_daily":false,"chose_seed":false,"campfire_upgraded":9,"win_rate":0.0,"timestamp":1609714967,"path_taken":["M","M","$","?","M","E","R","E","T","R","M","?","M","E","R","BOSS","M","?","M","M","?","R","E","R","T","R","E","$","?","M","R","BOSS","M","?","?","M","$","R","E","R","T","E","R","?","E","M","R","BOSS","R","$","E","BOSS"],"items_purchased_type":["Card","Card","Relic","Card","Card","Relic","Potion"],"build_version":"2020-12-22","purchased_purges":3,"victory":true,"max_hp_per_floor":[78,78,78,78,78,78,78,78,78,78,78,78,78,78,78,78,78,78,78,78,78,78,78,78,78,78,78,78,78,78,78,78,78,78,78,78,78,78,78,78,78,78,78,78,78,78,78,78,78,78,78,78,78,78,78],"card_choices":[{"not_picked":["Concentrate","Dodge and Roll"],"picked":"Choke","floor":1.0},{"not_picked":["Quick Slash","Prepared"],"picked":"Backstab","floor":2.0},{"not_picked":["Escape Plan","Poisoned Stab"],"picked":"Venomology","floor":5.0},{"not_picked":["Phantasmal Killer","Dodge and Roll"],"picked":"Footwork","floor":6.0},{"not_picked":["Setup","Dagger Spray","Finisher"],"picked":"SKIP","floor":8.0},{"not_picked":["Sucker Punch","Well Laid Plans","Bane"],"picked":"Backflip","floor":11.0},{"not_picked":["Tactician","Acrobatics","Sucker Punch","PiercingWail"],"picked":"SKIP","floor":11.0},{"not_picked":["Corpse Explosion","PiercingWail","Deflect"],"picked":"Cloak And Dagger","floor":13.0},{"not_picked":["Sucker Punch","Well Laid Plans","Acrobatics"],"picked":"Escape Plan","floor":13.0},{"not_picked":["Leg Sweep","Quick Slash","Underhanded Strike","All Out Attack"],"picked":"SKIP","floor":14.0},{"not_picked":["Grand Finale","Glass Knife","Corpse Explosion"],"picked":"Tools of the Trade","floor":16.0},{"not_picked":["Crippling Poison","Deflect","Sucker Punch"],"picked":"Cloak And Dagger","floor":18.0},{"not_picked":["Outmaneuver","Tactician","Flechettes","Bane"],"picked":"SKIP","floor":18.0},{"not_picked":["Outmaneuver","Tactician","Flechettes","Bane"],"picked":"SKIP","floor":18.0},{"not_picked":["PiercingWail","Storm of Steel","Dagger Spray","Expertise+1"],"picked":"SKIP","floor":20.0},{"not_picked":["Distraction","Slice","Backflip","Prepared"],"picked":"SKIP","floor":20.0},{"not_picked":["Prepared","Predator","Dagger Spray"],"picked":"Blade Dance","floor":21.0},{"not_picked":["Dodge and Roll","Acrobatics+1","Corpse Explosion","Flying Knee"],"picked":"SKIP","floor":21.0},{"not_picked":["Dodge and Roll","Acrobatics+1","Corpse Explosion","Flying Knee"],"picked":"SKIP","floor":21.0},{"not_picked":["Prepared","Leg Sweep","Backflip","Dagger Spray+1"],"picked":"SKIP","floor":24.0},{"not_picked":["Catalyst","Deadly Poison","Flying Knee+1","Tactician"],"picked":"SKIP","floor":28.0},{"not_picked":["Deflect","A Thousand Cuts","Dagger Spray+1","Backflip"],"picked":"SKIP","floor":31.0},{"not_picked":["Dodge and Roll","Bane+1","Terror","Masterful Stab+1"],"picked":"SKIP","floor":31.0},{"not_picked":["Corpse Explosion","Night Terror","Die Die Die+1"],"picked":"Envenom","floor":33.0},{"not_picked":["Dagger Throw+1","Backflip","Underhanded Strike+1","Bane+1"],"picked":"SKIP","floor":35.0},{"not_picked":["Flying Knee+1","All Out Attack+1","Escape Plan","Riddle With Holes+1"],"picked":"SKIP","floor":35.0},{"not_picked":["Flying Knee+1","All Out Attack+1","Riddle With Holes+1"],"picked":"Escape Plan","floor":35.0},{"not_picked":["Dagger Throw+1","Backflip","Underhanded Strike+1","Bane+1"],"picked":"SKIP","floor":35.0},{"not_picked":["Dagger Spray+1","Eviscerate+1","Outmaneuver"],"picked":"Distraction+1","floor":38.0},{"not_picked":["Deadly Poison","Masterful Stab+1","Terror","Dagger Spray+1"],"picked":"SKIP","floor":38.0},{"not_picked":["Backstab+1","PiercingWail+1","After Image"],"picked":"Envenom","floor":41.0},{"not_picked":["Dodge and Roll","Expertise","Dash+1"],"picked":"Infinite Blades+1","floor":44.0},{"not_picked":["Finisher+1","All Out Attack+1","Flechettes+1"],"picked":"Infinite Blades+1","floor":47.0},{"not_picked":["Masterful Stab+1","Underhanded Strike+1","Quick Slash+1","Deadly Poison"],"picked":"SKIP","floor":48.0},{"not_picked":["Underhanded Strike+1","Concentrate+1","Setup","Heel Hook+1"],"picked":"SKIP","floor":48.0},{"not_picked":["Choke+1","Dagger Spray+1","Flying Knee+1","Poisoned Stab+1"],"picked":"SKIP","floor":54}],"player_experience":449101,"relics_obtained":[{"floor":6.0,"key":"Prayer Wheel"},{"floor":8.0,"key":"Bronze Scales"},{"floor":9.0,"key":"Question Card"},{"floor":14.0,"key":"Pantograph"},{"floor":24.0,"key":"Omamori"},{"floor":24.0,"key":"Potion Belt"},{"floor":26.0,"key":"PreservedInsect"},{"floor":28.0,"key":"Molten Egg 2"},{"floor":28.0,"key":"Oddly Smooth Stone"},{"floor":36.0,"key":"Unceasing Top"},{"floor":41.0,"key":"Mummified Hand"},{"floor":41.0,"key":"MawBank"},{"floor":44.0,"key":"Juzu Bracelet"},{"floor":44.0,"key":"Lizard Tail"},{"floor":47.0,"key":"Toy Ornithopter"},{"floor":47.0,"key":"Smiling Mask"},{"floor":54,"key":"Letter Opener"},{"floor":54,"key":"Eternal Feather"}],"event_choices":[{"damage_healed":0.0,"max_hp_gain":0.0,"max_hp_loss":0.0,"gold_gain":0.0,"event_name":"Shining Light","player_choice":"Entered Light","floor":4.0,"gold_loss":0.0,"damage_taken":23.0,"cards_upgraded":["Backstab","Accuracy"]},{"damage_healed":0.0,"max_hp_gain":0.0,"max_hp_loss":0.0,"gold_gain":0.0,"event_name":"Scrap Ooze","player_choice":"Success","floor":12.0,"gold_loss":0.0,"damage_taken":18.0,"relics_obtained":["Happy Flower"]},{"damage_healed":0.0,"max_hp_gain":0.0,"max_hp_loss":0.0,"gold_gain":50.0,"event_name":"Nest","player_choice":"Stole From Cult","floor":19.0,"gold_loss":0.0,"damage_taken":0.0},{"cards_removed":["Strike_G"],"damage_healed":0.0,"max_hp_gain":0.0,"max_hp_loss":0.0,"gold_gain":0.0,"event_name":"Beggar","player_choice":"Gave Gold","floor":22.0,"gold_loss":75.0,"damage_taken":0.0},{"damage_healed":0.0,"max_hp_gain":0.0,"max_hp_loss":0.0,"gold_gain":0.0,"event_name":"The Mausoleum","player_choice":"Opened","floor":30.0,"gold_loss":0.0,"damage_taken":0.0,"relics_obtained":["Sundial"],"cards_obtained":["Writhe"]},{"damage_healed":0.0,"max_hp_gain":0.0,"max_hp_loss":0.0,"gold_gain":0.0,"event_name":"Mysterious Sphere","player_choice":"Fight","floor":36.0,"gold_loss":0.0,"damage_taken":0.0},{"damage_healed":0.0,"max_hp_gain":0.0,"max_hp_loss":0.0,"gold_gain":275.0,"event_name":"Golden Shrine","player_choice":"Desecrate","floor":37.0,"gold_loss":0.0,"damage_taken":0.0,"cards_obtained":["Regret"]},{"damage_healed":0.0,"max_hp_gain":0.0,"max_hp_loss":0.0,"gold_gain":0.0,"event_name":"Duplicator","player_choice":"Copied","floor":46.0,"gold_loss":0.0,"damage_taken":0.0,"cards_obtained":["Envenom"]}],"is_beta":false,"boss_relics":[{"not_picked":["Ectoplasm","Calling Bell"],"picked":"Black Star"},{"not_picked":["Pandora\u0027s Box","Fusion Hammer"],"picked":"WristBlade"}],"items_purged_floors":[29,39,53],"is_endless":false,"potions_floor_spawned":[1,11,13,14,18,33,38,44,48,54],"ascension_level":15}}