{"host":"a00pwxwvvpsg0jw6","time":1609716866,"event":{"mods":["AchievementEnabler","BaseMod","Minty Spire (QoL Compilation)","Replay The Spire","StSLib"],"gold_per_floor":[115,126,300,300,300,300,300,300,300,300,318,318,347,472,472,569,669,684,1449,1374,1401,717,717,729,755,755,695,706,706,687,713,713,811,811,829,30,30,44,97,132,132,148,148,148,148,148,298,382,382,282],"floor_reached":51,"playtime":3076,"items_purged":["Strike_R","Strike_R","Strike_R","Strike_R","Defend_R","Defend_R"],"score":817,"play_id":"7308c7e3-bb04-4482-8070-82338993f6e1","local_time":"20210103173426","is_ascension_mode":false,"campfire_choices":[{"data":"Armaments","floor":6.0,"key":"SMITH"},{"data":"Mayhem","floor":8.0,"key":"SMITH"},{"data":"ReplayTheSpireMod:LeadingStrike","floor":23,"key":"SMITH"},{"data":"Offering","floor":29,"key":"SMITH"},{"data":"Flex","floor":32,"key":"SMITH"},{"data":"Offering","floor":41,"key":"SMITH"},{"data":"Iron Wave","floor":44,"key":"PURGE"},{"floor":49,"key":"REST"}],"circlet_count":0,"master_deck":["Defend_R","Bash","Pommel Strike","Cleave+1","Mayhem+1","Armaments+1","ReplayTheSpireMod:LeadingStrike+1","Cleave+1","Offering+1","Flex+1","Purity+1","Offering+1","Headbutt+1","Inflame","Inflame","Iron Wave","Crow Ritual+1","Crow Ritual+1","Metallicize+1","Pommel Strike+1","Cleave+1","ReplayTheSpireMod:Restless Dread","Pommel Strike+1"],"relics":["Burning Blood","NeowsBlessing","Bag of Marbles","ReplayTheSpireMod:Shallot","Pet Ghost","Blue Doll","Juzu Bracelet","Lee\u0027s Waffle","Pocketwatch","Happy Flower","Replay:Wanted Poster","BargainBundle","Shuriken","Replay:WaspNest","Red Mask","Iron Hammer","Centennial Puzzle","HandDrill","Nunchaku","Replay:Bottled Flurry","DollysMirror","Ancient Tea Set","Another Sword","Sozu","Peace Pipe","Bird Faced Urn","Oddly Smooth Stone","Replay:Bottled Eggs","Replay:Bottled Steam","Ring of Chaos","ReplayTheSpireMod:Ring of Collecting","ReplayTheSpireMod:CursedCoin","Regal Pillow"],"acts_visited":["Exordium","TheCity","TheBeyond"],"potions_floor_usage":[25,25],"damage_taken":[{"damage":0.0,"enemies":"Jaw Worm","floor":1.0,"turns":1.0},{"damage":0.0,"enemies":"Cultist","floor":2.0,"turns":1.0},{"damage":0.0,"enemies":"Small Slimes","floor":4.0,"turns":1.0},{"damage":0.0,"enemies":"Looter","floor":7.0,"turns":2.0},{"damage":5.0,"enemies":"3 Sentries","floor":10.0,"turns":7.0},{"damage":0.0,"enemies":"3 Louse","floor":11.0,"turns":3.0},{"damage":6.0,"enemies":"Lagavulin","floor":13.0,"turns":4.0},{"damage":25.0,"enemies":"The Guardian","floor":16.0,"turns":7.0},{"damage":6,"enemies":"3 Byrds","floor":18,"turns":5},{"damage":6,"enemies":"Masked Bandits","floor":21,"turns":1},{"damage":6,"enemies":"Chosen","floor":24,"turns":3},{"damage":11,"enemies":"Gremlin Leader","floor":25,"turns":4},{"damage":6,"enemies":"Centurion and Healer","floor":28,"turns":1},{"damage":6,"enemies":"Slavers","floor":31,"turns":3},{"damage":19,"enemies":"Champ","floor":33,"turns":5},{"damage":9,"enemies":"3 Shapes","floor":35,"turns":2},{"damage":16,"enemies":"3 Darklings","floor":38,"turns":2},{"damage":55,"enemies":"Nemesis","floor":40,"turns":3},{"damage":2,"enemies":"Spire Growth","floor":42,"turns":3},{"damage":56,"enemies":"Awakened One","floor":50,"turns":4}],"seed_played":"-9208182880455189401","potions_obtained":[{"floor":1.0,"key":"BlessingOfTheForge"},{"floor":2.0,"key":"Explosive Potion"},{"floor":13.0,"key":"SneckoOil"},{"floor":25,"key":"PowerPotion"},{"floor":28,"key":"AttackPotion"}],"is_trial":false,"path_per_floor":["M","M","$","M","?","R","M","R","T","E","M","?","E","$","R","B",null,"M","$","?","?","$","R","M","E","T","?","M","R","$","E","R","B",null,"M","$","?","M","T","E","R","M","T","R","?","?","$","?","R","B",null],"character_chosen":"IRONCLAD","items_purchased":["Bag of Marbles","ReplayTheSpireMod:Shallot","Cleave","Mayhem","ColorlessPotion","Lee\u0027s Waffle","Pocketwatch","Happy Flower","Purity","BargainBundle","Shuriken","Replay:WaspNest","Inflame","Iron Wave","Crow Ritual+1","Swift Potion","Weak Potion","Iron Hammer","Centennial Puzzle","HandDrill","DollysMirror","Ancient Tea Set","Another Sword","Peace Pipe","Bird Faced Urn","ReplayTheSpireMod:CursedCoin"],"campfire_rested":1,"item_purchase_floors":[3,3,3,3,3,14,14,14,14,19,19,19,19,19,19,19,19,22,22,22,30,30,30,36,36,47],"current_hp_per_floor":[80,80,80,80,80,80,80,80,80,80,80,80,80,87,87,68,87,87,87,87,87,87,87,87,82,82,82,82,82,82,82,82,69,87,84,84,84,83,83,44,44,58,58,58,58,58,58,37,78,40],"gold":282,"neow_bonus":"THREE_ENEMY_KILL","is_daily":false,"chose_seed":false,"campfire_upgraded":6,"win_rate":0.0,"timestamp":1609716866,"path_taken":["M","M","$","M","?","R","M","R","T","E","?","?","E","$","R","BOSS","M","?","?","?","$","R","M","E","T","?","M","R","$","E","R","BOSS","M","$","?","M","?","E","R","M","T","R","?","?","$","?","R","BOSS"],"items_purchased_type":["Relic","Relic","Card","Card","Potion","Relic","Relic","Relic","Card","Relic","Relic","Relic","Card","Card","Card","Potion","Potion","Relic","Relic","Relic","Relic","Relic","Relic","Relic","Relic","Relic"],"build_version":"2020-12-22","purchased_purges":6,"victory":true,"max_hp_per_floor":[80,80,80,80,80,80,80,80,80,80,80,80,80,87,87,87,87,87,87,87,87,87,87,87,87,87,87,87,87,87,87,87,87,87,87,87,87,87,87,87,87,87,87,87,87,87,87,87,87,87],"card_choices":[{"not_picked":["Entrench","True Grit"],"picked":"Pummel","floor":1.0},{"not_picked":["Sever Soul","ReplayReversal"],"picked":"Pommel Strike","floor":2.0},{"not_picked":["Power Through","Carnage"],"picked":"Armaments","floor":4.0},{"not_picked":["Perfected Strike","Warcry"],"picked":"Iron Wave","floor":7.0},{"not_picked":["Dropkick","Shockwave"],"picked":"Cleave","floor":10.0},{"not_picked":["Perfected Strike","Clash"],"picked":"Offering","floor":11.0},{"not_picked":["Iron Wave","Juggernaut"],"picked":"Flex","floor":13.0},{"not_picked":["Replay:Many Hands","Fiend Fire"],"picked":"Offering","floor":16.0},{"not_picked":["Pummel+1","Clash+1"],"picked":"Headbutt+1","floor":18},{"not_picked":["Massacre","Defy Death","Reckless Charge"],"picked":"SKIP","floor":24},{"not_picked":["Warcry+1","Rupture","ReplayTheSpireMod:Corrosion Curse"],"picked":"SKIP","floor":25},{"not_picked":["Defy Death","True Grit+1","Armaments"],"picked":"SKIP","floor":28},{"not_picked":["Clash","Shrug It Off","Anger"],"picked":"SKIP","floor":31},{"not_picked":["Headbutt+1","ReplayTheSpireMod:Strike From Hell+1"],"picked":"Metallicize+1","floor":35},{"not_picked":["Run Through+1","Life Link"],"picked":"Pommel Strike+1","floor":38},{"not_picked":["ReplayTheSpireMod:Strike From Hell","Sever Soul","Perfected Strike"],"picked":"SKIP","floor":40},{"not_picked":["Shockwave","Blood for Blood+1"],"picked":"Cleave+1","floor":42},{"not_picked":["Entrench+1","Iron Wave+1"],"picked":"Pommel Strike+1","floor":48}],"player_experience":0,"relics_obtained":[{"floor":9.0,"key":"Pet Ghost"},{"floor":10.0,"key":"Blue Doll"},{"floor":13.0,"key":"Juzu Bracelet"},{"floor":21,"key":"Red Mask"},{"floor":25,"key":"Nunchaku"},{"floor":26,"key":"Replay:Bottled Flurry"},{"floor":39,"key":"Oddly Smooth Stone"},{"floor":40,"key":"Replay:Bottled Eggs"},{"floor":43,"key":"Replay:Bottled Steam"},{"floor":46,"key":"Ring of Chaos"},{"floor":46,"key":"ReplayTheSpireMod:Ring of Collecting"},{"floor":48,"key":"Regal Pillow"}],"event_choices":[{"damage_healed":0.0,"max_hp_gain":0.0,"max_hp_loss":0.0,"gold_gain":0.0,"cards_transformed":["Pummel"],"event_name":"Transmorgrifier","player_choice":"Transformed","floor":5.0,"gold_loss":0.0,"damage_taken":0.0,"cards_obtained":["ReplayTheSpireMod:LeadingStrike"]},{"damage_healed":0.0,"max_hp_gain":0.0,"max_hp_loss":0.0,"gold_gain":0.0,"event_name":"The Woman in Blue","player_choice":"Bought 0 Potions","floor":12.0,"gold_loss":0.0,"damage_taken":0.0},{"cards_removed":["Strike_R"],"damage_healed":0,"gold_gain":0,"player_choice":"Gave Gold","damage_taken":0,"max_hp_gain":0,"max_hp_loss":0,"event_name":"Beggar","floor":20,"gold_loss":75},{"damage_healed":0,"gold_gain":0,"player_choice":"Fought Bandits","damage_taken":0,"max_hp_gain":0,"max_hp_loss":0,"event_name":"Masked Bandits","floor":21,"gold_loss":0},{"cards_removed":["Defend_R"],"damage_healed":0,"gold_gain":0,"player_choice":"Removed Skill","damage_taken":0,"max_hp_gain":0,"max_hp_loss":0,"event_name":"Falling","floor":37,"gold_loss":0},{"damage_healed":0,"gold_gain":0,"player_choice":"Memory 1","damage_taken":0,"max_hp_gain":0,"max_hp_loss":0,"event_name":"SensoryStone","floor":45,"gold_loss":0}],"is_beta":false,"boss_relics":[{"not_picked":["Replay:Drink Me","Ectoplasm"],"picked":"Replay:Wanted Poster"},{"not_picked":["SacredBark","Mark of Pain"],"picked":"Sozu"}],"items_purged_floors":[3,14,19,22,30,36],"is_endless":false,"potions_floor_spawned":[1,2,13,24,25,28,31,38,40],"ascension_level":0}}