{"host":"hm3ikmf8oxbtqms2","time":1609648024,"event":{"mods":["BaseMod","Best Route Mod","Bestiary","Better Vampires","Block Reminder","Colored Map","Colored Powertips","Curses Come First","DeckTracker","Displayed Cursed Tome","Highlight Path","Minty Spire (QoL Compilation)","Quick Restart","StSLib"],"gold_per_floor":[116,130,147,147,322,357,357,375,375,450,484,484,484,0,0,126,126,139,139,158,158,188,204,237,237,237,46,46,59,59,89,89,185,185,196,196,209,149,159,159,159],"floor_reached":40,"playtime":3620,"items_purged":["Regret"],"score":623,"play_id":"b1eb940a-35a0-4d3c-88e9-2c0acd64f996","local_time":"20210102232704","is_ascension_mode":true,"campfire_choices":[{"floor":12.0,"key":"REST"},{"data":"After Image","floor":15.0,"key":"SMITH"},{"data":"Infinite Blades","floor":25.0,"key":"SMITH"},{"data":"Cloak And Dagger","floor":30.0,"key":"SMITH"},{"data":"Noxious Fumes","floor":32.0,"key":"SMITH"}],"circlet_count":0,"master_deck":["Strike_G","Strike_G","Strike_G","Defend_G","Defend_G","Defend_G","Defend_G","Defend_G","Survivor","Neutralize","Slice","Quick Slash","Cloak And Dagger+1","After Image+1","Infinite Blades+1","Deflect","Riddle With Holes+1","Caltrops","Phantasmal Killer+1","Deadly Poison+1","Ghostly+1","Ghostly+1","Ghostly+1","Ghostly+1","Ghostly+1","Predator+1","Catalyst+1","Dagger Spray+1","Crippling Poison+1","Well Laid Plans","Footwork","Sucker Punch+1","Underhanded Strike+1","Backflip+1","Noxious Fumes+1","Die Die Die+1","CurseOfTheBell","Cloak And Dagger+1","Dark Shackles+1","Envenom","Predator+1"],"relics":["Ring of the Snake","Omamori","Letter Opener","Calipers","Bloody Idol","WingedGreaves","MealTicket","Toxic Egg 2","Molten Egg 2","Velvet Choker","Red Mask","The Courier","Eternal Feather","Ninja Scroll","Blood Vial","Calling Bell","Orichalcum","Paper Crane","The Specimen"],"acts_visited":["Exordium","TheCity","TheBeyond"],"potions_floor_usage":[39],"damage_taken":[{"damage":5.0,"enemies":"Cultist","floor":1.0,"turns":4.0},{"damage":12.0,"enemies":"Small Slimes","floor":2.0,"turns":4.0},{"damage":7.0,"enemies":"2 Louse","floor":3.0,"turns":2.0},{"damage":10.0,"enemies":"Gremlin Nob","floor":6.0,"turns":4.0},{"damage":1.0,"enemies":"Looter","floor":8.0,"turns":3.0},{"damage":6.0,"enemies":"3 Sentries","floor":11.0,"turns":8.0},{"damage":34.0,"enemies":"Hexaghost","floor":16.0,"turns":11.0},{"damage":24.0,"enemies":"2 Thieves","floor":18.0,"turns":4.0},{"damage":0.0,"enemies":"Chosen","floor":20.0,"turns":4.0},{"damage":0.0,"enemies":"Masked Bandits","floor":22.0,"turns":5.0},{"damage":0.0,"enemies":"Snecko","floor":23.0,"turns":5.0},{"damage":12.0,"enemies":"Slavers","floor":24.0,"turns":5.0},{"damage":9.0,"enemies":"Cultist and Chosen","floor":29.0,"turns":5.0},{"damage":3.0,"enemies":"Book of Stabbing","floor":31.0,"turns":6.0},{"damage":6.0,"enemies":"Champ","floor":33.0,"turns":9.0},{"damage":0.0,"enemies":"3 Shapes","floor":35.0,"turns":5.0},{"damage":1.0,"enemies":"Orb Walker","floor":37.0,"turns":3.0},{"damage":25,"enemies":"Transient","floor":39,"turns":5},{"damage":24,"enemies":"Reptomancer","floor":40,"turns":5}],"seed_played":"6539533322532479759","potions_obtained":[{"floor":2.0,"key":"Weak Potion"},{"floor":3.0,"key":"CunningPotion"},{"floor":8.0,"key":"Strength Potion"},{"floor":16.0,"key":"Dexterity Potion"},{"floor":18.0,"key":"Swift Potion"},{"floor":22.0,"key":"Ancient Potion"},{"floor":24.0,"key":"GhostInAJar"},{"floor":33.0,"key":"Fruit Juice"},{"floor":37.0,"key":"DuplicationPotion"}],"is_trial":false,"path_per_floor":["M","M","M","?","?","E","?","M","T","?","E","R","?","$","R","B",null,"M","?","M","?","?","M","E","R","T","$","?","M","R","E","R","B",null,"M","?","M","?","M","E"],"character_chosen":"THE_SILENT","items_purchased":["Molten Egg 2","Riddle With Holes+1","Caltrops","Well Laid Plans","Footwork","Sucker Punch+1","Underhanded Strike+1"],"campfire_rested":1,"item_purchase_floors":[14,14,14,27,27,27,27],"current_hp_per_floor":[65,53,46,39,39,29,29,28,28,17,11,32,32,47,47,13,70,46,35,35,35,35,35,28,28,28,35,35,31,35,35,35,34,35,35,35,35,35,20,0,0],"gold":159,"neow_bonus":"RANDOM_COMMON_RELIC","is_daily":false,"chose_seed":false,"campfire_upgraded":4,"win_rate":0.0,"timestamp":1609648024,"path_taken":["M","M","?","?","?","E","?","M","T","?","E","R","?","$","R","BOSS","M","?","M","?","?","M","E","R","T","?","?","?","R","E","R","BOSS","M","?","M","?","?","E"],"items_purchased_type":["Relic","Card","Card","Card","Card","Card","Card"],"build_version":"2020-12-22","purchased_purges":1,"victory":false,"max_hp_per_floor":[70,70,70,70,70,70,70,70,70,70,70,70,70,70,70,70,70,70,35,35,35,35,35,35,35,35,35,35,35,35,35,35,35,35,35,35,35,35,40,40,40],"card_choices":[{"not_picked":["Riddle With Holes","Deflect"],"picked":"Slice","floor":1.0},{"not_picked":["All Out Attack","Dagger Throw"],"picked":"Quick Slash","floor":2.0},{"not_picked":["Predator","Backflip"],"picked":"Cloak And Dagger","floor":3.0},{"not_picked":["Distraction","Backstab"],"picked":"After Image","floor":6.0},{"not_picked":["Acrobatics","Endless Agony"],"picked":"Infinite Blades","floor":8.0},{"not_picked":["Reflex","Sucker Punch"],"picked":"Deflect","floor":11.0},{"not_picked":["Bullet Time+1","Doppelganger+1"],"picked":"Phantasmal Killer+1","floor":16.0},{"not_picked":["Dagger Throw+1","Choke+1"],"picked":"Deadly Poison+1","floor":18.0},{"not_picked":["Dagger Spray+1","Backflip+1"],"picked":"Predator+1","floor":20.0},{"not_picked":["Endless Agony+1","Bane+1"],"picked":"Catalyst+1","floor":22.0},{"not_picked":["Slice+1","Prepared+1"],"picked":"Dagger Spray+1","floor":23.0},{"not_picked":["Dagger Throw+1","Bane+1"],"picked":"Crippling Poison+1","floor":24.0},{"not_picked":["PiercingWail+1","Poisoned Stab+1"],"picked":"Backflip+1","floor":29.0},{"not_picked":["Dagger Throw+1","Prepared+1"],"picked":"Noxious Fumes","floor":31.0},{"not_picked":["Bullet Time+1","Phantasmal Killer+1"],"picked":"Die Die Die+1","floor":33.0},{"not_picked":["Dagger Spray+1","Prepared+1"],"picked":"Cloak And Dagger+1","floor":35.0},{"not_picked":["PanicButton+1","Forethought+1"],"picked":"Dark Shackles+1","floor":36.0},{"not_picked":["Flying Knee+1","Well Laid Plans+1","Footwork"],"picked":"SKIP","floor":37.0},{"not_picked":["Footwork+1","Heel Hook+1","Deflect+1"],"picked":"SKIP","floor":39}],"player_experience":263613,"relics_obtained":[{"floor":6.0,"key":"Calipers"},{"floor":9.0,"key":"WingedGreaves"},{"floor":11.0,"key":"MealTicket"},{"floor":22.0,"key":"Red Mask"},{"floor":24.0,"key":"The Courier"},{"floor":26.0,"key":"Eternal Feather"},{"floor":31.0,"key":"Blood Vial"},{"floor":34.0,"key":"Orichalcum"},{"floor":34.0,"key":"Paper Crane"},{"floor":34.0,"key":"The Specimen"}],"event_choices":[{"damage_healed":0.0,"max_hp_gain":0.0,"max_hp_loss":0.0,"gold_gain":0.0,"event_name":"Scrap Ooze","player_choice":"Success","floor":4.0,"gold_loss":0.0,"damage_taken":7.0,"relics_obtained":["Letter Opener"]},{"damage_healed":0.0,"max_hp_gain":0.0,"max_hp_loss":0.0,"gold_gain":175.0,"event_name":"Liars Game","player_choice":"AGREE","floor":5.0,"gold_loss":0.0,"damage_taken":0.0,"cards_obtained":["Doubt"]},{"damage_healed":0.0,"max_hp_gain":0.0,"max_hp_loss":0.0,"gold_gain":0.0,"event_name":"Golden Idol","player_choice":"Take Wound","floor":7.0,"gold_loss":0.0,"damage_taken":0.0,"relics_obtained":["Golden Idol"],"cards_obtained":["Injury"]},{"damage_healed":0.0,"max_hp_gain":0.0,"max_hp_loss":0.0,"gold_gain":75.0,"event_name":"World of Goop","player_choice":"Gather Gold","floor":10.0,"gold_loss":0.0,"damage_taken":11.0},{"damage_healed":0.0,"max_hp_gain":0.0,"max_hp_loss":0.0,"gold_gain":0.0,"event_name":"Big Fish","player_choice":"Box","floor":13.0,"gold_loss":0.0,"damage_taken":0.0,"relics_obtained":["Toxic Egg 2"],"cards_obtained":["Regret"]},{"damage_healed":0.0,"max_hp_gain":0.0,"max_hp_loss":35.0,"gold_gain":0.0,"event_name":"Ghosts","player_choice":"Became a Ghost","floor":19.0,"gold_loss":0.0,"damage_taken":0.0,"cards_obtained":["Ghostly","Ghostly","Ghostly","Ghostly","Ghostly"]},{"damage_healed":0.0,"max_hp_gain":0.0,"max_hp_loss":0.0,"gold_gain":0.0,"event_name":"Forgotten Altar","player_choice":"Gave Idol","floor":21.0,"relics_lost":["Golden Idol"],"gold_loss":0.0,"damage_taken":0.0,"relics_obtained":["Bloody Idol"]},{"damage_healed":0.0,"max_hp_gain":0.0,"max_hp_loss":0.0,"gold_gain":0.0,"event_name":"Masked Bandits","player_choice":"Fought Bandits","floor":22.0,"gold_loss":0.0,"damage_taken":0.0},{"damage_healed":0.0,"max_hp_gain":0.0,"max_hp_loss":0.0,"gold_gain":0.0,"event_name":"The Mausoleum","player_choice":"Opened","floor":28.0,"gold_loss":0.0,"damage_taken":0.0,"relics_obtained":["Ninja Scroll"]},{"damage_healed":0.0,"max_hp_gain":0.0,"max_hp_loss":0.0,"gold_gain":0.0,"event_name":"SensoryStone","player_choice":"Memory 1","floor":36.0,"gold_loss":0.0,"damage_taken":0.0},{"damage_healed":0.0,"max_hp_gain":0.0,"max_hp_loss":0.0,"gold_gain":0.0,"cards_transformed":["Strike_G","Strike_G"],"event_name":"Designer","player_choice":"Transformed Cards","floor":38.0,"gold_loss":60.0,"damage_taken":0.0,"cards_obtained":["Envenom","Predator"]}],"is_beta":false,"boss_relics":[{"not_picked":["Coffee Dripper","Ectoplasm"],"picked":"Velvet Choker"},{"not_picked":["Snecko Eye","Busted Crown"],"picked":"Calling Bell"}],"items_purged_floors":[14],"is_endless":false,"potions_floor_spawned":[2,3,8,16,18,22,24,33,37],"killed_by":"Reptomancer","ascension_level":4}}