{"host":"0cgp910o8339lr91","time":1609658055,"event":{"mods":["BaseMod","Block Reminder","Colored Map","Colored Powertips","Filter the Spire","Minty Spire (QoL Compilation)","Relic Stats","Slay-I","ojb\u0027s Better Paths Mod","ojb\u0027s Info Mod"],"gold_per_floor":[116,116,191,191,207,235,40,40,85,116,116,116,116],"floor_reached":12,"playtime":617,"items_purged":[],"score":168,"play_id":"928e618a-b94c-4368-a618-19d000344289","local_time":"20210103081415","is_ascension_mode":true,"campfire_choices":[{"data":"Eruption","floor":8,"key":"SMITH"},{"data":"Scrawl","floor":11,"key":"SMITH"}],"circlet_count":0,"master_deck":["AscendersBane","Strike_P","Strike_P","Strike_P","Strike_P","Defend_P","Defend_P","Defend_P","Defend_P","Eruption+1","Vigilance","WindmillStrike","Wallop","Protect","Adaptation","Scrawl+1"],"relics":["Black Star","StoneCalendar","Regal Pillow","OrangePellets","Bag of Marbles","Lantern","Anchor"],"acts_visited":["Exordium"],"potions_floor_usage":[6,10],"damage_taken":[{"damage":4.0,"enemies":"Jaw Worm","floor":1.0,"turns":5.0},{"damage":4.0,"enemies":"Small Slimes","floor":5.0,"turns":5.0},{"damage":19,"enemies":"Gremlin Nob","floor":6,"turns":5},{"damage":11,"enemies":"3 Sentries","floor":10,"turns":6},{"damage":10,"enemies":"Gremlin Nob","floor":12,"turns":3}],"seed_played":"-7203475860897682722","potions_obtained":[{"floor":5.0,"key":"Ancient Potion"},{"floor":6,"key":"Block Potion"}],"is_trial":false,"path_per_floor":["M","?","?","$","M","E","$","R","T","E","R","E"],"character_chosen":"WATCHER","items_purchased":["OrangePellets","Adaptation"],"campfire_rested":0,"item_purchase_floors":[7,7],"current_hp_per_floor":[57,57,46,46,42,23,23,23,23,12,12,2,2],"gold":116,"neow_bonus":"BOSS_RELIC","is_daily":false,"chose_seed":false,"campfire_upgraded":2,"win_rate":0.0,"timestamp":1609658055,"path_taken":["M","?","?","$","?","E","$","R","T","E","R","E"],"items_purchased_type":["Relic","Card"],"build_version":"2020-12-22","purchased_purges":0,"victory":false,"max_hp_per_floor":[68,68,68,68,68,68,68,68,68,68,68,68,68],"relic_stats":{"OrangePellets":[0],"Regal Pillow":0,"counters":[5,24],"StoneCalendar":[0],"Black Star":2,"obtain_stats":[{"OrangePellets":7,"Regal Pillow":6,"Lantern":10,"Anchor":10,"StoneCalendar":6,"Black Star":0,"Bag of Marbles":9,"PureWater":0},{"OrangePellets":3,"Regal Pillow":3,"Lantern":4,"Anchor":4,"StoneCalendar":3,"Black Star":0,"Bag of Marbles":3,"PureWater":0},{"OrangePellets":15,"Regal Pillow":15,"Lantern":21,"Anchor":21,"StoneCalendar":15,"Black Star":0,"Bag of Marbles":15,"PureWater":0}]},"card_choices":[{"not_picked":["Prostrate","EmptyBody"],"picked":"WindmillStrike","floor":1.0},{"not_picked":["ClearTheMind","Consecrate"],"picked":"Wallop","floor":5.0},{"not_picked":["BowlingBash","WindmillStrike","Protect"],"picked":"SKIP","floor":6},{"not_picked":["BowlingBash","WindmillStrike"],"picked":"Protect","floor":6},{"not_picked":["Crescendo","Consecrate"],"picked":"Scrawl","floor":10}],"player_experience":1374784,"relics_obtained":[{"floor":6,"key":"StoneCalendar"},{"floor":6,"key":"Regal Pillow"},{"floor":9,"key":"Bag of Marbles"},{"floor":10,"key":"Lantern"},{"floor":10,"key":"Anchor"}],"event_choices":[{"damage_healed":0.0,"max_hp_gain":0.0,"max_hp_loss":0.0,"gold_gain":0.0,"event_name":"The Cleric","player_choice":"Leave","floor":2.0,"gold_loss":0.0,"damage_taken":0.0},{"damage_healed":0.0,"max_hp_gain":0.0,"max_hp_loss":0.0,"gold_gain":75.0,"event_name":"World of Goop","player_choice":"Gather Gold","floor":3.0,"gold_loss":0.0,"damage_taken":11.0}],"is_beta":false,"boss_relics":[],"items_purged_floors":[],"is_endless":false,"potions_floor_spawned":[5,6],"killed_by":"Gremlin Nob","ascension_level":20}}