{"host":"gsmj583br51y3r1c","time":1609715588,"event":{"mods":["A Magickal Journey","AchievementEnabler","BaseMod","Better Note","Colored Map","Dio Mod","Downfall","Hermit","Highlight Path","Hubris","Infinite Spire","Marisa????????","Minty Spire (QoL Compilation)","Permanent Neow","Quick Restart","StSLib","The Alterego","The Bug Knight","The Cursed","The Disciple","The Elementalist","The Marked","The Mystic","The Runesmith","The Servant 0.9.4","Unceasing Turn Reminder","everything is the same but u backflip on backflip"],"gold_per_floor":[368,368,380,390,407,407,377,377,377,377,174,174,197,254,254,254,254],"floor_reached":16,"playtime":1577,"items_purged":[],"score":88,"play_id":"0beb7e05-7f63-4cef-b4d2-e0304f920983","local_time":"20210104011308","is_ascension_mode":false,"campfire_choices":[{"floor":6,"key":"REST"},{"floor":8,"key":"RECALL"},{"floor":15,"key":"REST"}],"circlet_count":0,"master_deck":["alterego_mod:Strike","alterego_mod:Strike","alterego_mod:Strike","alterego_mod:Strike","alterego_mod:Defend","alterego_mod:Defend","alterego_mod:Defend","alterego_mod:Defend","alterego_mod:Impale","alterego_mod:BigMeatyClaws","alterego_mod:BrynhildrsRune+1","alterego_mod:TrashNCrash+1","alterego_mod:MagicResistance","alterego_mod:Stockings","alterego_mod:IndependentAction+1","alterego_mod:Undulate","alterego_mod:BigMeatyClaws","Dark Shackles","alterego_mod:DiscoLights","alterego_mod:Mirror"],"relics":["alterego_mod:MasochisticConstitution","Juzu Bracelet","Tiny Chest","hubris:SphereOfDissonance"],"acts_visited":["Exordium"],"potions_floor_usage":[16,16],"damage_taken":[{"damage":11,"enemies":"Cultist","floor":1,"turns":6},{"damage":15,"enemies":"Jaw Worm","floor":3,"turns":4},{"damage":5,"enemies":"2 Louse","floor":4,"turns":3},{"damage":14,"enemies":"Exordium Thugs","floor":5,"turns":4},{"damage":2,"enemies":"Looter","floor":7,"turns":4},{"damage":19,"enemies":"Lagavulin Event","floor":14,"turns":7},{"damage":38,"enemies":"Hexaghost","floor":16,"turns":7}],"seed_played":"7389446075870153354","potions_obtained":[{"floor":5,"key":"hexamod:EctoCoolerPotion"},{"floor":14,"key":"sneckomod:MuddlingPotion"}],"is_trial":false,"path_per_floor":["M","?","M","M","M","R","M","R","T","?","$","?","T","?","R","B"],"character_chosen":"The_Alterego","items_purchased":["alterego_mod:DiscoLights","Juzu Bracelet"],"campfire_rested":2,"item_purchase_floors":[11,11],"current_hp_per_floor":[53,53,39,35,22,42,41,41,41,41,41,27,27,9,29,0,0],"gold":254,"neow_bonus":"TWO_FIFTY_GOLD","is_daily":false,"chose_seed":false,"campfire_upgraded":0,"win_rate":0.0,"timestamp":1609715588,"path_taken":["M","?","?","M","M","R","M","R","T","?","$","?","?","?","R","BOSS"],"items_purchased_type":["Card","Relic"],"build_version":"2020-12-22","purchased_purges":0,"victory":false,"max_hp_per_floor":[64,64,65,66,67,67,68,68,68,68,68,68,68,69,69,69,69],"card_choices":[{"not_picked":["alterego_mod:PerceptionDisorder","alterego_mod:1TonWallop"],"picked":"alterego_mod:TrashNCrash","floor":1},{"not_picked":["alterego_mod:Cycle","alterego_mod:DustData"],"picked":"alterego_mod:MagicResistance","floor":3},{"not_picked":["alterego_mod:1TonWallop","alterego_mod:Lingerie"],"picked":"alterego_mod:Stockings","floor":4},{"not_picked":["alterego_mod:PerceptionDisorder","alterego_mod:MagicResistance"],"picked":"alterego_mod:IndependentAction","floor":5},{"not_picked":["alterego_mod:Skirt","alterego_mod:Bounce"],"picked":"alterego_mod:Undulate","floor":7},{"not_picked":["alterego_mod:InsideBaseball","alterego_mod:Skirt"],"picked":"alterego_mod:Mirror","floor":14}],"player_experience":294488,"relics_obtained":[{"floor":13,"key":"Tiny Chest"},{"floor":14,"key":"hubris:SphereOfDissonance"}],"event_choices":[{"damage_healed":0,"gold_gain":0,"player_choice":"Upgraded","damage_taken":0,"max_hp_gain":0,"max_hp_loss":0,"event_name":"Upgrade Shrine","floor":2,"gold_loss":0,"cards_upgraded":["alterego_mod:TrashNCrash"]},{"damage_healed":0,"gold_gain":0,"player_choice":"2 cards matched","damage_taken":0,"max_hp_gain":0,"max_hp_loss":0,"event_name":"Match and Keep!","floor":10,"gold_loss":0,"cards_obtained":["alterego_mod:BigMeatyClaws","Dark Shackles"]},{"damage_healed":0,"gold_gain":0,"player_choice":"Entered Light","damage_taken":14,"max_hp_gain":0,"max_hp_loss":0,"event_name":"Shining Light","floor":12,"gold_loss":0,"cards_upgraded":["alterego_mod:BrynhildrsRune","alterego_mod:IndependentAction"]},{"damage_healed":0,"gold_gain":0,"player_choice":"Searched \u00272\u0027 times","damage_taken":0,"max_hp_gain":0,"max_hp_loss":0,"event_name":"Dead Adventurer","floor":14,"gold_loss":0}],"is_beta":false,"boss_relics":[],"items_purged_floors":[],"is_endless":false,"potions_floor_spawned":[5,14],"killed_by":"Hexaghost","ascension_level":0}}