{"host":"pf5oese4ka0eje7d","time":1609670947,"event":{"mods":["AchievementEnabler","BaseMod","Colored Map","Minty Spire (QoL Compilation)","StSLib","SuperFastMode"],"gold_per_floor":[115,130,147,147,2,32,32,49,49,49,77,77,93,104,104,199,199,213,213,223,239,154,154,170,27,27,27,37,69,69,69,69],"floor_reached":31,"playtime":563,"items_purged":["Strike_B"],"score":334,"play_id":"c24b39b6-571f-41cf-9452-a7e7026c081c","local_time":"20210103114907","is_ascension_mode":true,"campfire_choices":[{"data":"Zap","floor":7,"key":"SMITH"},{"floor":10,"key":"REST"},{"data":"Defragment","floor":12,"key":"SMITH"},{"floor":15,"key":"REST"},{"floor":23,"key":"REST"},{"data":"Static Discharge","floor":27,"key":"SMITH"}],"circlet_count":0,"master_deck":["Strike_B","Strike_B","Defend_B","Defend_B","Defend_B","Defend_B","Zap+1","Dualcast","Ball Lightning","Redo","Ball Lightning","Static Discharge+1","Sunder","Conserve Battery","Defragment+1","Electrodynamics","Lockon+1","Redo","Self Repair"],"relics":["Cracked Core","Orrery","Orichalcum","Ornamental Fan","Pantograph","SlaversCollar","Bronze Scales","Calipers","Tiny Chest"],"acts_visited":["Exordium","TheCity"],"potions_floor_usage":[6,16],"damage_taken":[{"damage":1,"enemies":"Small Slimes","floor":1,"turns":3},{"damage":1,"enemies":"Cultist","floor":2,"turns":3},{"damage":5,"enemies":"2 Louse","floor":3,"turns":2},{"damage":23,"enemies":"Lagavulin","floor":6,"turns":4},{"damage":9,"enemies":"Blue Slaver","floor":8,"turns":3},{"damage":19,"enemies":"3 Sentries","floor":11,"turns":4},{"damage":0,"enemies":"Gremlin Gang","floor":13,"turns":4},{"damage":8,"enemies":"Large Slime","floor":14,"turns":4},{"damage":26,"enemies":"The Guardian","floor":16,"turns":7},{"damage":16,"enemies":"Spheric Guardian","floor":18,"turns":4},{"damage":5,"enemies":"Chosen","floor":20,"turns":3},{"damage":19,"enemies":"Snake Plant","floor":21,"turns":3},{"damage":4,"enemies":"Snecko","floor":24,"turns":3},{"damage":10,"enemies":"Centurion and Healer","floor":28,"turns":4},{"damage":41,"enemies":"Slavers","floor":29,"turns":2},{"damage":3,"enemies":"Snake Plant","floor":31,"turns":1}],"seed_played":"6745313118979064282","potions_obtained":[{"floor":3,"key":"Fire Potion"},{"floor":11,"key":"Weak Potion"},{"floor":16,"key":"SteroidPotion"},{"floor":20,"key":"GamblersBrew"},{"floor":21,"key":"FearPotion"}],"is_trial":false,"path_per_floor":["M","M","M","?","$","E","R","M","T","R","E","R","M","M","R","B",null,"M","?","M","M","?","R","M","$","T","R","M","E","?","M"],"character_chosen":"DEFECT","items_purchased":["Orrery","Self Repair"],"campfire_rested":3,"item_purchase_floors":[5,25],"current_hp_per_floor":[81,80,75,75,75,52,52,43,43,67,48,48,48,40,64,56,76,60,60,55,36,36,60,56,56,56,56,53,12,3,0,0],"gold":69,"neow_bonus":"TEN_PERCENT_HP_BONUS","is_daily":false,"chose_seed":false,"campfire_upgraded":3,"win_rate":0.0,"timestamp":1609670947,"path_taken":["M","M","M","?","$","E","R","M","T","R","E","R","M","M","R","BOSS","M","?","M","?","?","R","M","$","T","R","M","E","?","M"],"items_purchased_type":["Relic","Card"],"build_version":"2020-12-22","purchased_purges":1,"victory":false,"max_hp_per_floor":[82,82,82,82,82,82,82,82,82,82,82,82,82,82,82,82,82,82,82,82,82,82,82,82,82,82,82,82,82,82,82,82],"card_choices":[{"not_picked":["Skim","Go for the Eyes"],"picked":"Ball Lightning","floor":1},{"not_picked":["Conserve Battery","Steam Power"],"picked":"Redo","floor":2},{"not_picked":["Go for the Eyes","Sweeping Beam"],"picked":"Ball Lightning","floor":3},{"not_picked":["Auto Shields","Stack"],"picked":"Static Discharge","floor":5},{"not_picked":["Undo","Compile Driver"],"picked":"Sunder","floor":5},{"not_picked":["Hello World","Rip and Tear"],"picked":"Conserve Battery","floor":5},{"not_picked":["Coolheaded","Stack","Rip and Tear"],"picked":"SKIP","floor":6},{"not_picked":["Conserve Battery","Rebound"],"picked":"Defragment","floor":8},{"not_picked":["Compile Driver","Hologram","Barrage"],"picked":"SKIP","floor":11},{"not_picked":["Hologram","Rainbow","Loop"],"picked":"SKIP","floor":13},{"not_picked":["Cold Snap","Hologram","Stack"],"picked":"SKIP","floor":14},{"not_picked":["Machine Learning","Amplify"],"picked":"Electrodynamics","floor":16},{"not_picked":["Hologram+1","Streamline+1"],"picked":"Lockon+1","floor":18},{"not_picked":["Glacier+1","Rebound"],"picked":"Redo","floor":20},{"not_picked":["Beam Cell+1","Barrage","Steam Power"],"picked":"SKIP","floor":21},{"not_picked":["Rebound","Redo","Steam"],"picked":"SKIP","floor":24},{"not_picked":["Doom and Gloom+1","Turbo+1","Cold Snap"],"picked":"SKIP","floor":28},{"not_picked":["Genetic Algorithm","Stack","Machine Learning"],"picked":"SKIP","floor":29}],"player_experience":313395,"relics_obtained":[{"floor":6,"key":"Orichalcum"},{"floor":9,"key":"Ornamental Fan"},{"floor":11,"key":"Pantograph"},{"floor":26,"key":"Calipers"},{"floor":29,"key":"Tiny Chest"}],"event_choices":[{"damage_healed":0,"gold_gain":0,"player_choice":"Ignored","damage_taken":0,"max_hp_gain":0,"max_hp_loss":0,"event_name":"Liars Game","floor":4,"gold_loss":0},{"cards_removed":["Strike_B"],"damage_healed":0,"gold_gain":0,"player_choice":"Offered Basic","damage_taken":0,"max_hp_gain":0,"max_hp_loss":0,"event_name":"Bonfire Elementals","floor":19,"gold_loss":0},{"damage_healed":0,"gold_gain":0,"player_choice":"Obtained Relic","damage_taken":0,"relics_obtained":["Bronze Scales"],"max_hp_gain":0,"max_hp_loss":0,"event_name":"Addict","floor":22,"gold_loss":85},{"damage_healed":0,"gold_gain":0,"player_choice":"Stopped","damage_taken":9,"max_hp_gain":0,"max_hp_loss":0,"event_name":"Cursed Tome","floor":30,"gold_loss":0}],"is_beta":false,"boss_relics":[{"not_picked":["Snecko Eye","Pandora\u0027s Box"],"picked":"SlaversCollar"}],"items_purged_floors":[25],"is_endless":false,"potions_floor_spawned":[3,11,16,20,21],"killed_by":"Snake Plant","ascension_level":5}}