{"host":"armnliea5o2aqs4b","time":1609683434,"event":{"mods":["BaseMod","Hubris","Infinite Spire","Minty Spire (QoL Compilation)","Quick Restart","StSLib"],"gold_per_floor":[113,63,76,76,1,30,30,55,55,72,90,90,102,121,121,219,219,230,230,155,155,155,155,183,197,197,197,216,226,226,237,237,237,237],"floor_reached":33,"playtime":801,"items_purged":[],"score":378,"play_id":"6f297dcc-9f64-4ea8-9037-e9a093621c47","local_time":"20210104011714","is_ascension_mode":true,"campfire_choices":[{"data":"Whirlwind","floor":7,"key":"SMITH"},{"data":"Inflame","floor":12,"key":"SMITH"},{"floor":15,"key":"REST"},{"data":"Seeing Red","floor":23,"key":"SMITH"},{"floor":27,"key":"REST"},{"data":"Flex","floor":30,"key":"SMITH"},{"data":"Double Tap","floor":32,"key":"SMITH"}],"circlet_count":0,"master_deck":["Strike_R+1","Defend_R","Defend_R","Defend_R+1","Bash","Battle Trance","Whirlwind+1","Entrench","Flex+1","Inflame+1","Seeing Red+1","hubris:SharpeningStone","Flex","Reaper","Perfected Strike+1","Reaper+1","Combust+1","Intimidate","Double Tap+1"],"relics":["Burning Blood","NeowsBlessing","Ancient Tea Set","hubris:SphereOfDissonance","Blue Candle","Astrolabe","hubris:Towel","Frozen Egg 2","Dream Catcher","Vajra"],"acts_visited":["Exordium","TheCity"],"potions_floor_usage":[16,16,16,24,33,33],"damage_taken":[{"damage":0,"enemies":"Small Slimes","floor":1,"turns":1},{"damage":0,"enemies":"Jaw Worm","floor":3,"turns":1},{"damage":0,"enemies":"3 Sentries","floor":6,"turns":1},{"damage":39,"enemies":"Lagavulin","floor":8,"turns":6},{"damage":0,"enemies":"Cultist","floor":10,"turns":2},{"damage":8,"enemies":"Blue Slaver","floor":11,"turns":2},{"damage":0,"enemies":"Large Slime","floor":13,"turns":1},{"damage":14,"enemies":"Exordium Wildlife","floor":14,"turns":3},{"damage":47,"enemies":"The Guardian","floor":16,"turns":9},{"damage":33,"enemies":"2 Thieves","floor":18,"turns":5},{"damage":30,"enemies":"Gremlin Leader","floor":24,"turns":6},{"damage":0,"enemies":"Spheric Guardian","floor":25,"turns":2},{"damage":24,"enemies":"Snake Plant","floor":28,"turns":2},{"damage":27,"enemies":"Snecko","floor":29,"turns":4},{"damage":47,"enemies":"Shelled Parasite and Fungi","floor":31,"turns":4},{"damage":122,"enemies":"Champ","floor":33,"turns":7}],"seed_played":"4767652923823867131","potions_obtained":[{"floor":1,"key":"BloodPotion"},{"floor":3,"key":"ColorlessPotion"},{"floor":13,"key":"SteroidPotion"},{"floor":18,"key":"SpeedPotion"},{"floor":28,"key":"Ancient Potion"},{"floor":31,"key":"Fire Potion"}],"is_trial":false,"path_per_floor":["M","?","M","?","$","E","R","E","T","M","M","R","M","M","R","B",null,"M","?","?","T","$","R","E","M","T","R","M","M","R","M","R","B"],"character_chosen":"IRONCLAD","items_purchased":["Whirlwind"],"campfire_rested":2,"item_purchase_floors":[5],"current_hp_per_floor":[80,80,80,64,64,70,70,37,37,43,41,41,47,39,63,38,70,53,53,53,53,53,53,62,68,68,80,62,69,69,39,39,0,0],"gold":237,"neow_bonus":"THREE_ENEMY_KILL","is_daily":false,"chose_seed":false,"campfire_upgraded":5,"win_rate":0.0,"timestamp":1609683434,"path_taken":["M","?","M","?","?","E","R","E","T","M","M","R","?","M","R","BOSS","M","?","?","?","$","R","E","?","T","R","M","M","R","M","R","BOSS"],"items_purchased_type":["Card"],"build_version":"2020-12-22","purchased_purges":0,"victory":false,"max_hp_per_floor":[80,80,80,80,80,80,80,80,80,80,80,80,80,80,80,80,80,80,80,80,80,80,80,80,80,80,80,80,80,80,80,80,80,80],"card_choices":[{"not_picked":["Headbutt","Blood for Blood","Wild Strike"],"picked":"SKIP","floor":1},{"not_picked":["Sword Boomerang","Headbutt"],"picked":"Battle Trance","floor":3},{"not_picked":["Fire Breathing","Dual Wield"],"picked":"Entrench","floor":6},{"not_picked":["Armaments","Infernal Blade"],"picked":"Flex","floor":8},{"not_picked":["Limit Break","Twin Strike"],"picked":"Inflame","floor":10},{"not_picked":["Second Wind","Flex"],"picked":"Seeing Red","floor":11},{"not_picked":["Rampage","Cleave"],"picked":"hubris:SharpeningStone","floor":13},{"not_picked":["Twin Strike","Sever Soul"],"picked":"Flex","floor":14},{"not_picked":["Fiend Fire","Corruption"],"picked":"Reaper","floor":16},{"not_picked":["Heavy Blade","Clothesline"],"picked":"Intimidate","floor":18},{"not_picked":["Uppercut+1","hubris:ReadiedAction","True Grit"],"picked":"SKIP","floor":24},{"not_picked":["Shrug It Off+1","Iron Wave","Dark Embrace+1"],"picked":"SKIP","floor":25},{"not_picked":["Wild Strike","Uppercut","Power Through+1"],"picked":"SKIP","floor":28},{"not_picked":["Fire Breathing+1","Heavy Blade","Flex"],"picked":"SKIP","floor":29},{"not_picked":["Havoc","Heavy Blade"],"picked":"Double Tap","floor":31}],"player_experience":161985,"relics_obtained":[{"floor":6,"key":"Ancient Tea Set"},{"floor":8,"key":"hubris:SphereOfDissonance"},{"floor":9,"key":"Blue Candle"},{"floor":21,"key":"Frozen Egg 2"},{"floor":24,"key":"Dream Catcher"},{"floor":26,"key":"Vajra"}],"event_choices":[{"cards_removed":["Strike_R"],"damage_healed":0,"gold_gain":0,"player_choice":"Card Removal","damage_taken":0,"max_hp_gain":0,"max_hp_loss":0,"event_name":"The Cleric","floor":2,"gold_loss":50},{"damage_healed":0,"gold_gain":0,"player_choice":"Entered Light","damage_taken":16,"max_hp_gain":0,"max_hp_loss":0,"event_name":"Shining Light","floor":4,"gold_loss":0,"cards_upgraded":["Strike_R","Defend_R"]},{"cards_removed":["Strike_R"],"damage_healed":0,"gold_gain":0,"player_choice":"Gave Gold","damage_taken":0,"max_hp_gain":0,"max_hp_loss":0,"event_name":"Beggar","floor":20,"gold_loss":75}],"is_beta":false,"boss_relics":[{"not_picked":["Coffee Dripper","Cursed Key"],"picked":"Astrolabe"}],"items_purged_floors":[],"is_endless":false,"potions_floor_spawned":[1,3,13,14,18,24,28,31],"killed_by":"Champ","ascension_level":5}}