{"host":"7k88kcl92al3r52p","time":1609649762,"event":{"mods":["BaseMod","Beaked The Cultist","Challenge The Spire","Conspire","Downfall","Glutton Mod","Infinite Spire","Mad Scientist","Mimic Mod","Minty Spire (QoL Compilation)","READ ME - Guardian Mod","READ ME - Snecko Mod","Rare Cards Sparkle","Replay The Spire","Shop Mod","StSLib","The Construct","The Cursed","The Jungle","The Servant 0.9.4"],"gold_per_floor":[109,9,184,184,201,201,234,234,264,264,264,308,326,14,14,139,139,152,167,167,192,192,192,192,192],"floor_reached":24,"playtime":1686,"items_purged":["Doubt"],"score":242,"play_id":"8a113776-dab8-4e1b-a15e-a210f2d819fd","local_time":"20210102235602","is_ascension_mode":false,"campfire_choices":[{"data":"Ghostly","floor":6.0,"key":"SMITH"},{"data":"beaked:Ceremony","floor":8.0,"key":"SMITH"},{"data":"beaked:Ceremony","floor":10.0,"key":"SMITH"},{"data":"beaked:Ceremony","floor":15,"key":"SMITH"},{"floor":23,"key":"REST"}],"circlet_count":0,"master_deck":["beaked:Strike_Y","beaked:Strike_Y","beaked:Strike_Y","beaked:Strike_Y","beaked:Strike_Y","beaked:Strike_Y","beaked:Defend_Y","beaked:Defend_Y","beaked:Defend_Y","beaked:Defend_Y","beaked:Ceremony+1","beaked:Ceremony+1","beaked:Ceremony+1","beaked:BraceForImpact","Ghostly+1","beaked:Cower","beaked:Tweet","beaked:VigorBurst","beaked:StickSmack","beaked:Sacrifice","beaked:Overpower","infinitespire:Starlight"],"relics":["beaked:MendingPlumage","NeowsBlessing","construct:BoolHorns","Golden Idol","PreservedInsect","StoneCalendar"],"acts_visited":["Exordium","theJungle:Jungle"],"potions_floor_usage":[16,18],"damage_taken":[{"damage":0.0,"enemies":"Jaw Worm","floor":1.0,"turns":1.0},{"damage":0.0,"enemies":"2 Louse","floor":5.0,"turns":1.0},{"damage":0.0,"enemies":"3 Sentries","floor":7.0,"turns":2.0},{"damage":8.0,"enemies":"Cultist","floor":9.0,"turns":8.0},{"damage":45.0,"enemies":"conspire:MimicChest","floor":12.0,"turns":10.0},{"damage":10.0,"enemies":"Cultist","floor":13.0,"turns":5.0},{"damage":84,"enemies":"Hexaghost","floor":16,"turns":11},{"damage":31,"enemies":"theJungle:GiantWrat","floor":18,"turns":7},{"damage":57,"enemies":"theJungle:MUSHROOMGANG","floor":19,"turns":7},{"damage":32,"enemies":"theJungle:SlimyTreeVines","floor":21,"turns":7},{"damage":0,"enemies":"theJungle:Lyon","floor":24,"turns":1}],"seed_played":"-2366114900543189232","potions_obtained":[{"floor":4.0,"key":"Doom Potion"},{"floor":4.0,"key":"SpeedPotion"},{"floor":4.0,"key":"Regen Potion"},{"floor":12.0,"key":"BlessingOfTheForge"},{"floor":16,"key":"infinitespire:BlackPotion"}],"is_trial":false,"path_per_floor":["M","?","?","?","M","R","E","R","MIM","R","?","?","M","$","R","B",null,"M","M","AVR","M","?","R","M"],"character_chosen":"BEAKED_THE_CULTIST","items_purchased":["StoneCalendar"],"campfire_rested":1,"item_purchase_floors":[14],"current_hp_per_floor":[50,50,50,50,50,50,50,50,50,50,50,41,50,50,50,4,55,42,10,10,20,10,26,30,30],"gold":192,"neow_bonus":"THREE_ENEMY_KILL","is_daily":false,"chose_seed":false,"campfire_upgraded":4,"win_rate":0.0,"timestamp":1609649762,"path_taken":["M","?","?","?","?","R","E","R","MIM","R","?","?","M","$","R","BOSS","M","M","AVR","M","?","R","M"],"items_purchased_type":["Relic"],"build_version":"2020-12-22","purchased_purges":1,"victory":false,"max_hp_per_floor":[50,50,50,50,50,50,50,50,50,50,50,55,55,55,55,55,55,55,55,55,55,55,55,55,55],"card_choices":[{"not_picked":["beaked:Windmill","beaked:Overexert"],"picked":"beaked:BraceForImpact","floor":1.0},{"not_picked":["beaked:SacrificialAttack","beaked:SurvivalInstinct"],"picked":"beaked:Cower","floor":5.0},{"not_picked":["beaked:Negation","beaked:DigDeeper"],"picked":"beaked:Tweet","floor":7.0},{"not_picked":["beaked:Tweet","beaked:Resilience"],"picked":"beaked:VigorBurst","floor":12.0},{"not_picked":["beaked:WarriorEssence","beaked:HuntressSpirit"],"picked":"beaked:StickSmack","floor":13.0},{"not_picked":["beaked:DarkTribute","beaked:Brainwash"],"picked":"beaked:Sacrifice","floor":16},{"not_picked":["beaked:Tradeoff","beaked:Daydream","beaked:Cower+1"],"picked":"SKIP","floor":18},{"not_picked":["beaked:Foresight+1","beaked:Poke"],"picked":"beaked:Overpower","floor":19},{"not_picked":["beaked:Cower","beaked:Daydream","beaked:HuntressEssence"],"picked":"SKIP","floor":21}],"player_experience":240549,"relics_obtained":[{"floor":7.0,"key":"construct:BoolHorns"},{"floor":12.0,"key":"PreservedInsect"}],"event_choices":[{"damage_healed":0.0,"max_hp_gain":0.0,"max_hp_loss":0.0,"gold_gain":0.0,"event_name":"conspire:LoneGhost","player_choice":"Argue","floor":2.0,"gold_loss":0.0,"damage_taken":0.0},{"damage_healed":0.0,"max_hp_gain":0.0,"max_hp_loss":0.0,"gold_gain":175.0,"event_name":"Liars Game","player_choice":"AGREE","floor":3.0,"gold_loss":0.0,"damage_taken":0.0,"cards_obtained":["Doubt"]},{"damage_healed":0.0,"max_hp_gain":0.0,"max_hp_loss":0.0,"gold_gain":0.0,"event_name":"Lab","player_choice":"Got Potions","floor":4.0,"gold_loss":0.0,"damage_taken":0.0},{"damage_healed":0.0,"max_hp_gain":0.0,"max_hp_loss":0.0,"gold_gain":0.0,"event_name":"Golden Idol","player_choice":"Take Wound","floor":11.0,"gold_loss":0.0,"damage_taken":0.0,"relics_obtained":["Golden Idol"],"cards_obtained":["Injury"]}],"is_beta":false,"boss_relics":[{"not_picked":["Velvet Choker","Sozu","conspire:SeveredTorchhead"]}],"items_purged_floors":[20],"is_endless":false,"potions_floor_spawned":[12,16],"killed_by":"theJungle:Lyon","ascension_level":0}}