{"host":"xurz8oye0j2lsa2k","time":1609710870,"event":{"mods":["AchievementEnabler","BaseMod","Colored Map","Downfall","Hubris","Marisa????????","Minty Spire (QoL Compilation)","Permanent Neow","StSLib"],"gold_per_floor":[119,119,119,132,147,160,186,186,186,199,231,241,254,271,271,370,370,389,407,422,422,438,438,454,454,454,467,467,467],"floor_reached":28,"playtime":5052,"items_purged":[],"score":288,"play_id":"58449693-ad83-4aa3-950f-e680d28ce4b2","local_time":"20210103165430","is_ascension_mode":false,"campfire_choices":[{"data":"MagicChant","floor":8,"key":"SMITH"},{"floor":15,"key":"REST"},{"data":"MysteriousBeam","floor":23,"key":"SMITH"},{"data":"LuminesStrike","floor":25,"key":"SMITH"}],"circlet_count":0,"master_deck":["Strike_MRS","Strike_MRS","Strike_MRS","Strike_MRS","Defend_MRS","Defend_MRS","Defend_MRS","Defend_MRS","MasterSpark","UpSweep+1","NonDirectionalLaser","MilkyWay","LuminesStrike+1","MagicChant+1","LuminesStrike","AlicesGift","BlazeAway","MysteriousBeam+1","PowerUp","PowerUp","UltimateShortwave","ShootingEcho+1","GasGiant","Writhe","StarBarrage+1"],"relics":["MiniHakkero","NeowsBlessing","HornCleat","Unceasing Top","hubris:SphereOfDissonance","hubris:VirtuousBlindfold","Pantograph","Matryoshka"],"acts_visited":["Exordium","TheCity"],"potions_floor_usage":[6,7,14,24,27,27],"damage_taken":[{"damage":0,"enemies":"2 Louse","floor":1,"turns":1},{"damage":0,"enemies":"Jaw Worm","floor":4,"turns":1},{"damage":0,"enemies":"Cultist","floor":5,"turns":1},{"damage":8,"enemies":"Lots of Slimes","floor":6,"turns":2},{"damage":14,"enemies":"Gremlin Nob","floor":7,"turns":3},{"damage":16,"enemies":"Large Slime","floor":10,"turns":4},{"damage":4,"enemies":"3 Sentries","floor":11,"turns":5},{"damage":10,"enemies":"Looter","floor":12,"turns":2},{"damage":7,"enemies":"Blue Slaver","floor":13,"turns":2},{"damage":0,"enemies":"Red Slaver","floor":14,"turns":1},{"damage":0,"enemies":"Slime Boss","floor":16,"turns":5},{"damage":10,"enemies":"2 Thieves","floor":18,"turns":3},{"damage":3,"enemies":"Chosen","floor":19,"turns":3},{"damage":16,"enemies":"Snake Plant","floor":20,"turns":2},{"damage":0,"enemies":"Snecko","floor":22,"turns":2},{"damage":3,"enemies":"Chosen and Byrds","floor":24,"turns":4},{"damage":10,"enemies":"Snake Plant","floor":27,"turns":2},{"damage":39,"enemies":"Slavers","floor":28,"turns":3}],"seed_played":"7646915193149081322","potions_obtained":[{"floor":1,"key":"BottledSpark"},{"floor":3,"key":"LiquidBronze"},{"floor":3,"key":"hexamod:EctoCoolerPotion"},{"floor":12,"key":"BottledSpark"},{"floor":14,"key":"ShroomBrew"},{"floor":16,"key":"Weak Potion"},{"floor":18,"key":"BottledSpark"}],"is_trial":false,"path_per_floor":["M","?","?","M","M","M","E","R","T","M","E","M","M","M","R","B",null,"M","M","M","?","M","R","M","R","T","M","E"],"character_chosen":"MARISA","items_purchased":[],"campfire_rested":1,"item_purchase_floors":[],"current_hp_per_floor":[75,75,75,75,75,67,53,53,53,37,33,23,16,16,38,38,75,65,62,46,46,46,46,43,43,43,33,0,0],"gold":467,"neow_bonus":"THREE_ENEMY_KILL","is_daily":false,"chose_seed":false,"campfire_upgraded":3,"win_rate":0.0,"timestamp":1609710870,"path_taken":["M","?","?","M","?","?","E","R","T","M","E","M","M","M","R","BOSS","M","M","M","?","M","R","M","R","T","M","E"],"items_purchased_type":[],"build_version":"2020-12-22","purchased_purges":0,"victory":false,"max_hp_per_floor":[75,75,75,75,75,75,75,75,75,75,75,75,75,75,75,75,75,75,75,75,75,75,75,75,75,75,75,75,75],"card_choices":[{"not_picked":["MeteoricShower","WitchLeyline"],"picked":"NonDirectionalLaser","floor":1},{"not_picked":["Acceleration","PowerUp"],"picked":"MilkyWay","floor":4},{"not_picked":["Occultation","ManaConvection"],"picked":"LuminesStrike","floor":5},{"not_picked":["UnstableBomb","MeteoricShower"],"picked":"MagicChant","floor":6},{"not_picked":["IllusionStar","Acceleration"],"picked":"LuminesStrike","floor":7},{"not_picked":["MysteriousBeam","Occultation"],"picked":"AlicesGift","floor":10},{"not_picked":["OrrerysSun","MilkyWay"],"picked":"BlazeAway","floor":11},{"not_picked":["GalacticHalo","6A"],"picked":"MysteriousBeam","floor":12},{"not_picked":["BinaryStars","NonDirectionalLaser"],"picked":"PowerUp","floor":13},{"not_picked":["MilkyWay","DoubleSpark"],"picked":"PowerUp","floor":14},{"not_picked":["CasketOfStar","SuperNova"],"picked":"UltimateShortwave","floor":16},{"not_picked":["OneTimeOff","MagicChant+1"],"picked":"ShootingEcho+1","floor":18},{"not_picked":["DoubleSpark","OpenUniverse","MeteoricShower"],"picked":"SKIP","floor":19},{"not_picked":["SuperPerseids","EnergyRecoil"],"picked":"GasGiant","floor":20},{"not_picked":["RefractionSpark","MagicChant","DoubleSpark+1"],"picked":"SKIP","floor":22},{"not_picked":["DarkMatter","6A+1"],"picked":"StarBarrage+1","floor":24},{"not_picked":["Robbery","GalacticHalo","DC"],"picked":"SKIP","floor":27}],"player_experience":491553,"relics_obtained":[{"floor":7,"key":"HornCleat"},{"floor":9,"key":"Unceasing Top"},{"floor":11,"key":"hubris:SphereOfDissonance"},{"floor":26,"key":"Matryoshka"}],"event_choices":[{"damage_healed":0,"gold_gain":0,"player_choice":"Got Potions","damage_taken":0,"max_hp_gain":0,"max_hp_loss":0,"event_name":"Lab","floor":3,"gold_loss":0},{"damage_healed":0,"gold_gain":0,"player_choice":"Opened","damage_taken":0,"relics_obtained":["Pantograph"],"max_hp_gain":0,"max_hp_loss":0,"event_name":"The Mausoleum","floor":21,"gold_loss":0,"cards_obtained":["Writhe"]}],"is_beta":false,"boss_relics":[{"not_picked":["Empty Cage","Cursed Key"],"picked":"hubris:VirtuousBlindfold"}],"items_purged_floors":[],"is_endless":false,"potions_floor_spawned":[1,12,14,16,18],"killed_by":"Slavers","ascension_level":0}}