{"host":"raai0vtvcfkt8csp","time":1609708439,"event":{"mods":["2.2 Compatiblity","BaseMod","Beaked The Cultist","Block Reminder","DeckTracker","Defective Defect","GifTheSpireLib","Minty Spire (QoL Compilation)","Quick Restart","Random Character Button","Rare Cards Sparkle","StSLib","Unceasing Turn Reminder"],"gold_per_floor":[109,109,109,109,122,149,161,193,193,227,241,253,253,310,310,406,406,425,425,425,425,441,441,441],"floor_reached":23,"playtime":1234,"items_purged":[],"score":271,"play_id":"041a7810-2ba1-45c2-a498-d6cd2d937de8","local_time":"20210103221359","is_ascension_mode":true,"campfire_choices":[{"data":"beaked:Ceremony","floor":15,"key":"SMITH"}],"circlet_count":0,"master_deck":["beaked:Strike_Y","beaked:Strike_Y","beaked:Strike_Y","beaked:Strike_Y","beaked:Strike_Y","beaked:Defend_Y","beaked:Defend_Y","beaked:Defend_Y","beaked:Defend_Y","beaked:Ceremony","beaked:Ceremony+1","beaked:Ceremony","beaked:VigorBurst","beaked:WindBringer","beaked:AwakenedForm","beaked:Molting","beaked:BloodForTheGods","beaked:WarriorEssence","beaked:CursingBlood","beaked:DigDeeper","beaked:DigDeep","beaked:KnowThyFoe","beaked:Brace","beaked:DesperateSwing","beaked:SurvivalInstinct"],"relics":["beaked:MendingPlumage","NeowsBlessing","Letter Opener","FaceOfCleric","CultistMask","Kunai","Happy Flower","Dream Catcher","MealTicket","Philosopher\u0027s Stone","Nilry\u0027s Codex"],"acts_visited":["Exordium","TheCity"],"potions_floor_usage":[14,22,23,23,23],"damage_taken":[{"damage":0,"enemies":"Small Slimes","floor":1,"turns":1},{"damage":0,"enemies":"2 Louse","floor":5,"turns":2},{"damage":0,"enemies":"Gremlin Nob","floor":6,"turns":1},{"damage":10,"enemies":"Cultist","floor":7,"turns":4},{"damage":35,"enemies":"Lagavulin","floor":8,"turns":10},{"damage":45,"enemies":"3 Sentries","floor":10,"turns":7},{"damage":22,"enemies":"Looter","floor":11,"turns":5},{"damage":14,"enemies":"2 Fungi Beasts","floor":12,"turns":6},{"damage":100,"enemies":"3 Sentries","floor":14,"turns":12},{"damage":47,"enemies":"The Guardian","floor":16,"turns":13},{"damage":65,"enemies":"Shell Parasite","floor":18,"turns":7},{"damage":88,"enemies":"3 Byrds","floor":22,"turns":9},{"damage":117,"enemies":"Slavers","floor":23,"turns":6}],"seed_played":"4958218537274486732","potions_obtained":[{"floor":5,"key":"Energy Potion"},{"floor":8,"key":"FearPotion"},{"floor":11,"key":"BlessingOfTheForge"},{"floor":14,"key":"ColorlessPotion"},{"floor":16,"key":"beaked:MendingBrew"},{"floor":22,"key":"SteroidPotion"}],"is_trial":false,"path_per_floor":["M","?","?","?","M","E","M","E","T","E","M","M","?","?","R","B",null,"M","?","?","?","M","E"],"character_chosen":"BEAKED_THE_CULTIST","items_purchased":[],"campfire_rested":0,"item_purchase_floors":[],"current_hp_per_floor":[55,60,48,48,54,56,59,54,54,52,66,67,67,68,68,68,69,61,61,45,45,47,0,0],"gold":441,"neow_bonus":"THREE_ENEMY_KILL","is_daily":false,"chose_seed":false,"campfire_upgraded":1,"win_rate":0.0,"timestamp":1609708439,"path_taken":["M","?","?","?","M","E","?","E","T","E","M","M","?","?","R","BOSS","M","?","?","?","?","E"],"items_purchased_type":[],"build_version":"2020-12-22","purchased_purges":0,"victory":false,"max_hp_per_floor":[55,60,60,60,61,62,63,64,64,65,66,67,67,68,68,69,69,70,70,70,70,71,71,71],"card_choices":[{"not_picked":["beaked:Daydream","beaked:BraceForImpact"],"picked":"beaked:VigorBurst","floor":1},{"not_picked":["beaked:SacrificialAttack","beaked:BounceBack"],"picked":"beaked:WindBringer","floor":5},{"not_picked":["beaked:Evade","beaked:SacrificialAttack"],"picked":"beaked:AwakenedForm","floor":6},{"not_picked":["beaked:BraceForImpact","beaked:Cower"],"picked":"beaked:Molting","floor":7},{"not_picked":["beaked:BarbedWire","beaked:Hexing"],"picked":"beaked:BloodForTheGods","floor":8},{"not_picked":["beaked:HuntressEssence","beaked:Molting"],"picked":"beaked:WarriorEssence","floor":10},{"not_picked":["beaked:Redirect","beaked:MimicHuntress"],"picked":"beaked:CursingBlood","floor":11},{"not_picked":["beaked:Tweet","beaked:Cower"],"picked":"beaked:DigDeeper","floor":12},{"not_picked":["beaked:RuinSticks","beaked:Roost"],"picked":"beaked:DigDeep","floor":14},{"not_picked":["beaked:MachineEssence","beaked:Sacrifice"],"picked":"beaked:KnowThyFoe","floor":16},{"not_picked":["beaked:FeelMyPain","beaked:CursingBlood"],"picked":"beaked:Brace","floor":18},{"not_picked":["beaked:WarriorEssence","beaked:Molting+1"],"picked":"beaked:SurvivalInstinct","floor":22}],"player_experience":655857,"relics_obtained":[{"floor":6,"key":"Kunai"},{"floor":8,"key":"Happy Flower"},{"floor":10,"key":"Dream Catcher"},{"floor":20,"key":"Nilry\u0027s Codex"}],"event_choices":[{"damage_healed":0,"gold_gain":0,"player_choice":"Donut","damage_taken":0,"max_hp_gain":5,"max_hp_loss":0,"event_name":"Big Fish","floor":2,"gold_loss":0},{"damage_healed":0,"gold_gain":0,"player_choice":"Success","damage_taken":12,"relics_obtained":["Letter Opener"],"max_hp_gain":0,"max_hp_loss":0,"event_name":"Scrap Ooze","floor":3,"gold_loss":0},{"damage_healed":0,"gold_gain":0,"player_choice":"Trade","damage_taken":0,"relics_obtained":["FaceOfCleric"],"max_hp_gain":0,"max_hp_loss":0,"event_name":"FaceTrader","floor":4,"gold_loss":0},{"damage_healed":0,"gold_gain":0,"player_choice":"Ignored","damage_taken":0,"max_hp_gain":0,"max_hp_loss":0,"event_name":"Liars Game","floor":13,"gold_loss":0},{"damage_healed":0,"gold_gain":30,"player_choice":"Searched \u00273\u0027 times","damage_taken":0,"relics_obtained":["MealTicket"],"max_hp_gain":0,"max_hp_loss":0,"event_name":"Dead Adventurer","floor":14,"gold_loss":0},{"damage_healed":0,"gold_gain":0,"player_choice":"Ignored","damage_taken":0,"max_hp_gain":0,"max_hp_loss":0,"event_name":"Beggar","floor":19,"gold_loss":0},{"damage_healed":0,"gold_gain":0,"player_choice":"Obtained Book","damage_taken":16,"max_hp_gain":0,"max_hp_loss":0,"event_name":"Cursed Tome","floor":20,"gold_loss":0},{"damage_healed":0,"gold_gain":0,"cards_transformed":["beaked:Strike_Y"],"player_choice":"Transformed","damage_taken":0,"max_hp_gain":0,"max_hp_loss":0,"event_name":"Transmorgrifier","floor":21,"gold_loss":0,"cards_obtained":["beaked:DesperateSwing"]}],"is_beta":false,"boss_relics":[{"not_picked":["Busted Crown","Empty Cage"],"picked":"Philosopher\u0027s Stone"}],"items_purged_floors":[],"is_endless":false,"potions_floor_spawned":[5,8,11,14,16,22],"killed_by":"Slavers","ascension_level":1}}