{"host":"odz7g4gpgch153rb","time":1609697483,"event":{"mods":["AchievementEnabler","BaseMod","Better Match","Better Third Choice","BetterRewards","GifTheSpireLib","Infinite Spire","Jedi Mod","Minty Spire (QoL Compilation)","Quick Restart","Replay The Spire","Spikes Relics","StSLib","Stuff the Spire","The Blue Laboratory","Trackpad"],"gold_per_floor":[114,60,60,77,77,77,97,97,97,22,146,146,146,146,146,224,224,236,236,254,254,254,254,265,92,92,92,110,242,242,242,242,316,316,333,333,333,349,367,487,507,635,661,674,687,687,687,703,703,703,703],"floor_reached":52,"playtime":860,"items_purged":["Strike_R","Defend_R","Defend_R"],"score":2981,"play_id":"440ba841-3c76-4c72-9166-91187e85cc13","local_time":"20210103131123","is_ascension_mode":true,"campfire_choices":[{"data":"Cleave","floor":6,"key":"SMITH"},{"data":"Bash","floor":8,"key":"SMITH"},{"data":"Iron Wave","floor":12,"key":"SMITH"},{"data":"Strike_R","floor":15,"key":"SMITH"},{"data":"Feed","floor":23,"key":"SMITH"},{"data":"Perfected Strike","floor":27,"key":"SMITH"},{"data":"Strike_R","floor":30,"key":"SMITH"},{"data":"Strike_R","floor":32,"key":"SMITH"},{"floor":46,"key":"RECALL"},{"floor":49,"key":"REST"}],"circlet_count":0,"master_deck":["AscendersBane","Strike_R+1","Strike_R+1","Strike_R+1","Bash+1","Sword Boomerang+1","Cleave+1","Iron Wave+1","Feed+1","Perfected Strike+1","Decay","Sword Boomerang+1","Pot Of Greed"],"relics":["Burning Blood","FossilizedHelix","Lee\u0027s Waffle","trackpad:BerserkersDraught","StuffTheSpire:TintedRock","Shuriken","Lizard Tail","MealTicket","Ooze Armor","trackpad:BottledShadow","Replay:Baseball","GolemAmulet","Gambling Chip","Busted Crown","Darkstone Periapt","Grinning Jar","Strawberry"],"acts_visited":["Exordium","TheCity","TheBeyond"],"potions_floor_usage":[1],"damage_taken":[{"damage":0,"enemies":"2 Louse","floor":1,"turns":2},{"damage":0,"enemies":"Jaw Worm","floor":4,"turns":2},{"damage":0,"enemies":"Cultist","floor":7,"turns":1},{"damage":0,"enemies":"3 Sentries","floor":11,"turns":2},{"damage":18,"enemies":"The Guardian","floor":16,"turns":3},{"damage":0,"enemies":"Spheric Guardian","floor":18,"turns":1},{"damage":0,"enemies":"2 Thieves","floor":20,"turns":1},{"damage":0,"enemies":"Shelled Parasite and Fungi","floor":24,"turns":1},{"damage":0,"enemies":"3 Cultists","floor":28,"turns":2},{"damage":0,"enemies":"Slavers","floor":29,"turns":1},{"damage":0,"enemies":"Collector","floor":33,"turns":2},{"damage":0,"enemies":"3 Shapes","floor":35,"turns":1},{"damage":0,"enemies":"Orb Walker","floor":38,"turns":1},{"damage":0,"enemies":"Maw","floor":39,"turns":1},{"damage":0,"enemies":"Nemesis","floor":40,"turns":1},{"damage":0,"enemies":"Spire Growth","floor":41,"turns":1},{"damage":0,"enemies":"Reptomancer","floor":42,"turns":1},{"damage":0,"enemies":"Writhing Mass","floor":44,"turns":1},{"damage":0,"enemies":"Sphere and 2 Shapes","floor":45,"turns":1},{"damage":0,"enemies":"3 Darklings","floor":48,"turns":1},{"damage":0,"enemies":"Awakened One","floor":50,"turns":2},{"damage":0,"enemies":"Donu and Deca","floor":51,"turns":1}],"seed_played":"-6407141679368684797","potions_obtained":[{"floor":11,"key":"Swift Potion"},{"floor":29,"key":"AttackPotion"}],"is_trial":false,"path_per_floor":["M","$","?","M","?","R","M","R","T","?","E","R","$","?","R","B",null,"M","?","M","?","T","R","M","$","T","R","M","E","R","?","R","B",null,"M","?","?","M","M","E","M","E","T","M","M","R","?","M","R","B","B",null],"character_chosen":"IRONCLAD","items_purchased":["Lee\u0027s Waffle","StuffTheSpire:TintedRock","Shuriken","blueLaboratory:FruitPunch","Cleave","Replay:Baseball"],"campfire_rested":1,"item_purchase_floors":[0,0,0,0,2,25],"current_hp_per_floor":[84,84,84,84,84,84,84,84,84,84,84,84,84,84,84,72,81,84,84,84,84,84,84,88,88,88,88,92,92,92,92,92,92,92,96,96,96,96,96,96,96,96,103,103,107,107,107,107,107,111,111],"gold":703,"neow_bonus":"","is_daily":false,"chose_seed":false,"campfire_upgraded":8,"win_rate":0.0,"timestamp":1609697483,"path_taken":["M","$","?","M","?","R","?","R","T","?","E","R","$","?","R","BOSS","M","?","?","?","?","R","M","$","T","R","M","E","R","?","R","BOSS","M","?","?","M","?","E","M","E","T","M","?","R","?","M","R","BOSS","BOSS"],"items_purchased_type":["Relic","Relic","Relic","Potion","Card","Relic"],"build_version":"2020-12-22","purchased_purges":3,"victory":true,"max_hp_per_floor":[84,84,84,84,84,84,84,84,84,84,84,84,84,84,84,84,84,84,84,84,84,84,84,88,88,88,88,92,92,92,92,92,92,92,96,96,96,96,96,96,96,96,103,103,107,107,107,107,107,111,111],"card_choices":[{"not_picked":["Pommel Strike","Replay:Undeath\u0027s Touch"],"picked":"Sword Boomerang","floor":1},{"not_picked":["ReplayTheSpireMod:Strike From Hell","Armaments","Searing Blow"],"picked":"SKIP","floor":4},{"not_picked":["Sword Boomerang","ReplayTheSpireMod:Muscle Training","Limit Break"],"picked":"SKIP","floor":7},{"not_picked":["Hemokinesis","Rampage"],"picked":"Iron Wave","floor":11},{"not_picked":["Bludgeon","Eclipse"],"picked":"Feed","floor":16},{"not_picked":["Flex","Armaments"],"picked":"Perfected Strike","floor":18},{"not_picked":["ReplayTheSpireMod:Strike From Hell","StuffTheSpire:Slingshot","Heavy Blade"],"picked":"SKIP","floor":20},{"not_picked":["True Grit+1","Armaments","Warcry+1"],"picked":"SKIP","floor":24},{"not_picked":["Run Through","Whirlwind","Reckless Charge"],"picked":"SKIP","floor":28},{"not_picked":["Body Slam","Intimidate","Ghostly Armor"],"picked":"SKIP","floor":29},{"not_picked":["Havoc+1"],"picked":"SKIP","floor":35},{"not_picked":["jedi:fear"],"picked":"SKIP","floor":38},{"not_picked":["Armaments"],"picked":"SKIP","floor":39},{"not_picked":["BarbarianYell+1"],"picked":"SKIP","floor":40},{"not_picked":["Impervious"],"picked":"SKIP","floor":41},{"not_picked":["ReplayTheSpireMod:Strike From Hell"],"picked":"SKIP","floor":42},{"not_picked":["Thunderclap"],"picked":"SKIP","floor":44},{"not_picked":["Pommel Strike"],"picked":"SKIP","floor":45},{"not_picked":["Feel No Pain"],"picked":"SKIP","floor":48}],"player_experience":992323,"relics_obtained":[{"floor":9,"key":"Lizard Tail"},{"floor":11,"key":"MealTicket"},{"floor":22,"key":"trackpad:BottledShadow"},{"floor":26,"key":"GolemAmulet"},{"floor":29,"key":"Gambling Chip"},{"floor":40,"key":"Darkstone Periapt"},{"floor":42,"key":"Grinning Jar"},{"floor":43,"key":"Strawberry"}],"event_choices":[{"damage_healed":0,"gold_gain":0,"player_choice":"Forge","damage_taken":0,"max_hp_gain":0,"max_hp_loss":0,"event_name":"Accursed Blacksmith","floor":5,"gold_loss":0,"cards_upgraded":["Sword Boomerang"]},{"cards_removed":["Defend_R"],"damage_healed":0,"gold_gain":0,"player_choice":"Card Removal","damage_taken":0,"max_hp_gain":0,"max_hp_loss":0,"event_name":"The Cleric","floor":10,"gold_loss":75},{"cards_removed":["Defend_R"],"damage_healed":0,"gold_gain":0,"player_choice":"Forget","damage_taken":0,"max_hp_gain":0,"max_hp_loss":0,"event_name":"Living Wall","floor":14,"gold_loss":0},{"damage_healed":0,"gold_gain":0,"player_choice":"Cursed","damage_taken":0,"max_hp_gain":0,"max_hp_loss":0,"event_name":"Wheel of Change","floor":19,"gold_loss":0,"cards_obtained":["Decay"]},{"cards_removed":["Strike_R"],"damage_healed":0,"gold_gain":0,"player_choice":"Removed Attack","damage_taken":0,"max_hp_gain":0,"max_hp_loss":0,"event_name":"Falling","floor":36,"gold_loss":0},{"damage_healed":0,"gold_gain":0,"player_choice":"Copied","damage_taken":0,"max_hp_gain":0,"max_hp_loss":0,"event_name":"Duplicator","floor":37,"gold_loss":0,"cards_obtained":["Sword Boomerang"]},{"cards_removed":["Pot Of Greed"],"damage_healed":5,"gold_gain":0,"player_choice":"Offered Special","damage_taken":0,"max_hp_gain":0,"max_hp_loss":0,"event_name":"Bonfire Elementals","floor":47,"gold_loss":0}],"is_beta":false,"boss_relics":[{"not_picked":["StuffTheSpire:RunicHypercube","jedi:battlestandard"],"picked":"Ooze Armor"},{"not_picked":["ChewingGum","trackpad:Coffee"],"picked":"Busted Crown"}],"items_purged_floors":[0,0,0],"is_endless":false,"potions_floor_spawned":[1,7,11,20,29,33,39,40,42,44,48],"ascension_level":20}}