{"host":"5yjvsohl6z99blyx","time":1609703178,"event":{"mods":["BaseMod","Better Altar","Better Match","Better Note","Better Sensory Stone","Better Skull","Better Third Choice","Better Vampires","BetterRewards","Colored Map","Colored Powertips","Defuse TimeMaze Blight","Downfall","Emptier Cage","Energized Spire","Highlight Path","Hubris","Minty Spire (QoL Compilation)","Permanent Neow","Quick Restart","Relic Filter","Replay The Spire","Shop Mod","StSLib","Transform Curses","Uncapped"],"gold_per_floor":[114,114,114,189,45,45,71,81,107,107,124,153,153,171,171,274,274,287,287,301,226,501,533,547,578,578,578,612,612,624,246,246,350,350,367,367,367,3,13,13,13,13,13,44,62,62,79,0,39,39,39,39,30,55,55],"floor_reached":56,"playtime":3813,"items_purged":["Strike_P","Strike_P"],"score":1357,"play_id":"fbec9dec-f611-4b62-8391-819a30a10863","local_time":"20210103204618","is_ascension_mode":true,"campfire_choices":[{"data":"Eruption","floor":6.0,"key":"SMITH"},{"floor":10.0,"key":"REST"},{"data":"Vigilance","floor":15.0,"key":"SMITH"},{"floor":29.0,"key":"REST"},{"floor":32.0,"key":"RECALL"},{"data":"Apotheosis","floor":40.0,"key":"SMITH"},{"data":"Worship","floor":42.0,"key":"SMITH"},{"data":"Replay:AtTheReady","floor":52.0,"key":"SMITH"}],"circlet_count":0,"master_deck":["Strike_P","Strike_P","Defend_P","Defend_P","Defend_P","Defend_P","Eruption+1","Vigilance+1","Consecrate+1","Protect","PathToVictory","PathToVictory","Wireheading","Parasite","Replay:LoomingThreat","Collect","PathToVictory","Evaluate","Meditate+1","Eruption","Evaluate","CutThroughFate","Panache","Replay:LoomingThreat","Sanctity+1","Replay:AtTheReady+1","Pray+1","Apotheosis+1","Worship+1","Replay:AtTheReady+1","Wireheading","ReplayTheSpireMod:Splinters","expansioncontent:CaCaw","Ragnarok"],"relics":["PureWater","Guardian:PocketSentry","Blue Candle","Regal Pillow","hubris:MysteriousPyramids","Blood Vial","hubris:TinFlute","Velvet Choker","Spirit Poop","Replay:WaspNest","Replay:Rubber Ducky","Replay:Ringing Soul","hubris:SphereOfDissonance","ReplayTheSpireMod:ShopPack","Singing Bowl","energizedSpire:StickyHand","BargainBundle","hubris:Towel","Replay:Mystery Machine","Strawberry","Red Mask","ReplayTheSpireMod:CursedCoin","hubris:BottledRain"],"acts_visited":[],"potions_floor_usage":[],"damage_taken":[{"damage":5.0,"enemies":"Small Slimes","floor":1.0,"turns":4.0},{"damage":53.0,"enemies":"Lagavulin","floor":7.0,"turns":7.0},{"damage":0.0,"enemies":"Jaw Worm","floor":8.0,"turns":3.0},{"damage":0.0,"enemies":"2 Louse","floor":11.0,"turns":1.0},{"damage":2.0,"enemies":"Replay:BlueRogue","floor":12.0,"turns":4.0},{"damage":3.0,"enemies":"Looter","floor":14.0,"turns":2.0},{"damage":6.0,"enemies":"The Guardian","floor":16.0,"turns":7.0},{"damage":14.0,"enemies":"Shell Parasite","floor":18.0,"turns":6.0},{"damage":2.0,"enemies":"3 Byrds","floor":20.0,"turns":5.0},{"damage":17.0,"enemies":"Slavers","floor":23.0,"turns":4.0},{"damage":1.0,"enemies":"Centurion and Healer","floor":24.0,"turns":6.0},{"damage":10.0,"enemies":"Replay:Snechameleon","floor":25.0,"turns":5.0},{"damage":20.0,"enemies":"Gremlin Leader","floor":28.0,"turns":6.0},{"damage":11.0,"enemies":"Snake Plant","floor":30.0,"turns":3.0},{"damage":61.0,"enemies":"Champ","floor":33.0,"turns":9.0},{"damage":0.0,"enemies":"3 Shapes","floor":35.0,"turns":5.0},{"damage":14.0,"enemies":"Orb Walker","floor":39.0,"turns":4.0},{"damage":1.0,"enemies":"Giant Head","floor":44.0,"turns":8.0},{"damage":4.0,"enemies":"Spire Growth","floor":45.0,"turns":4.0},{"damage":14.0,"enemies":"3 Darklings","floor":47.0,"turns":4.0},{"damage":22.0,"enemies":"hubris:GrandSnecko","floor":50.0,"turns":11.0},{"damage":26.0,"enemies":"Shield and Spear","floor":54.0,"turns":6.0},{"damage":72,"enemies":"The Heart","floor":55,"turns":8}],"seed_played":"-2482043906482766099","potions_obtained":[{"floor":7.0,"key":"sneckomod:MuddlingPotion"},{"floor":8.0,"key":"Dexterity Potion"},{"floor":12.0,"key":"sneckomod:MuddlingPotion"},{"floor":14.0,"key":"Swift Potion"},{"floor":18.0,"key":"sneckomod:MuddlingPotion"},{"floor":25.0,"key":"Regen Potion"},{"floor":33.0,"key":"SpeedPotion"},{"floor":35.0,"key":"hexamod:EctoCoolerPotion"},{"floor":44.0,"key":"Strength Potion"},{"floor":47.0,"key":"LiquidMemories"},{"floor":49.0,"key":"SmokeBomb"}],"is_trial":false,"path_per_floor":["M","?","T","?","$","R","E","M","T","R","M","E","?","M","R","B",null,"M","?","M","$","?","E","M","E","T","?","E","R","M","$","R_BF","B",null,"M","?","?","$","M","R","?","R","T","E","M","?","M","?","R_BF","B",null,"R","$","E","B",null],"character_chosen":"WATCHER","items_purchased":["Consecrate+1","Regal Pillow","ReplayTheSpireMod:ShopPack","Singing Bowl","Apotheosis","BargainBundle","Worship","Replay:AtTheReady","Wireheading","CultistPotion","ReplayTheSpireMod:CursedCoin","expansioncontent:CaCaw","Ragnarok"],"campfire_rested":2,"item_purchase_floors":[0,5,31,31,38,38,38,38,38,38,53,53,53],"current_hp_per_floor":[67,67,67,56,56,56,3,3,3,39,41,41,59,58,58,54,72,58,58,58,58,58,43,44,36,36,39,39,77,70,77,77,21,91,94,89,89,92,80,80,80,80,80,83,83,90,80,80,56,36,109,109,112,88,18],"gold":55,"neow_bonus":"","is_daily":false,"chose_seed":false,"campfire_upgraded":5,"win_rate":0.0,"timestamp":1609703178,"path_taken":["M","?","?","?","$","R","E","M","T","R","M","E","?","M","R","BOSS","M","?","M","$","?","E","M","E","T","?","E","R","M","$","R_BF","BOSS","M","?","?","$","?","R","?","R","T","E","M","?","?","?","R_BF","BOSS","R","$","E","BOSS"],"items_purchased_type":["Card","Relic","Relic","Relic","Card","Relic","Card","Card","Card","Potion","Relic","Card","Card"],"build_version":"2020-12-22","purchased_purges":2,"victory":true,"max_hp_per_floor":[72,72,72,72,72,72,72,72,72,72,72,72,72,72,72,72,72,72,72,72,72,72,72,72,72,72,75,78,78,81,88,88,91,91,94,89,89,92,94,94,94,94,94,96,98,105,107,107,109,109,109,109,112,114,114],"card_choices":[{"not_picked":["ThirdEye","ForeignInfluence"],"picked":"Protect","floor":1.0},{"not_picked":["Weave","Replay:LoomingThreat"],"picked":"PathToVictory","floor":7.0},{"not_picked":["Vengeance","Perseverance"],"picked":"PathToVictory","floor":8.0},{"not_picked":["Replay:AtTheReady","Replay:BluntJabs"],"picked":"Wireheading","floor":11.0},{"not_picked":["BowlingBash","Replay:BluntJabs"],"picked":"EmptyFist","floor":12.0},{"not_picked":["Replay:Vibes","BowlingBash","Replay:BluntJabs"],"picked":"SKIP","floor":14.0},{"not_picked":["Blasphemy","Vault"],"picked":"Replay:LoomingThreat","floor":16.0},{"not_picked":["JustLucky","WindmillStrike"],"picked":"Collect","floor":18.0},{"not_picked":["Crescendo","Meditate+1"],"picked":"PathToVictory","floor":20.0},{"not_picked":["Replay:AtTheReady","FlurryOfBlows+1"],"picked":"Evaluate","floor":23.0},{"not_picked":["FlyingSleeves","ClearTheMind","ConjureBlade"],"picked":"SKIP","floor":24.0},{"not_picked":["Replay:LoomingThreat","WreathOfFlame"],"picked":"Meditate+1","floor":25.0},{"not_picked":["MentalFortress","Halt"],"picked":"Evaluate","floor":28.0},{"not_picked":["Sanctity","FollowUp"],"picked":"CutThroughFate","floor":30.0},{"not_picked":["Crow Ritual","Thinking Ahead"],"picked":"Panache","floor":31.0},{"not_picked":["Purity","expansioncontent:FaceSlap","PanicButton"],"picked":"Singing Bowl","floor":31.0},{"not_picked":["Dramatic Entrance","Replay:SS_fish_2","ReplayTheSpireMod:Necrogeddon"],"picked":"Singing Bowl","floor":31.0},{"not_picked":["SpiritShield","Brilliance"],"picked":"Replay:LoomingThreat","floor":33.0},{"not_picked":["Sanctity+1","Pray+1"],"picked":"Replay:AtTheReady+1","floor":35.0},{"not_picked":["Protect+1","JustLucky+1","CrushJoints"],"picked":"Singing Bowl","floor":39.0},{"not_picked":["CutThroughFate+1","Meditate","Nirvana"],"picked":"Singing Bowl","floor":44.0},{"not_picked":["FlyingSleeves","BattleHymn+1","Replay:Hum+1"],"picked":"Singing Bowl","floor":45.0},{"not_picked":["FlyingSleeves","TalkToTheHand","Consecrate"],"picked":"Singing Bowl","floor":47.0},{"not_picked":["Replay:ManipulateFuture","SignatureMove","SashWhip+1"],"picked":"Singing Bowl","floor":49.0},{"not_picked":["Adaptation","Replay:Cycle+1","PathToVictory"],"picked":"Singing Bowl","floor":54.0}],"player_experience":190931,"relics_obtained":[{"floor":3.0,"key":"Blue Candle"},{"floor":7.0,"key":"hubris:MysteriousPyramids"},{"floor":9.0,"key":"Blood Vial"},{"floor":12.0,"key":"hubris:TinFlute"},{"floor":23.0,"key":"Replay:WaspNest"},{"floor":25.0,"key":"Replay:Rubber Ducky"},{"floor":26.0,"key":"Replay:Ringing Soul"},{"floor":28.0,"key":"hubris:SphereOfDissonance"},{"floor":44.0,"key":"Replay:Mystery Machine"},{"floor":54.0,"key":"hubris:BottledRain"}],"event_choices":[{"damage_healed":0.0,"max_hp_gain":0.0,"max_hp_loss":0.0,"gold_gain":0.0,"event_name":"Big Fish","player_choice":"Box","floor":2.0,"gold_loss":0.0,"damage_taken":0.0,"relics_obtained":["Guardian:PocketSentry"],"cards_obtained":["Regret"]},{"damage_healed":0.0,"max_hp_gain":0.0,"max_hp_loss":0.0,"gold_gain":75.0,"event_name":"betterThird:BetterGoop","player_choice":"Gold","floor":4.0,"gold_loss":0.0,"damage_taken":11.0},{"damage_healed":18.0,"max_hp_gain":0.0,"max_hp_loss":0.0,"gold_gain":0.0,"event_name":"Mushrooms","player_choice":"Healed and dodged fight","floor":13.0,"gold_loss":0.0,"damage_taken":0.0,"cards_obtained":["Parasite"]},{"cards_removed":["Regret"],"damage_healed":0.0,"max_hp_gain":0.0,"max_hp_loss":0.0,"gold_gain":0.0,"event_name":"Bonfire Elementals","player_choice":"Offered Curse","floor":19.0,"gold_loss":0.0,"damage_taken":0.0,"relics_obtained":["Spirit Poop"]},{"damage_healed":0.0,"max_hp_gain":0.0,"max_hp_loss":0.0,"gold_gain":275.0,"event_name":"Golden Shrine","player_choice":"Desecrate","floor":22.0,"gold_loss":0.0,"damage_taken":0.0,"cards_obtained":["Regret"]},{"cards_removed":["Eruption"],"damage_healed":0.0,"max_hp_gain":0.0,"max_hp_loss":0.0,"gold_gain":0.0,"event_name":"betterNote:BetterNote","player_choice":"Take \u0026 Give","floor":27.0,"gold_loss":0.0,"damage_taken":0.0,"cards_obtained":["Eruption"]},{"damage_healed":0.0,"max_hp_gain":0.0,"max_hp_loss":5.0,"gold_gain":0.0,"event_name":"Winding Halls","player_choice":"Max HP","floor":36.0,"gold_loss":0.0,"damage_taken":0.0},{"cards_removed":["Regret"],"damage_healed":0.0,"max_hp_gain":0.0,"max_hp_loss":0.0,"gold_gain":0.0,"event_name":"Purifier","player_choice":"Purged","floor":37.0,"gold_loss":0.0,"damage_taken":0.0},{"cards_removed":["EmptyFist"],"damage_healed":0.0,"max_hp_gain":0.0,"max_hp_loss":0.0,"gold_gain":0.0,"event_name":"WeMeetAgain","player_choice":"Gave Card","floor":46.0,"gold_loss":0.0,"damage_taken":0.0,"relics_obtained":["Strawberry"]},{"damage_healed":0.0,"max_hp_gain":0.0,"max_hp_loss":0.0,"gold_gain":0.0,"event_name":"Tomb of Lord Red Mask","player_choice":"Paid","floor":48.0,"gold_loss":79.0,"damage_taken":0.0,"relics_obtained":["Red Mask"]}],"is_beta":false,"boss_relics":[{"not_picked":["Runic Dome","Fusion Hammer"],"picked":"Velvet Choker"},{"not_picked":["Sozu","HolyWater"],"picked":"energizedSpire:StickyHand"}],"items_purged_floors":[21,38],"is_endless":false,"potions_floor_spawned":[7,8,12,14,18,25,33,35,44,47],"ascension_level":2}}