{"host":"z9grmtg2w0nmz8n1","time":1609655664,"event":{"mods":["Aspiration","Bard","BaseMod","Beaked The Cultist","Better Altar","Better Match","Better Note","Better Sensory Stone","Better Skull","Better Third Choice","BetterRewards","CCEM","Colored Map","Conspire","Downfall","GifTheSpireLib","Googly Eyes","Halation","Hermit","Highlight Path","Hubris","Hunter ??","Jedi Mod","Jorbs\u0027s Wanderer Trilogy","Mad Scientist","Marisa????????","Minty Spire (QoL Compilation)","Permanent Neow","Replay The Spire","Shade Mod","Shop Mod","Spicy Shops","StSLib","Stuff the Spire","The Bug Knight","The Construct","The Necromancer","The Runesmith","The Witch"],"gold_per_floor":[111,36,36,55,55,55,75,113,113,131,171,187,208,251,251,381,381,399,9,28,28,42,81,81,81,106,139,160,194,217,260,260,379,379,400,414,57,57,81,121,121,152,152,152,152,170,190,233,233,233,233],"floor_reached":50,"playtime":2291,"items_purged":["Strike_B","Strike_B","Strike_B","Strike_B"],"score":792,"play_id":"4c5b48bc-b2ca-4d3c-9489-6c37be2e7725","local_time":"20210103043424","is_ascension_mode":true,"campfire_choices":[{"floor":6,"key":"RECALL"},{"floor":15,"key":"REST"},{"floor":25,"key":"REST"},{"floor":32,"key":"REST"},{"floor":49,"key":"REST"}],"circlet_count":0,"master_deck":["Defend_B","Defend_B+1","Defend_B","Defend_B+1","Zap+1","Dualcast","StuffTheSpire:Plugnplay","Leap","White Noise+1","Ball Lightning","Leap","hubris:Ukulele+1","Leap","Defragment+1","Thunder Strike","Loop+1","Ball Lightning","StuffTheSpire:Perfection","jedi:reiji+1","StuffTheSpire:BrainWave","Conserve Battery+1","Ball Lightning"],"relics":["Cracked Core","hubris:Towel","Golden Idol","hubris:PeanutButter","aspiration:DSix","Carrot","Onion Ring","Fusion Hammer","Bottled Lightning","halation:EternalFortune","hubris:TinFlute","hubris:GlazedTorus","jedi:laserpointer","jedi:crownofsimplicity","aspiration:Stellarator","hubris:RGBLights","Toxic Egg 2","Potion Belt","jedi:shrinkray","jedi:purplefairy"],"acts_visited":["Exordium","TheCity","TheBeyond"],"potions_floor_usage":[8,18,29,29,29,50,50],"damage_taken":[{"damage":2,"enemies":"Small Slimes","floor":1,"turns":3},{"damage":0,"enemies":"Jaw Worm","floor":4,"turns":3},{"damage":7,"enemies":"2 Louse","floor":7,"turns":3},{"damage":7,"enemies":"Gremlin Nob","floor":8,"turns":3},{"damage":0,"enemies":"Gremlin Gang","floor":10,"turns":7},{"damage":22,"enemies":"3 Sentries","floor":11,"turns":8},{"damage":0,"enemies":"2 Fungi Beasts","floor":12,"turns":3},{"damage":0,"enemies":"Looter","floor":13,"turns":4},{"damage":4,"enemies":"Lagavulin","floor":14,"turns":4},{"damage":34,"enemies":"The Guardian","floor":16,"turns":8},{"damage":3,"enemies":"Shell Parasite","floor":18,"turns":5},{"damage":0,"enemies":"Spheric Guardian","floor":20,"turns":3},{"damage":9,"enemies":"3 Cultists","floor":22,"turns":6},{"damage":16,"enemies":"Slavers","floor":23,"turns":5},{"damage":9,"enemies":"Book of Stabbing","floor":27,"turns":5},{"damage":1,"enemies":"Shelled Parasite and Fungi","floor":28,"turns":4},{"damage":14,"enemies":"Slavers","floor":29,"turns":4},{"damage":0,"enemies":"HollowMod:Nosk","floor":31,"turns":5},{"damage":0,"enemies":"conspire:MysteriousRune","floor":33,"turns":6},{"damage":12,"enemies":"3 Shapes","floor":35,"turns":3},{"damage":0,"enemies":"Orb Walker","floor":36,"turns":3},{"damage":0,"enemies":"Transient","floor":39,"turns":5},{"damage":0,"enemies":"Nemesis","floor":40,"turns":3},{"damage":7,"enemies":"R_Hoarder","floor":42,"turns":7},{"damage":18,"enemies":"Writhing Mass","floor":46,"turns":3},{"damage":0,"enemies":"Maw","floor":47,"turns":4},{"damage":28,"enemies":"Nemesis","floor":48,"turns":4},{"damage":27,"enemies":"conspire:OrnateMirror","floor":50,"turns":5}],"seed_played":"8576015758215224581","potions_obtained":[{"floor":4,"key":"jedi:coolantleak"},{"floor":7,"key":"champ:CounterPotion"},{"floor":13,"key":"SpeedPotion"},{"floor":16,"key":"jedi:coolantleak"},{"floor":20,"key":"champ:CounterPotion"},{"floor":28,"key":"Fire Potion"},{"floor":29,"key":"Elixir"},{"floor":33,"key":"SpeedPotion"},{"floor":35,"key":"Doom Potion"},{"floor":42,"key":"Elixir"},{"floor":47,"key":"Weak Potion"},{"floor":48,"key":"Energy Potion"}],"is_trial":false,"path_per_floor":["M","$","?","M","?","R","M","E","T","M","E","M","M","E","R","B",null,"M","$","M","?","M","E","?","R","T","E","M","E","T","E","R","B",null,"M","M","$","?","M","E","?","E","T","?","?","M","M","E","R_BF","B"],"character_chosen":"DEFECT","items_purchased":["Leap","hubris:Ukulele","War Paint","Ball Lightning"],"campfire_rested":4,"item_purchase_floors":[19,19,37,37],"current_hp_per_floor":[73,73,73,73,69,69,62,55,55,55,33,33,33,29,49,15,69,66,66,66,66,57,41,44,65,65,56,55,41,41,41,62,65,75,63,63,63,63,63,66,74,67,67,67,50,32,32,4,25,0,0],"gold":233,"neow_bonus":"UPGRADE_CARD","is_daily":false,"chose_seed":false,"campfire_upgraded":0,"win_rate":0.0,"timestamp":1609655664,"path_taken":["M","$","?","M","?","R","?","E","T","M","E","M","M","E","R","BOSS","M","$","M","?","M","E","?","R","T","E","M","E","?","E","R","BOSS","M","M","$","?","M","E","?","E","T","?","?","M","M","E","R_BF","BOSS"],"items_purchased_type":["Card","Card","Relic","Card"],"build_version":"2020-12-22","purchased_purges":4,"victory":false,"max_hp_per_floor":[75,75,75,75,69,69,69,69,69,69,69,69,69,69,69,69,69,69,69,69,69,69,69,72,72,72,72,72,72,72,72,72,75,75,75,75,75,75,75,78,78,78,78,71,71,71,71,71,71,71,71],"card_choices":[{"not_picked":["Cold Snap","Hologram"],"picked":"StuffTheSpire:Plugnplay","floor":1},{"not_picked":["Aggregate","BasicCrystalCard","ReplayTheSpireMod:System Scan"],"picked":"SKIP","floor":4},{"not_picked":["ReplayTheSpireMod:GoodbyeWorld","Cold Snap","StuffTheSpire:CleanHardDrive"],"picked":"SKIP","floor":7},{"not_picked":["jedi:locknload","jedi:sharpshooter"],"picked":"Leap","floor":8},{"not_picked":["Hologram","Rip and Tear","jedi:sharpshooter"],"picked":"SKIP","floor":10},{"not_picked":["Go for the Eyes","jedi:bruteforce"],"picked":"White Noise","floor":11},{"not_picked":["Reprogram","jedi:blockon","StuffTheSpire:NuclearReactor"],"picked":"SKIP","floor":12},{"not_picked":["Panic Button","Rebound"],"picked":"Ball Lightning","floor":13},{"not_picked":["Multi-Cast","Cold Snap","Streamline"],"picked":"SKIP","floor":14},{"not_picked":["Darkness","BasicCrystalCard","hubris:PowerSurge+1"],"picked":"SKIP","floor":18},{"not_picked":["Hologram","StuffTheSpire:NuclearReactor"],"picked":"Leap","floor":20},{"not_picked":["ReplayTheSpireMod:Reroute Power+1","Cold Snap","Recycle"],"picked":"SKIP","floor":22},{"not_picked":["Rebound","Beam Cell","jedi:blockon+1"],"picked":"SKIP","floor":23},{"not_picked":["Steam Power","StuffTheSpire:NuclearReactor+1","jedi:BurstLightning+1"],"picked":"SKIP","floor":27},{"not_picked":["Steam+1","Stack","Beam Cell"],"picked":"SKIP","floor":28},{"not_picked":["Heatsinks","Hologram+1","jedi:BurstLightning"],"picked":"SKIP","floor":29},{"not_picked":["jedi:BurstLightning","StuffTheSpire:ForEach"],"picked":"Defragment","floor":31},{"not_picked":["jedi:BurstDark","Core Surge"],"picked":"Thunder Strike","floor":33},{"not_picked":["Ball Lightning","Sweeping Beam"],"picked":"Loop+1","floor":35},{"not_picked":["Stack+1","Glacier+1","Go for the Eyes+1"],"picked":"SKIP","floor":36},{"not_picked":["StuffTheSpire:Harmony","StuffTheSpire:Innocence"],"picked":"StuffTheSpire:Perfection","floor":38},{"not_picked":["Auto Shields+1","Stack+1","Turbo+1"],"picked":"SKIP","floor":39},{"not_picked":["Streamline","Conserve Battery+1"],"picked":"jedi:reiji+1","floor":40},{"not_picked":["Barrage","jedi:locknload+1","StuffTheSpire:SnapShoot+1"],"picked":"SKIP","floor":42},{"not_picked":["Lockon","Panic Button+1","jedi:blockon+1"],"picked":"SKIP","floor":46},{"not_picked":["Turbo+1","Panic Button+1"],"picked":"Conserve Battery+1","floor":47},{"not_picked":["BasicCrystalCard+1","StuffTheSpire:Purify+1"],"picked":"Ball Lightning","floor":48}],"player_experience":758699,"relics_obtained":[{"floor":8,"key":"hubris:PeanutButter"},{"floor":9,"key":"aspiration:DSix"},{"floor":11,"key":"Carrot"},{"floor":14,"key":"Onion Ring"},{"floor":23,"key":"Bottled Lightning"},{"floor":27,"key":"hubris:TinFlute"},{"floor":29,"key":"hubris:GlazedTorus"},{"floor":30,"key":"jedi:laserpointer"},{"floor":31,"key":"jedi:crownofsimplicity"},{"floor":33,"key":"halation:EternalFortune"},{"floor":40,"key":"halation:EternalFortune"},{"floor":40,"key":"hubris:RGBLights"},{"floor":42,"key":"Toxic Egg 2"},{"floor":43,"key":"Potion Belt"},{"floor":48,"key":"jedi:purplefairy"}],"event_choices":[{"damage_healed":0,"gold_gain":0,"player_choice":"Lose Max HP","damage_taken":0,"relics_obtained":["Golden Idol"],"max_hp_gain":0,"max_hp_loss":6,"event_name":"Golden Idol","floor":5,"gold_loss":0},{"cards_removed":["Strike_B"],"damage_healed":0,"gold_gain":0,"player_choice":"Give","damage_taken":0,"max_hp_gain":0,"max_hp_loss":0,"event_name":"betterNote:BetterNote","floor":21,"gold_loss":0,"cards_obtained":["Strike_B"]},{"damage_healed":0,"gold_gain":0,"player_choice":"RE ","damage_taken":19,"relics_obtained":["jedi:shrinkray"],"max_hp_gain":0,"max_hp_loss":0,"event_name":"betterSkull:BetterSkull","floor":45,"gold_loss":0,"cards_upgraded":[]}],"is_beta":false,"boss_relics":[{"not_picked":["Runic Dome","aspiration:BardSkillbook"],"picked":"Fusion Hammer"},{"not_picked":["hubris:BlackHole","ReplayTheSpireMod:DimensionalGlitch"],"picked":"aspiration:Stellarator"}],"items_purged_floors":[2,19,19,37],"is_endless":false,"potions_floor_spawned":[4,7,13,16,20,28,29,33,35,39,42,47,48],"killed_by":"conspire:OrnateMirror","ascension_level":1}}