{"host":"pf5oese4ka0eje7d","time":1609666647,"event":{"mods":["AchievementEnabler","BaseMod","Colored Map","Minty Spire (QoL Compilation)","StSLib","SuperFastMode"],"gold_per_floor":[113,66,66,27,39,39,67,81,105,139,12,26,26,44,44,141,141,151,76,76],"floor_reached":19,"playtime":464,"items_purged":["Strike_R"],"score":248,"play_id":"3261c9d0-2740-4d12-a8ec-ca224a457e7e","local_time":"20210103103727","is_ascension_mode":true,"campfire_choices":[{"data":"Rampage","floor":6,"key":"SMITH"},{"floor":15,"key":"REST"}],"circlet_count":0,"master_deck":["Strike_R","Strike_R","Defend_R","Defend_R","Defend_R","Defend_R","Bash","Twin Strike","Rampage+1","Pommel Strike","Flex","Pommel Strike","Inflame","Flex","Inflame"],"relics":["Burning Blood","Omamori","Strawberry","Smiling Mask","Velvet Choker"],"acts_visited":["Exordium","TheCity"],"potions_floor_usage":[10,16],"damage_taken":[{"damage":18,"enemies":"Cultist","floor":1,"turns":6},{"damage":3,"enemies":"Small Slimes","floor":5,"turns":3},{"damage":16,"enemies":"Gremlin Nob","floor":7,"turns":3},{"damage":2,"enemies":"Jaw Worm","floor":8,"turns":3},{"damage":45,"enemies":"3 Sentries","floor":10,"turns":8},{"damage":16,"enemies":"3 Louse","floor":12,"turns":4},{"damage":10,"enemies":"Large Slime","floor":14,"turns":5},{"damage":36,"enemies":"Slime Boss","floor":16,"turns":9},{"damage":52,"enemies":"3 Byrds","floor":18,"turns":7},{"damage":37,"enemies":"2 Thieves","floor":19,"turns":3}],"seed_played":"1680747218498051145","potions_obtained":[{"floor":5,"key":"HeartOfIron"},{"floor":7,"key":"BloodPotion"},{"floor":10,"key":"ElixirPotion"},{"floor":16,"key":"BlessingOfTheForge"}],"is_trial":false,"path_per_floor":["M","?","?","$","M","R","E","M","T","E","$","M","?","M","R","B",null,"M","M"],"character_chosen":"IRONCLAD","items_purchased":["Rampage","Inflame"],"campfire_rested":1,"item_purchase_floors":[4,11],"current_hp_per_floor":[60,60,53,53,56,56,46,50,57,35,35,25,46,42,68,38,75,29,0,0],"gold":76,"neow_bonus":"REMOVE_CARD","is_daily":false,"chose_seed":false,"campfire_upgraded":1,"win_rate":0.0,"timestamp":1609666647,"path_taken":["M","?","?","$","M","R","E","M","T","E","$","M","?","M","R","BOSS","M","M"],"items_purchased_type":["Card","Card"],"build_version":"2020-12-22","purchased_purges":1,"victory":false,"max_hp_per_floor":[80,80,80,80,80,80,80,80,87,87,87,87,87,87,87,87,87,87,87,87],"card_choices":[{"not_picked":["Iron Wave","Intimidate"],"picked":"Twin Strike","floor":1},{"not_picked":["True Grit","Headbutt"],"picked":"Pommel Strike","floor":5},{"not_picked":["Reckless Charge","Battle Trance"],"picked":"Flex","floor":7},{"not_picked":["Thunderclap","Reckless Charge"],"picked":"Pommel Strike","floor":8},{"not_picked":["Power Through","Entrench","Carnage"],"picked":"SKIP","floor":10},{"not_picked":["Searing Blow","Juggernaut"],"picked":"Flex","floor":12},{"not_picked":["Anger","Searing Blow"],"picked":"Inflame","floor":14},{"not_picked":["Body Slam","Perfected Strike","Power Through+1"],"picked":"SKIP","floor":18}],"player_experience":309263,"relics_obtained":[{"floor":7,"key":"Omamori"},{"floor":9,"key":"Strawberry"},{"floor":10,"key":"Smiling Mask"}],"event_choices":[{"damage_healed":0,"gold_gain":0,"player_choice":"Left Gold","damage_taken":0,"max_hp_gain":0,"max_hp_loss":0,"event_name":"World of Goop","floor":2,"gold_loss":47},{"cards_removed":["Strike_R"],"damage_healed":0,"gold_gain":0,"player_choice":"Card Removal","damage_taken":7,"max_hp_gain":0,"max_hp_loss":0,"event_name":"Golden Wing","floor":3,"gold_loss":0},{"damage_healed":21,"gold_gain":0,"player_choice":"Healed and dodged fight","damage_taken":0,"max_hp_gain":0,"max_hp_loss":0,"event_name":"Mushrooms","floor":13,"gold_loss":0,"cards_obtained":["Parasite"]}],"is_beta":false,"boss_relics":[{"not_picked":["SacredBark","Ectoplasm"],"picked":"Velvet Choker"}],"items_purged_floors":[11],"is_endless":false,"potions_floor_spawned":[5,7,10,16],"killed_by":"2 Thieves","ascension_level":8}}