{"host":"z9grmtg2w0nmz8n1","time":1609653285,"event":{"mods":["Aspiration","Bard","BaseMod","Beaked The Cultist","Better Altar","Better Match","Better Note","Better Sensory Stone","Better Skull","Better Third Choice","BetterRewards","CCEM","Colored Map","Conspire","Downfall","GifTheSpireLib","Googly Eyes","Halation","Hermit","Highlight Path","Hubris","Hunter ??","Jedi Mod","Jorbs\u0027s Wanderer Trilogy","Mad Scientist","Marisa????????","Minty Spire (QoL Compilation)","Permanent Neow","Replay The Spire","Shade Mod","Shop Mod","Spicy Shops","StSLib","Stuff the Spire","The Bug Knight","The Construct","The Necromancer","The Runesmith","The Witch"],"gold_per_floor":[112,112,37,37,47,47,82,101,127,143,169,184,184,184,184,282,282,299,309,309,309,309,309],"floor_reached":22,"playtime":858,"items_purged":["Strike_B"],"score":204,"play_id":"4313bd4e-1327-4590-9381-0f8714f9cecd","local_time":"20210103035445","is_ascension_mode":true,"campfire_choices":[{"floor":6,"key":"RECALL"},{"floor":13,"key":"REST"},{"floor":15,"key":"REST"},{"data":"Zap","floor":20,"key":"SMITH"}],"circlet_count":0,"master_deck":["Strike_B","Strike_B","Defend_B","Defend_B","Defend_B","Defend_B","Zap+1","Dualcast","Gash","Scrape","Swift Strike","Streamline","All For One","BootSequence","Machine Learning","Leap+1"],"relics":["Cracked Core","jedi:arcanewood","Omamori","StuffTheSpire:ModemDavis","NlothsMask"],"acts_visited":["Exordium","TheCity"],"potions_floor_usage":[7,7,10,18],"damage_taken":[{"damage":6,"enemies":"Jaw Worm","floor":1,"turns":3},{"damage":0,"enemies":"Small Slimes","floor":5,"turns":2},{"damage":45,"enemies":"3 Sentries","floor":7,"turns":9},{"damage":1,"enemies":"Cultist","floor":8,"turns":3},{"damage":2,"enemies":"3 Louse","floor":10,"turns":3},{"damage":8,"enemies":"Gremlin Nob","floor":11,"turns":3},{"damage":11,"enemies":"Lots of Slimes","floor":12,"turns":4},{"damage":37,"enemies":"Hexaghost","floor":16,"turns":9},{"damage":12,"enemies":"3 Byrds","floor":18,"turns":4},{"damage":38,"enemies":"3 Cultists","floor":19,"turns":6},{"damage":2,"enemies":"Centurion and Healer","floor":22,"turns":3}],"seed_played":"4819498331885567938","potions_obtained":[{"floor":4,"key":"LiquidBronze"},{"floor":4,"key":"Guardian:BlockOnCardUsePotion"},{"floor":4,"key":"DistilledChaos"},{"floor":16,"key":"Fire Potion"},{"floor":19,"key":"Energy Potion"}],"is_trial":false,"path_per_floor":["M","?","$","?","M","R","E","M","T","M","E","M","R","?","R","B",null,"M","M","R","?","M"],"character_chosen":"DEFECT","items_purchased":[],"campfire_rested":2,"item_purchase_floors":[],"current_hp_per_floor":[69,69,69,69,69,69,24,23,23,21,13,2,24,24,46,9,75,63,25,25,25,23,23],"gold":309,"neow_bonus":"THREE_CARDS","is_daily":false,"chose_seed":false,"campfire_upgraded":1,"win_rate":0.0,"timestamp":1609653285,"path_taken":["M","?","$","?","M","R","E","M","T","M","E","?","R","?","R","BOSS","M","M","?","?","M"],"items_purchased_type":[],"build_version":"2020-12-22","purchased_purges":1,"victory":false,"max_hp_per_floor":[75,75,75,75,75,75,75,75,75,75,75,75,75,75,75,75,75,75,75,75,75,75,75],"card_choices":[{"not_picked":["Glacier","Cold Snap"],"picked":"Gash","floor":0},{"not_picked":["Sweeping Beam","Beam Cell"],"picked":"Scrape","floor":1},{"not_picked":["Replay:SS_fish_3","StuffTheSpire:Recharge"],"picked":"Swift Strike","floor":2},{"not_picked":["Redo","Compile Driver","FIFO Queue"],"picked":"SKIP","floor":5},{"not_picked":["jedi:BurstFrost","FIFO Queue"],"picked":"Streamline","floor":7},{"not_picked":["Defragment","Compile Driver","Panic Button"],"picked":"SKIP","floor":8},{"not_picked":["hubris:Ukulele","Steam"],"picked":"All For One","floor":10},{"not_picked":["Hologram","conspire:SharedLibrary"],"picked":"BootSequence","floor":11},{"not_picked":["Darkness","Consume","Cold Snap"],"picked":"SKIP","floor":12},{"not_picked":["Seek","hubris:Prefetch"],"picked":"Machine Learning","floor":16},{"not_picked":["Hologram+1","StuffTheSpire:Plugnplay","BasicCrystalCard"],"picked":"SKIP","floor":18},{"not_picked":["ReplaySolidLightProjector","BasicCrystalCard"],"picked":"Leap+1","floor":19}],"player_experience":757784,"relics_obtained":[{"floor":7,"key":"jedi:arcanewood"},{"floor":11,"key":"Omamori"}],"event_choices":[{"damage_healed":0,"gold_gain":1,"player_choice":"1","damage_taken":0,"max_hp_gain":0,"max_hp_loss":0,"event_name":"betterStone:BetterStone","floor":2,"gold_loss":0},{"damage_healed":0,"gold_gain":0,"player_choice":"Got Potions","damage_taken":0,"max_hp_gain":0,"max_hp_loss":0,"event_name":"Lab","floor":4,"gold_loss":0},{"cards_removed":["Strike_B"],"damage_healed":0,"gold_gain":0,"player_choice":"Card Removal","damage_taken":0,"max_hp_gain":0,"max_hp_loss":0,"event_name":"Wheel of Change","floor":14,"gold_loss":0},{"damage_healed":0,"gold_gain":0,"player_choice":"Trade","damage_taken":0,"relics_obtained":["NlothsMask"],"max_hp_gain":0,"max_hp_loss":0,"event_name":"FaceTrader","floor":21,"gold_loss":0}],"is_beta":false,"boss_relics":[{"not_picked":["halation:PlatinumPhoenix","hubris:RunicObelisk"],"picked":"StuffTheSpire:ModemDavis"}],"items_purged_floors":[3],"is_endless":false,"potions_floor_spawned":[5,16,19],"killed_by":"Centurion and Healer","ascension_level":1}}