{"host":"by2xx8ri294xcjpl","time":1609683695,"event":{"mods":["BaseMod","Minty Spire (QoL Compilation)","StSLib","【功能Mod】混沌之环修复补丁","【功能Mod】精心准备","【遗物Mod】简单游戏","【遗物卡牌】REMEMod"],"gold_per_floor":[118,134,134,146,161,194,43,69,93,93,93,106,106,126,126,223,223,241,241,89,99,117,117,142,142,166,201,201,213,139,157,157,260,260,272,320,58,68,85,115,138,17,17,17,17,17,178,16,16,40],"floor_reached":51,"playtime":2351,"items_purged":[],"score":878,"play_id":"16e3b9e6-2f53-4a58-a17c-6d01ba99376f","local_time":"20210103222135","is_ascension_mode":false,"campfire_choices":[{"data":"Consume","floor":13,"key":"SMITH"},{"data":"Electrodynamics","floor":15,"key":"SMITH"},{"data":"Creative AI","floor":23,"key":"SMITH"},{"data":"Rainbow","floor":25,"key":"SMITH"},{"floor":28,"key":"REST"},{"data":"Darkness","floor":32,"key":"SMITH"},{"data":"1","floor":45,"key":"LIFT"},{"floor":49,"key":"REST"}],"circlet_count":0,"master_deck":["Strike_B","Strike_B","Strike_B","Strike_B","Defend_B","Defend_B+1","Defend_B","Defend_B","Zap","Dualcast+1","Electrodynamics","Tempest","Genetic Algorithm","Chill","Beam Cell","Electrodynamics+1","BootSequence","Consume+1","Cold Snap","Rainbow+1","Stack+1","Consume+1","Redo","Creative AI+1","Hologram+1","Darkness+1","Blizzard","Multi-Cast","Redo","Conserve Battery+1","Lockon","White Noise","Seek","Glacier+1","Self Repair","Scrape","Machine Learning","Flash of Steel","Hologram","Defragment+1"],"relics":["REME_ComplimentaryCards","EasyRelic","Inserter","Bag of Marbles","Chemical X","Bag of Preparation","Velvet Choker","Nloth\u0027s Gift","DollysMirror","Lantern","REME_HandOfSuture","Shuriken","Nuclear Battery","REME_IWantAll","Membership Card","Vajra","Girya","Regal Pillow","Orichalcum","MealTicket","REME_ArchaeologicalTools","Frozen Egg 2","Mummified Hand","Pear"],"acts_visited":["Exordium","TheCity","TheBeyond"],"potions_floor_usage":[21,27,50,50,50],"damage_taken":[{"damage":0,"enemies":"Cultist","floor":1,"turns":3},{"damage":3,"enemies":"Small Slimes","floor":2,"turns":2},{"damage":8,"enemies":"Jaw Worm","floor":4,"turns":3},{"damage":3,"enemies":"3 Louse","floor":5,"turns":3},{"damage":3,"enemies":"3 Sentries","floor":6,"turns":3},{"damage":16,"enemies":"Gremlin Nob","floor":8,"turns":4},{"damage":0,"enemies":"Blue Slaver","floor":12,"turns":3},{"damage":9,"enemies":"Gremlin Gang","floor":14,"turns":3},{"damage":26,"enemies":"Hexaghost","floor":16,"turns":7},{"damage":0,"enemies":"3 Byrds","floor":18,"turns":1},{"damage":0,"enemies":"2 Thieves","floor":21,"turns":2},{"damage":0,"enemies":"Snake Plant","floor":22,"turns":3},{"damage":0,"enemies":"Book of Stabbing","floor":24,"turns":5},{"damage":32,"enemies":"Gremlin Leader","floor":27,"turns":5},{"damage":0,"enemies":"Centurion and Healer","floor":29,"turns":4},{"damage":0,"enemies":"Cultist and Chosen","floor":31,"turns":2},{"damage":0,"enemies":"Collector","floor":33,"turns":6},{"damage":8,"enemies":"Orb Walker","floor":35,"turns":2},{"damage":8,"enemies":"2 Orb Walkers","floor":36,"turns":4},{"damage":4,"enemies":"3 Darklings","floor":38,"turns":5},{"damage":0,"enemies":"Jaw Worm Horde","floor":39,"turns":4},{"damage":17,"enemies":"Reptomancer","floor":40,"turns":5},{"damage":36,"enemies":"Nemesis","floor":47,"turns":7},{"damage":46,"enemies":"Time Eater","floor":50,"turns":6}],"seed_played":"-1736494808812500667","potions_obtained":[{"floor":1,"key":"PowerPotion"},{"floor":2,"key":"ColorlessPotion"},{"floor":12,"key":"DistilledChaos"},{"floor":29,"key":"Block Potion"},{"floor":31,"key":"BlessingOfTheForge"}],"is_trial":false,"path_per_floor":["M","M","?","M","M","E","$","E","T","?","?","M","R","M","R","B",null,"M","?","$","M","M","R","E","R","T","E","R","M","$","M","R","B",null,"M","?","$","M","M","E","T","$","T","T","R","T","E","$","R","B",null],"character_chosen":"DEFECT","items_purchased":["Chemical X","DollysMirror","Blizzard","Membership Card","Vajra","White Noise","Orichalcum","Flash of Steel","Pear","Defragment+1"],"campfire_rested":2,"item_purchase_floors":[7,20,30,37,37,37,42,42,48,48],"current_hp_per_floor":[82,79,79,71,68,65,65,49,49,76,76,76,76,67,67,41,82,82,82,82,82,82,82,82,82,82,50,74,74,74,74,74,74,82,74,69,69,65,65,51,51,51,51,51,51,51,22,47,91,45],"gold":40,"neow_bonus":"TEN_PERCENT_HP_BONUS","is_daily":false,"chose_seed":false,"campfire_upgraded":5,"win_rate":0.0,"timestamp":1609683695,"path_taken":["M","?","?","?","M","E","?","E","T","?","?","M","R","M","R","BOSS","M","?","$","M","M","R","E","R","T","E","R","?","$","M","R","BOSS","M","?","?","M","M","E","?","?","T","?","R","?","E","$","R","BOSS"],"items_purchased_type":["Relic","Relic","Card","Relic","Relic","Card","Relic","Card","Relic","Card"],"build_version":"2020-12-22","purchased_purges":0,"victory":true,"max_hp_per_floor":[82,82,82,82,82,82,82,82,82,82,82,82,82,82,82,82,82,82,82,82,82,82,82,82,82,82,82,82,82,82,82,82,82,82,82,85,85,85,85,88,88,88,88,88,88,88,88,98,98,98],"card_choices":[{"not_picked":["Barrage","Redo"],"picked":"Tempest","floor":1},{"not_picked":["Reprogram","Sweeping Beam"],"picked":"Genetic Algorithm","floor":2},{"not_picked":["Capacitor","Redo"],"picked":"Chill","floor":4},{"not_picked":["Go for the Eyes","Storm"],"picked":"Beam Cell","floor":5},{"not_picked":["Gash","Redo"],"picked":"Electrodynamics","floor":6},{"not_picked":["REME_SelfUpgrade","Tempest"],"picked":"BootSequence","floor":8},{"not_picked":["REME_DataAnalysis","Redo"],"picked":"Consume","floor":12},{"not_picked":["Streamline","Genetic Algorithm"],"picked":"Cold Snap","floor":14},{"not_picked":["All For One","Reboot"],"picked":"Rainbow","floor":16},{"not_picked":["Lockon","FTL+1"],"picked":"Stack+1","floor":18},{"not_picked":["Compile Driver","Ball Lightning"],"picked":"Redo","floor":21},{"not_picked":["Cold Snap","Rip and Tear"],"picked":"Creative AI","floor":22},{"not_picked":["Rip and Tear","Biased Cognition","Leap"],"picked":"SKIP","floor":24},{"not_picked":["REME_ForAll","Genetic Algorithm"],"picked":"Hologram+1","floor":27},{"not_picked":["Leap+1","Coolheaded"],"picked":"Darkness","floor":29},{"not_picked":["Scrape","Conserve Battery","Stack"],"picked":"SKIP","floor":31},{"not_picked":["Fission","Rainbow"],"picked":"Multi-Cast","floor":33},{"not_picked":["Gash","Stack","Hologram+1"],"picked":"SKIP","floor":35},{"not_picked":["Redo","Conserve Battery+1","Lockon"],"picked":"Singing Bowl","floor":36},{"not_picked":["Beam Cell","Sweeping Beam+1","Double Energy"],"picked":"Seek","floor":38},{"not_picked":["Coolheaded","REME_SelfUpgrade"],"picked":"Glacier+1","floor":39},{"not_picked":["Self Repair","Scrape","Machine Learning"],"picked":"Singing Bowl","floor":40},{"not_picked":["Streamline+1","Biased Cognition+1"],"picked":"Hologram","floor":47}],"player_experience":6394,"relics_obtained":[{"floor":6,"key":"Bag of Marbles"},{"floor":8,"key":"War Paint"},{"floor":9,"key":"Bag of Preparation"},{"floor":24,"key":"Lantern"},{"floor":26,"key":"REME_HandOfSuture"},{"floor":27,"key":"Shuriken"},{"floor":36,"key":"REME_IWantAll"},{"floor":40,"key":"Girya"},{"floor":41,"key":"Regal Pillow"},{"floor":43,"key":"MealTicket"},{"floor":44,"key":"REME_ArchaeologicalTools"},{"floor":46,"key":"Frozen Egg 2"},{"floor":47,"key":"Mummified Hand"}],"event_choices":[{"damage_healed":0,"gold_gain":0,"player_choice":"Ignored","damage_taken":0,"max_hp_gain":0,"max_hp_loss":0,"event_name":"NoteForYourself","floor":3,"gold_loss":0},{"damage_healed":27,"gold_gain":0,"player_choice":"Banana","damage_taken":0,"max_hp_gain":0,"max_hp_loss":0,"event_name":"Big Fish","floor":10,"gold_loss":0},{"damage_healed":0,"gold_gain":0,"player_choice":"Searched \u00270\u0027 times","damage_taken":0,"max_hp_gain":0,"max_hp_loss":0,"event_name":"Dead Adventurer","floor":11,"gold_loss":0},{"damage_healed":0,"gold_gain":0,"player_choice":"Traded Relic","damage_taken":0,"relics_obtained":["Nloth\u0027s Gift"],"max_hp_gain":0,"max_hp_loss":0,"event_name":"N\u0027loth","floor":19,"relics_lost":["War Paint"],"gold_loss":0},{"damage_healed":0,"gold_gain":0,"player_choice":"Fight","damage_taken":0,"max_hp_gain":0,"max_hp_loss":0,"event_name":"Mysterious Sphere","floor":36,"gold_loss":0}],"is_beta":false,"boss_relics":[{"not_picked":["REME_ChargedStone","Cursed Key"],"picked":"Velvet Choker"},{"not_picked":["REME_DuelDisc","Empty Cage"],"picked":"Nuclear Battery"}],"items_purged_floors":[],"is_endless":false,"potions_floor_spawned":[1,2,12,16,18,29,31,33,36,38],"ascension_level":0}}