{"host":"8kweeulvvasqx820","time":1609712604,"event":{"mods":["Aspiration","BaseMod","Better Altar","Better Match","Better Note","Better Sensory Stone","Better Skull","Better Third Choice","BetterRewards","CatGirl Mod","Colored Map","Conspire","Displayed Cursed Tome","Downfall","Hubris","Infinite Spire","Jorbs\u0027s Wanderer Trilogy","Minty Spire (QoL Compilation)","Relic Stats","Replay The Spire","Spicy Shops","StSLib","SuperFastMode","Swap Starting Deck Mod","The Construct","The Marked","The Mystic","The Necromancer","The Servant 0.9.4","TheBandit","everything is the same but u backflip on backflip","slay the spire mod where everything is the same but ironclad has a cowboy hat"],"gold_per_floor":[99,114,132,132,145,18,18,18,64,64,78,92,92,77,96,96,96,96],"floor_reached":16,"playtime":1399,"items_purged":["Guardian:Strike_Guardian"],"score":92,"play_id":"e97e0f17-eb16-49f6-a9bf-43dc0be15105","local_time":"20210103172324","is_ascension_mode":false,"campfire_choices":[{"data":"Guardian:TimeBomb","floor":8,"key":"SMITH"},{"floor":13,"key":"RECALL"}],"circlet_count":0,"master_deck":["Guardian:Strike_Guardian","Guardian:Strike_Guardian","Guardian:Defend_Guardian","Guardian:Defend_Guardian","Guardian:Defend_Guardian","Guardian:Defend_Guardian","Guardian:CurlUp","Guardian:TwinSlam","Guardian:TimeBomb+1","Guardian:Planning","Guardian:Incinerate","Guardian:Suspension","Guardian:GuardianWhirl","Guardian:TemporalStrike","Guardian:AncientConstruct","Guardian:PiercingHide","Guardian:BronzeOrb"],"relics":["Guardian:ModeShifter","Guardian:PickAxe","Quantum Egg","conspire:TopHat","hubris:TinFlute"],"acts_visited":["Exordium"],"potions_floor_usage":[9,14,16,16,16],"damage_taken":[{"damage":3,"enemies":"2 Louse","floor":2,"turns":4},{"damage":4,"enemies":"Jaw Worm","floor":3,"turns":5},{"damage":8,"enemies":"Jaw Worm","floor":4,"turns":3},{"damage":0,"enemies":"Small Slimes","floor":5,"turns":3},{"damage":0,"enemies":"downfall:FleeingMerchant","floor":6,"turns":4},{"damage":28,"enemies":"conspire:MimicChest","floor":9,"turns":8},{"damage":12,"enemies":"Blue Slaver","floor":11,"turns":4},{"damage":0,"enemies":"Lots of Slimes","floor":12,"turns":5},{"damage":4,"enemies":"downfall:FleeingMerchant","floor":14,"turns":4},{"damage":10,"enemies":"3 Louse","floor":15,"turns":4},{"damage":16,"enemies":"downfall:Silent","floor":16,"turns":6}],"seed_played":"-7471207804020141107","potions_obtained":[{"floor":3,"key":"Strength Potion"},{"floor":5,"key":"PowerPotion"},{"floor":9,"key":"SkillPotion"},{"floor":11,"key":"hexamod:EctoCoolerPotion"},{"floor":15,"key":"Guardian:DefensiveModePotion"}],"is_trial":false,"path_per_floor":["R_BF","M","M","?","M","$","T","R","?","T","M","M","R","$","M","B"],"character_chosen":"GUARDIAN","items_purchased":["Guardian:TemporalStrike"],"campfire_rested":0,"item_purchase_floors":[6],"current_hp_per_floor":[88,85,81,67,67,67,67,67,39,39,27,27,27,23,13,0,0,0],"gold":96,"neow_bonus":"TEN_PERCENT_HP_BONUS","is_daily":false,"chose_seed":false,"campfire_upgraded":1,"win_rate":0.0,"timestamp":1609712604,"path_taken":["R_BF","M","M","?","M","$","T","R","?","?","M","?","R","$","M","BOSS"],"items_purchased_type":["Card"],"build_version":"2020-12-22","purchased_purges":1,"victory":false,"max_hp_per_floor":[88,88,88,88,88,88,88,88,88,88,88,88,88,88,88,88,88,88],"relic_stats":{"counters":[11,47],"obtain_stats":[{"Guardian:PickAxe":4,"Quantum Egg":7,"Guardian:ModeShifter":0,"conspire:TopHat":9,"hubris:TinFlute":10},{"Guardian:PickAxe":3,"Quantum Egg":5,"Guardian:ModeShifter":0,"conspire:TopHat":6,"hubris:TinFlute":6},{"Guardian:PickAxe":10,"Quantum Egg":17,"Guardian:ModeShifter":0,"conspire:TopHat":25,"hubris:TinFlute":25}]},"card_choices":[{"not_picked":["Guardian:ShieldCharger","Guardian:WalkerClaw"],"picked":"Guardian:Planning","floor":2},{"not_picked":["Guardian:VentSteam","Guardian:ShieldCharger"],"picked":"Guardian:Incinerate","floor":3},{"not_picked":["Guardian:ChargeUp","Guardian:BronzeOrb"],"picked":"Guardian:Suspension","floor":5},{"not_picked":["Guardian:PolyBeam","Guardian:Gem_Lightblue"],"picked":"Guardian:GuardianWhirl","floor":6},{"not_picked":["Guardian:WalkerClaw","Guardian:Recover"],"picked":"Guardian:Gem_Green","floor":9},{"not_picked":["Guardian:SpikerProtocol","Guardian:TemporalShield"],"picked":"Guardian:Gem_Cyan","floor":11},{"not_picked":["Guardian:PrismaticBarrier","Guardian:WalkerClaw"],"picked":"Guardian:AncientConstruct","floor":12},{"not_picked":["Guardian:PolyBeam","Guardian:Gem_Blue"],"picked":"Guardian:PiercingHide","floor":14},{"not_picked":["Guardian:WalkerClaw","Guardian:Gem_Lightblue"],"picked":"Guardian:BronzeOrb","floor":15}],"player_experience":21202,"relics_obtained":[{"floor":7,"key":"Quantum Egg"},{"floor":9,"key":"conspire:TopHat"},{"floor":10,"key":"hubris:TinFlute"}],"event_choices":[],"is_beta":false,"boss_relics":[],"items_purged_floors":[6],"is_endless":false,"potions_floor_spawned":[3,5,9,11,15],"killed_by":"downfall:Silent","ascension_level":0}}