{"host":"yyl3r9ibd7qwlswm","time":1609644577,"event":{"mods":["BaseMod","Minty Spire (QoL Compilation)","Quick Restart","StSLib","The Servant 0.9.4"],"gold_per_floor":[116,17,17,27,39,67,67,81,81,117,117,136,136,186,186,275,275,290,311,149,169,189,230,230,230,230,245,160,160,185,220,220,309,372,391,414,437,199,199,199,240,240,240,280,299,308,326,373,373,478,478,478],"floor_reached":51,"playtime":1618,"items_purged":[],"score":2089,"play_id":"142cb518-2f29-4212-8f8d-bede9ab0a1b5","local_time":"20210103112937","daily_mods":["SealedDeck","Vintage","Heirloom","Uncertain Future"],"is_ascension_mode":true,"campfire_choices":[{"data":"Trip","floor":11,"key":"SMITH"},{"data":"Cloak And Dagger","floor":13,"key":"SMITH"},{"data":"Dagger Spray","floor":15,"key":"SMITH"},{"data":"Adrenaline","floor":24,"key":"SMITH"},{"data":"Choke","floor":29,"key":"SMITH"},{"data":"Flying Knee","floor":32,"key":"SMITH"},{"floor":40,"key":"DIG"},{"floor":42,"key":"DIG"},{"data":"Blind","floor":49,"key":"SMITH"}],"circlet_count":0,"master_deck":["AscendersBane","Deadly Poison","Cloak And Dagger+1","Deflect","Dagger Throw","Poisoned Stab","Underhanded Strike","Flying Knee+1","Skewer+1","Choke+1","Dagger Spray+1","Trip+1","Injury","Adrenaline+1","Acrobatics","Bane","Dash","Finisher+1","Footwork","Blind+1","Bouncing Flask","After Image"],"relics":["Ring of the Snake","Incense Burner","Ornamental Fan","Pantograph","Lantern","Oddly Smooth Stone","Golden Idol","Akabeko","Blue Candle","Meat on the Bone","Mercury Hourglass","SlaversCollar","Centennial Puzzle","Sling","Mummified Hand","Sundial","Pear","InkBottle","PreservedInsect","Kunai","Question Card","Nunchaku","Tiny House","Shovel","Orichalcum","Bronze Scales","Strawberry","Unceasing Top","Omamori","CeramicFish","The Courier","Prayer Wheel","Toy Ornithopter","Bag of Preparation","Potion Belt"],"acts_visited":["Exordium","TheCity","TheBeyond"],"potions_floor_usage":[6,16,19,23,27,37,37,44,47,47],"damage_taken":[{"damage":0,"enemies":"Cultist","floor":1,"turns":2},{"damage":0,"enemies":"Small Slimes","floor":4,"turns":2},{"damage":0,"enemies":"2 Louse","floor":5,"turns":2},{"damage":0,"enemies":"3 Sentries","floor":6,"turns":3},{"damage":0,"enemies":"2 Fungi Beasts","floor":8,"turns":2},{"damage":4,"enemies":"Gremlin Nob","floor":10,"turns":3},{"damage":0,"enemies":"Looter","floor":12,"turns":1},{"damage":15,"enemies":"The Guardian","floor":16,"turns":7},{"damage":0,"enemies":"Chosen","floor":18,"turns":2},{"damage":0,"enemies":"2 Thieves","floor":19,"turns":2},{"damage":0,"enemies":"Snake Plant","floor":21,"turns":2},{"damage":0,"enemies":"3 Cultists","floor":22,"turns":2},{"damage":0,"enemies":"Gremlin Leader","floor":23,"turns":2},{"damage":0,"enemies":"Snecko","floor":27,"turns":2},{"damage":0,"enemies":"Snake Plant","floor":30,"turns":1},{"damage":0,"enemies":"Slavers","floor":31,"turns":1},{"damage":22,"enemies":"Collector","floor":33,"turns":5},{"damage":0,"enemies":"Orb Walker","floor":35,"turns":2},{"damage":46,"enemies":"3 Shapes","floor":36,"turns":2},{"damage":0,"enemies":"3 Darklings","floor":37,"turns":2},{"damage":0,"enemies":"Nemesis","floor":41,"turns":1},{"damage":16,"enemies":"Mind Bloom Boss Battle","floor":44,"turns":5},{"damage":0,"enemies":"Sphere and 2 Shapes","floor":45,"turns":3},{"damage":17,"enemies":"Jaw Worm Horde","floor":47,"turns":2},{"damage":9,"enemies":"Giant Head","floor":48,"turns":2},{"damage":31,"enemies":"Donu and Deca","floor":50,"turns":8},{"damage":76,"enemies":"Time Eater","floor":51,"turns":8}],"seed_played":"-3063605679350482309","potions_obtained":[{"floor":4,"key":"PowerPotion"},{"floor":5,"key":"SpeedPotion"},{"floor":12,"key":"GhostInAJar"},{"floor":16,"key":"Dexterity Potion"},{"floor":19,"key":"Ancient Potion"},{"floor":22,"key":"AttackPotion"},{"floor":34,"key":"AttackPotion"},{"floor":35,"key":"Energy Potion"},{"floor":37,"key":"Block Potion"},{"floor":44,"key":"Weak Potion"},{"floor":45,"key":"Energy Potion"}],"is_trial":true,"path_per_floor":["M","$","$","M","M","E","?","M","T","E","R","M","R","?","R","B",null,"M","M","$","M","M","E","R","?","T","M","?","R","M","E","R","B",null,"M","M","M","$","?","R","E","R","T","?","M","?","M","E","R","B","B"],"character_chosen":"THE_SILENT","items_purchased":["Trip","Sling","Strawberry","Dash"],"campfire_rested":0,"item_purchase_floors":[2,20,38,38],"current_hp_per_floor":[59,59,59,59,59,59,59,59,59,55,55,55,55,55,55,51,62,62,62,62,62,62,72,72,72,72,72,72,72,72,72,72,54,76,76,42,42,49,49,49,49,49,49,58,58,48,53,56,56,50,0,0],"gold":478,"neow_bonus":"","is_daily":false,"chose_seed":false,"campfire_upgraded":7,"win_rate":0.0,"timestamp":1609644577,"path_taken":["M","?","$","M","M","E","?","M","T","E","R","M","R","?","R","BOSS","M","?","$","M","M","E","R","?","T","M","?","R","M","E","R","BOSS","M","M","M","$","?","R","E","R","T","?","M","?","M","E","R","BOSS","BOSS"],"items_purchased_type":["Card","Relic","Relic","Card"],"build_version":"2020-12-22","purchased_purges":0,"victory":false,"max_hp_per_floor":[66,66,66,66,66,66,66,66,66,66,66,66,66,66,66,66,66,66,66,66,66,66,76,76,76,76,76,76,76,76,76,76,76,81,81,81,81,88,88,88,88,88,88,88,88,88,88,88,88,88,88,88],"card_choices":[{"not_picked":["Dagger Throw","Endless Agony","Flying Knee"],"picked":"SKIP","floor":6},{"not_picked":["Backflip","Dodge and Roll","PiercingWail"],"picked":"SKIP","floor":10},{"not_picked":["Malaise","Glass Knife"],"picked":"Adrenaline","floor":16},{"not_picked":["Poisoned Stab","Skewer","Concentrate"],"picked":"SKIP","floor":23},{"not_picked":["Underhanded Strike","Escape Plan","Cloak And Dagger"],"picked":"Acrobatics","floor":31},{"not_picked":["Adrenaline","A Thousand Cuts","Venomology"],"picked":"After Image","floor":33},{"not_picked":["Blade Dance","PiercingWail","Quick Slash"],"picked":"Bane","floor":34},{"not_picked":["Sucker Punch","Blade Dance","Flying Knee"],"picked":"Finisher+1","floor":41},{"not_picked":["Bane+1","Finisher","Deflect+1"],"picked":"Footwork","floor":44},{"not_picked":["Secret Weapon","Jack Of All Trades","Trip"],"picked":"Blind","floor":46},{"not_picked":["Blade Dance","Flying Knee+1","Deadly Poison"],"picked":"Bouncing Flask","floor":48},{"not_picked":["A Thousand Cuts","Corpse Explosion","Venomology"],"picked":"After Image","floor":50}],"player_experience":202968,"relics_obtained":[{"floor":1,"key":"Ornamental Fan"},{"floor":4,"key":"Pantograph"},{"floor":5,"key":"Lantern"},{"floor":6,"key":"Oddly Smooth Stone"},{"floor":8,"key":"Akabeko"},{"floor":9,"key":"Blue Candle"},{"floor":10,"key":"Meat on the Bone"},{"floor":12,"key":"Mercury Hourglass"},{"floor":19,"key":"Centennial Puzzle"},{"floor":21,"key":"Mummified Hand"},{"floor":22,"key":"Sundial"},{"floor":23,"key":"Pear"},{"floor":26,"key":"InkBottle"},{"floor":27,"key":"PreservedInsect"},{"floor":30,"key":"Question Card"},{"floor":31,"key":"Nunchaku"},{"floor":35,"key":"Shovel"},{"floor":36,"key":"Orichalcum"},{"floor":37,"key":"Bronze Scales"},{"floor":40,"key":"Unceasing Top"},{"floor":41,"key":"Omamori"},{"floor":42,"key":"CeramicFish"},{"floor":43,"key":"The Courier"},{"floor":44,"key":"Prayer Wheel"},{"floor":45,"key":"Toy Ornithopter"},{"floor":47,"key":"Bag of Preparation"},{"floor":48,"key":"Potion Belt"}],"event_choices":[{"damage_healed":0,"gold_gain":0,"player_choice":"Take Wound","damage_taken":0,"relics_obtained":["Golden Idol"],"max_hp_gain":0,"max_hp_loss":0,"event_name":"Golden Idol","floor":7,"gold_loss":0,"cards_obtained":["Injury"]},{"damage_healed":0,"gold_gain":50,"player_choice":"Pray","damage_taken":0,"max_hp_gain":0,"max_hp_loss":0,"event_name":"Golden Shrine","floor":14,"gold_loss":0},{"damage_healed":0,"gold_gain":0,"player_choice":"Ignored","damage_taken":0,"max_hp_gain":0,"max_hp_loss":0,"event_name":"Vampires","floor":25,"gold_loss":0},{"damage_healed":0,"gold_gain":0,"player_choice":"Obtained Relic","damage_taken":0,"relics_obtained":["Kunai"],"max_hp_gain":0,"max_hp_loss":0,"event_name":"Addict","floor":28,"gold_loss":85},{"cards_removed":["After Image"],"damage_healed":0,"gold_gain":0,"player_choice":"Removed Power","damage_taken":0,"max_hp_gain":0,"max_hp_loss":0,"event_name":"Falling","floor":39,"gold_loss":0},{"damage_healed":0,"gold_gain":0,"player_choice":"Fight","damage_taken":0,"max_hp_gain":0,"max_hp_loss":0,"event_name":"MindBloom","floor":44,"gold_loss":0},{"damage_healed":0,"gold_gain":0,"player_choice":"Memory 3","damage_taken":10,"max_hp_gain":0,"max_hp_loss":0,"event_name":"SensoryStone","floor":46,"gold_loss":0}],"is_beta":false,"boss_relics":[{"not_picked":["SacredBark","Coffee Dripper"],"picked":"SlaversCollar"},{"not_picked":["Snecko Eye","Runic Dome"],"picked":"Tiny House"}],"items_purged_floors":[],"is_endless":true,"potions_floor_spawned":[4,5,12,16,19,21,22,35,37,44,45],"killed_by":"Time Eater","ascension_level":20}}