{"host":"jqa9y4qkalbx8qgz","time":1609674459,"event":{"mods":["BaseMod","Bestiary","BetterRewards","CCEM","Downfall","Minty Spire (QoL Compilation)","Permanent Neow","Relic Stats","Replay The Spire","StSLib","The Alterego","Wandering Minibosses"],"gold_per_floor":[117,15,38,38,113,148,174,174,174,210,233,258,279,41,41,154,154,166,22,47,47,58,96,138,138,138,171,184,219,235,71,71,176,176,205,255,270,385,434,434,473,473,499,535,575,590,590,633,633,633],"floor_reached":51,"playtime":3629,"items_purged":["Strike_G"],"score":1081,"play_id":"5af6323c-3edb-4491-a6c9-8127450eba36","local_time":"20210103144739","is_ascension_mode":true,"campfire_choices":[{"floor":8.0,"key":"REST"},{"data":"Catalyst","floor":15.0,"key":"SMITH"},{"data":"Bouncing Flask","floor":25.0,"key":"SMITH"},{"data":"ReplayTheSpireMod:Faulty Equipment","floor":32.0,"key":"SMITH"},{"data":"Dodge and Roll","floor":40,"key":"SMITH"},{"data":"Footwork","floor":42,"key":"SMITH"},{"data":"Midas Touch","floor":47,"key":"SMITH"},{"data":"Catalyst","floor":49,"key":"SMITH"}],"circlet_count":0,"master_deck":["Strike_G+1","Strike_G","Defend_G+1","Defend_G","Defend_G","Defend_G","Defend_G+1","Survivor","Neutralize+1","Catalyst+1","Bouncing Flask+1","Dash","Noxious Fumes","Well Laid Plans","PiercingWail","Dodge and Roll+1","Leg Sweep","Footwork+1","Deflect","Tools of the Trade+1","ReplayTheSpireMod:From All Sides","Underhanded Strike+1","ReplayTheSpireMod:Tripwire+1","Escape Plan+1","Poison Darts+1","Caltrops","Corpse Explosion","Backflip+1","Voices","Catalyst+1","Calculated Gamble+1","Bandage Up","Normality","Midas Touch+1","Replay:SS_fish_2","Crippling Poison+1","Catalyst+1"],"relics":["Ring of the Snake","FossilizedHelix","ClockworkSouvenir","CaptainsWheel","Byrd Skull","TwistedFunnel","CeramicFish","Gremlin Food","Gambling Chip","Whetstone","Bronze Scales","Art of War","Blue Doll","Replay:Bottled Flurry","Gremlin Horn","Empty Cage","Chemical X","ReplayTheSpireMod:Lightbulb","Red Mask","Eternal Feather","CCEMRelics:OldTooth","Centennial Puzzle","Guide Book","HoveringKite","Ring of Chaos","Ring of Greed","Replay:Wax Seal","Smiling Mask","War Paint","Du-Vu Doll","Ginger","Vajra","Replay:Mystery Machine","Molten Egg 2"],"acts_visited":["Exordium","TheCity","TheBeyond"],"potions_floor_usage":[41,50,50,50],"damage_taken":[{"damage":0.0,"enemies":"Small Slimes","floor":1.0,"turns":3.0},{"damage":0.0,"enemies":"Jaw Worm","floor":3.0,"turns":3.0},{"damage":12.0,"enemies":"3 Sentries","floor":6.0,"turns":7.0},{"damage":0.0,"enemies":"Replay:BlueRogue","floor":10.0,"turns":3.0},{"damage":0.0,"enemies":"2 Louse","floor":11.0,"turns":2.0},{"damage":0.0,"enemies":"3 Sentries","floor":12.0,"turns":7.0},{"damage":0.0,"enemies":"Blue Slaver","floor":13.0,"turns":3.0},{"damage":9.0,"enemies":"Fading Forest","floor":16.0,"turns":11.0},{"damage":0.0,"enemies":"Spheric Guardian","floor":18.0,"turns":5.0},{"damage":0.0,"enemies":"Chosen","floor":20.0,"turns":4.0},{"damage":0.0,"enemies":"Snecko","floor":22.0,"turns":5.0},{"damage":0.0,"enemies":"Gremlin Leader","floor":23.0,"turns":8.0},{"damage":0.0,"enemies":"Masked Bandits","floor":24.0,"turns":4.0},{"damage":0.0,"enemies":"Slavers","floor":27.0,"turns":5.0},{"damage":0.0,"enemies":"Snake Plant","floor":28.0,"turns":4.0},{"damage":0.0,"enemies":"Replay:Snechameleon","floor":29.0,"turns":5.0},{"damage":0.0,"enemies":"Centurion and Healer","floor":30.0,"turns":5.0},{"damage":35.0,"enemies":"Automaton","floor":33.0,"turns":7.0},{"damage":21,"enemies":"3 Darklings","floor":35,"turns":3},{"damage":0,"enemies":"Orb Walker","floor":37,"turns":3},{"damage":13,"enemies":"2 Orb Walkers","floor":39,"turns":3},{"damage":18,"enemies":"Reptomancer","floor":41,"turns":3},{"damage":0,"enemies":"Giant Head","floor":45,"turns":4},{"damage":0,"enemies":"Spire Growth","floor":46,"turns":4},{"damage":2,"enemies":"Nemesis","floor":48,"turns":5},{"damage":0,"enemies":"Replay:Hell Engine","floor":50,"turns":2}],"seed_played":"-2125028199157691160","potions_obtained":[{"floor":6.0,"key":"LiquidMemories"},{"floor":10.0,"key":"Dexterity Potion"},{"floor":22.0,"key":"DuplicationPotion"},{"floor":48,"key":"Toxic Potion"}],"is_trial":false,"path_per_floor":["M","$","M","?","?","E","T","R","T","E","M","E","M","$","R","B",null,"M","$","M","?","M","E","?","R","T","E","M","E","M","$","R","B",null,"M","?","M","?","?","R","E","R","T","?","E","M","R","E","R","B",null],"character_chosen":"THE_SILENT","items_purchased":["Catalyst","Bouncing Flask","FossilizedHelix","ClockworkSouvenir","Byrd Skull","Dash","TwistedFunnel","Noxious Fumes","Poison Potion","CeramicFish","Gremlin Food","Well Laid Plans","PiercingWail","Gremlin Horn","Chemical X","Guide Book","Caltrops"],"campfire_rested":1,"item_purchase_floors":[0,0,0,0,0,0,0,0,0,0,0,2,2,14,19,31,31],"current_hp_per_floor":[28,28,28,33,22,10,10,32,32,32,32,32,32,32,32,23,75,75,75,75,75,75,75,75,75,75,75,75,75,75,75,75,40,75,54,54,54,36,23,41,23,41,41,31,43,55,75,73,75,75],"gold":633,"neow_bonus":"","is_daily":false,"chose_seed":false,"campfire_upgraded":7,"win_rate":0.0,"timestamp":1609674459,"path_taken":["M","$","M","?","?","E","?","R","T","E","?","E","M","$","R","BOSS","M","$","M","?","M","E","?","R","T","E","M","E","M","$","R","BOSS","M","?","M","?","?","R","E","R","T","?","E","M","R","E","R","BOSS"],"items_purchased_type":["Card","Card","Relic","Relic","Relic","Card","Relic","Card","Potion","Relic","Relic","Card","Card","Relic","Relic","Relic","Card"],"build_version":"2020-12-22","purchased_purges":1,"victory":true,"max_hp_per_floor":[70,70,70,75,75,75,75,75,75,75,75,75,75,75,75,75,75,75,75,75,75,75,75,75,75,75,75,75,75,75,75,75,75,75,75,75,75,75,75,75,75,75,75,75,75,75,75,75,75,75],"relic_stats":{"Gremlin Horn":[20,20],"counters":[128,654],"CeramicFish":225,"HoveringKite":[19],"Eternal Feather":58,"Whetstone":["alterego_mod:Strike","alterego_mod:Venus","Strike_G","Neutralize"],"Ginger":[2],"War Paint":["Defend_G","Backflip"],"Smiling Mask":0,"Centennial Puzzle":[27],"Gambling Chip":[89],"Bronze Scales":[334],"Art of War":[28],"Chemical X":[33],"obtain_stats":[{"TwistedFunnel":65,"downfall:HeartBlessingGreen":9,"Whetstone":8,"Ginger":41,"Bottled Tornado":43,"Boot":30,"m_GuardianBlood":65,"Blood Vial":3,"MealTicket":42,"Necronomicon":19,"Replay:Bottled Flurry":12,"Replay:Wax Seal":6,"Runic Cube":66,"Tingsha":41,"Eternal Feather":26,"Pen Nib":43,"ReplayTheSpireMod:SealedPack":51,"Guardian:PocketSentry":7,"infinitespire:EvilPickle":33,"Snecko Scales":34,"Pandora\u0027s Box":34,"hexamod:SoulConsumer":65,"Kintsugi":68,"Unceasing Top":0,"Abe\u0027s Treasure":17,"Solar Panel":65,"Regal Pillow":43,"Lantern":60,"Singing Bowl":26,"Torii":0,"Blue Doll":28,"Painkiller Herb":66,"Bag of Preparation":38,"Ancient Tea Set":12,"Cursed Key":51,"Smiling Mask":36,"Replay:Rubber Ducky":52,"WristBlade":41,"Replay:M_SmolderingBlood":65,"Toolbox":11,"WingedGreaves":65,"Chemical X":45,"Ring of Panic":65,"Ring of the Snake":0,"Potion Belt":23,"Lee\u0027s Waffle":31,"downfall:HeartBlessingRed":9,"The Specimen":66,"Golden Idol":3,"Circlet":54,"Thread and Needle":0,"PreservedInsect":37,"Omamori":26,"Ring of Greed":36,"MawBank":45,"Replay:Arrowhead":41,"Ornamental Fan":48,"Orrery":72,"Garlic":14,"Art of War":9,"Bottled Lightning":10,"ReplayTheSpireMod:Onyx Gauntlets":65,"ReplayTheSpireMod:Lightbulb":23,"Toy Ornithopter":0,"Ice Cream":74,"Gremlin Horn":14,"CeramicFish":0,"Vajra":9,"HoveringKite":34,"Centennial Puzzle":25,"Lizard Tail":65,"Strawberry":23,"Philosopher\u0027s Stone":17,"Prayer Wheel":38,"Toxic Egg 2":7,"Byrd Skull":8,"Happy Flower":9,"wanderingMiniBosses:ThiefScarf":35,"Ring of Hypnosis":44,"Replay:Grab Bag":51,"Oddly Smooth Stone":46,"infinitespire:Beetle Shell":40,"Ring of Chaos":36,"War Paint":46,"Du-Vu Doll":39,"ReplayTheSpireMod:Shallot":65,"Shuriken":27,"Brimstone":65,"Bronze Scales":7,"Molten Egg 2":28,"Black Star":34,"infinitespire:EmpoweringShard":65,"Grinning Jar":65,"Pocketwatch":0,"ReplayFunnel":23,"Snecko Heart":65,"SacredBark":85,"Enchiridion":66,"Mango":41,"Incense Burner":11,"Sizzling Blood":65,"Replay:Mystery Machine":7,"Empty Cage":17,"ClockworkSouvenir":0,"Nunchaku":36,"Chameleon Ring":65,"CCEMRelics:OldTooth":27,"Pantograph":62,"infinitespire:MutagenicDexterity":66,"Gambling Chip":0,"Red Mask":24,"infinitespire:Chaos":65,"Gremlin Food":41,"ReplayTheSpireMod:Ninjato":87,"infinitespire:CursedDice":65,"Guide Book":31,"infinitespire:EmptyRelic":65,"Orichalcum":78,"Mercury Hourglass":46,"Peace Pipe":37,"Calling Bell":65,"DataDisk":65,"CaptainsWheel":77,"Pondfish Scales":80,"Coffee Dripper":17,"Bag of Marbles":46,"TungstenRod":25,"FossilizedHelix":0,"ReplayTheSpireMod:ShopPack":0},{"TwistedFunnel":88,"downfall:HeartBlessingGreen":5,"Whetstone":61,"Ginger":124,"Bottled Tornado":54,"Boot":70,"m_GuardianBlood":88,"Blood Vial":1,"MealTicket":78,"Necronomicon":43,"Replay:Bottled Flurry":108,"Replay:Wax Seal":60,"Runic Cube":88,"Tingsha":53,"Eternal Feather":115,"Pen Nib":30,"ReplayTheSpireMod:SealedPack":81,"Guardian:PocketSentry":4,"infinitespire:EvilPickle":72,"Snecko Scales":50,"Pandora\u0027s Box":72,"hexamod:SoulConsumer":88,"Kintsugi":89,"Unceasing Top":34,"Abe\u0027s Treasure":63,"Solar Panel":88,"Regal Pillow":78,"Lantern":86,"Singing Bowl":46,"Torii":56,"Blue Doll":24,"Painkiller Herb":88,"Bag of Preparation":52,"Ancient Tea Set":40,"Cursed Key":81,"Smiling Mask":121,"Replay:Rubber Ducky":55,"WristBlade":53,"Replay:M_SmolderingBlood":88,"Toolbox":61,"WingedGreaves":88,"Chemical X":54,"Ring of Panic":88,"Ring of the Snake":0,"Potion Belt":45,"Lee\u0027s Waffle":25,"downfall:HeartBlessingRed":5,"The Specimen":88,"Golden Idol":58,"Circlet":83,"Thread and Needle":34,"PreservedInsect":51,"Omamori":23,"Ring of Greed":121,"MawBank":79,"Replay:Arrowhead":54,"Ornamental Fan":33,"Orrery":91,"Garlic":17,"Art of War":105,"Bottled Lightning":6,"ReplayTheSpireMod:Onyx Gauntlets":88,"ReplayTheSpireMod:Lightbulb":114,"Toy Ornithopter":56,"Ice Cream":93,"Gremlin Horn":109,"CeramicFish":102,"Vajra":15,"HoveringKite":120,"Centennial Puzzle":23,"Lizard Tail":88,"Strawberry":22,"Philosopher\u0027s Stone":42,"Prayer Wheel":52,"Toxic Egg 2":15,"Byrd Skull":5,"Happy Flower":39,"wanderingMiniBosses:ThiefScarf":51,"Ring of Hypnosis":54,"Replay:Grab Bag":81,"Oddly Smooth Stone":54,"infinitespire:Beetle Shell":77,"Ring of Chaos":121,"War Paint":32,"Du-Vu Doll":123,"ReplayTheSpireMod:Shallot":88,"Shuriken":47,"Brimstone":88,"Bronze Scales":105,"Molten Egg 2":69,"Black Star":26,"infinitespire:EmpoweringShard":88,"Grinning Jar":88,"Pocketwatch":56,"ReplayFunnel":66,"Snecko Heart":88,"SacredBark":100,"Enchiridion":88,"Mango":29,"Incense Burner":61,"Sizzling Blood":88,"Replay:Mystery Machine":39,"Empty Cage":110,"ClockworkSouvenir":102,"Nunchaku":51,"Chameleon Ring":88,"CCEMRelics:OldTooth":116,"Pantograph":87,"infinitespire:MutagenicDexterity":88,"Gambling Chip":102,"Red Mask":115,"infinitespire:Chaos":88,"Gremlin Food":29,"ReplayTheSpireMod:Ninjato":101,"infinitespire:CursedDice":88,"Guide Book":119,"infinitespire:EmptyRelic":88,"Orichalcum":95,"Mercury Hourglass":55,"Peace Pipe":51,"Calling Bell":88,"DataDisk":88,"CaptainsWheel":94,"Pondfish Scales":97,"Coffee Dripper":18,"Bag of Marbles":32,"TungstenRod":46,"FossilizedHelix":102,"ReplayTheSpireMod:ShopPack":56},{"TwistedFunnel":505,"downfall:HeartBlessingGreen":29,"Whetstone":352,"Ginger":639,"Bottled Tornado":318,"Boot":414,"m_GuardianBlood":505,"Blood Vial":6,"MealTicket":456,"Necronomicon":250,"Replay:Bottled Flurry":561,"Replay:Wax Seal":344,"Runic Cube":505,"Tingsha":314,"Eternal Feather":601,"Pen Nib":161,"ReplayTheSpireMod:SealedPack":486,"Guardian:PocketSentry":20,"infinitespire:EvilPickle":428,"Snecko Scales":296,"Pandora\u0027s Box":428,"hexamod:SoulConsumer":505,"Kintsugi":508,"Unceasing Top":197,"Abe\u0027s Treasure":368,"Solar Panel":505,"Regal Pillow":456,"Lantern":497,"Singing Bowl":269,"Torii":328,"Blue Doll":119,"Painkiller Herb":505,"Bag of Preparation":308,"Ancient Tea Set":233,"Cursed Key":486,"Smiling Mask":630,"Replay:Rubber Ducky":322,"WristBlade":314,"Replay:M_SmolderingBlood":505,"Toolbox":352,"WingedGreaves":505,"Chemical X":318,"Ring of Panic":505,"Ring of the Snake":0,"Potion Belt":261,"Lee\u0027s Waffle":124,"downfall:HeartBlessingRed":29,"The Specimen":505,"Golden Idol":337,"Circlet":489,"Thread and Needle":197,"PreservedInsect":303,"Omamori":115,"Ring of Greed":630,"MawBank":464,"Replay:Arrowhead":318,"Ornamental Fan":183,"Orrery":512,"Garlic":84,"Art of War":549,"Bottled Lightning":33,"ReplayTheSpireMod:Onyx Gauntlets":505,"ReplayTheSpireMod:Lightbulb":597,"Toy Ornithopter":328,"Ice Cream":518,"Gremlin Horn":564,"CeramicFish":536,"Vajra":77,"HoveringKite":627,"Centennial Puzzle":115,"Lizard Tail":505,"Strawberry":110,"Philosopher\u0027s Stone":246,"Prayer Wheel":308,"Toxic Egg 2":77,"Byrd Skull":29,"Happy Flower":224,"wanderingMiniBosses:ThiefScarf":303,"Ring of Hypnosis":318,"Replay:Grab Bag":486,"Oddly Smooth Stone":318,"infinitespire:Beetle Shell":448,"Ring of Chaos":630,"War Paint":174,"Du-Vu Doll":636,"ReplayTheSpireMod:Shallot":505,"Shuriken":276,"Brimstone":505,"Bronze Scales":549,"Molten Egg 2":408,"Black Star":135,"infinitespire:EmpoweringShard":505,"Grinning Jar":505,"Pocketwatch":328,"ReplayFunnel":384,"Snecko Heart":505,"SacredBark":534,"Enchiridion":505,"Mango":153,"Incense Burner":352,"Sizzling Blood":505,"Replay:Mystery Machine":224,"Empty Cage":575,"ClockworkSouvenir":536,"Nunchaku":303,"Chameleon Ring":505,"CCEMRelics:OldTooth":606,"Pantograph":503,"infinitespire:MutagenicDexterity":505,"Gambling Chip":536,"Red Mask":601,"infinitespire:Chaos":505,"Gremlin Food":153,"ReplayTheSpireMod:Ninjato":536,"infinitespire:CursedDice":505,"Guide Book":620,"infinitespire:EmptyRelic":505,"Orichalcum":522,"Mercury Hourglass":322,"Peace Pipe":303,"Calling Bell":505,"DataDisk":505,"CaptainsWheel":520,"Pondfish Scales":526,"Coffee Dripper":93,"Bag of Marbles":174,"TungstenRod":269,"FossilizedHelix":536,"ReplayTheSpireMod:ShopPack":328}],"Ring of the Snake":[226]},"card_choices":[{"not_picked":["Reflex","Outmaneuver","Quick Slash"],"picked":"SKIP","floor":1.0},{"not_picked":["ReplayTheSpireMod:Shiv Toss","Outmaneuver"],"picked":"Dodge and Roll","floor":3.0},{"not_picked":["Riddle With Holes","Deadly Poison"],"picked":"Leg Sweep","floor":6.0},{"not_picked":["Bane","Prepared"],"picked":"Footwork","floor":10.0},{"not_picked":["Predator","Expertise"],"picked":"Deflect","floor":11.0},{"not_picked":["Hidden Blade","Choke","Setup"],"picked":"SKIP","floor":12.0},{"not_picked":["All Out Attack","Toxin Wave"],"picked":"Tools of the Trade","floor":13.0},{"not_picked":["Envenom","Glass Knife"],"picked":"ReplayTheSpireMod:From All Sides","floor":16.0},{"not_picked":["Acrobatics","Hidden Blade","Bane"],"picked":"SKIP","floor":18.0},{"not_picked":["Backflip","Escape Plan"],"picked":"Underhanded Strike+1","floor":20.0},{"not_picked":["Predator+1","Underhanded Strike","Eviscerate"],"picked":"SKIP","floor":22.0},{"not_picked":["Sucker Punch","ReplayTheSpireMod:Shiv Toss"],"picked":"ReplayTheSpireMod:Tripwire+1","floor":23.0},{"not_picked":["Backflip","Concentrate"],"picked":"Escape Plan+1","floor":24.0},{"not_picked":["Hidden Blade","ReplayTheSpireMod:Shiv Toss+1","Riddle With Holes"],"picked":"SKIP","floor":27.0},{"not_picked":["Underhanded Strike","Bane","Flying Knee+1"],"picked":"SKIP","floor":28.0},{"not_picked":["Slice","Toxin Wave"],"picked":"Poison Darts","floor":29.0},{"not_picked":["Prepared","Underhanded Strike+1","Expertise"],"picked":"SKIP","floor":30.0},{"not_picked":["Envenom","Bullet Time"],"picked":"Corpse Explosion","floor":33.0},{"not_picked":["Prepared","Heel Hook"],"picked":"Backflip","floor":35},{"not_picked":["Dagger Spray+1","Outmaneuver","Bane"],"picked":"SKIP","floor":37},{"not_picked":["Heel Hook+1","Slice"],"picked":"Catalyst+1","floor":38},{"not_picked":["Toxin Wave+1","ReplayTheSpireMod:From All Sides"],"picked":"Calculated Gamble+1","floor":41},{"not_picked":["expansioncontent:Sear","Finesse"],"picked":"Bandage Up","floor":44},{"not_picked":["Mayhem","Crow Ritual"],"picked":"Midas Touch","floor":44},{"not_picked":["The Bomb","expansioncontent:PolyBeam"],"picked":"Replay:SS_fish_2","floor":44},{"not_picked":["Sucker Punch+1","Slice+1"],"picked":"Crippling Poison+1","floor":45},{"not_picked":["Well Laid Plans","Riddle With Holes","ReplayTheSpireMod:The Works+1"],"picked":"SKIP","floor":46},{"not_picked":["Reflex","Cloak And Dagger+1"],"picked":"Catalyst","floor":48}],"player_experience":246416,"relics_obtained":[{"floor":6.0,"key":"Whetstone"},{"floor":7.0,"key":"Bronze Scales"},{"floor":9.0,"key":"Art of War"},{"floor":10.0,"key":"Blue Doll"},{"floor":12.0,"key":"Replay:Bottled Flurry"},{"floor":23.0,"key":"ReplayTheSpireMod:Lightbulb"},{"floor":24.0,"key":"Red Mask"},{"floor":26.0,"key":"Eternal Feather"},{"floor":27.0,"key":"CCEMRelics:OldTooth"},{"floor":29.0,"key":"Centennial Puzzle"},{"floor":36,"key":"Ring of Chaos"},{"floor":36,"key":"Ring of Greed"},{"floor":36,"key":"Replay:Wax Seal"},{"floor":36,"key":"Smiling Mask"},{"floor":38,"key":"War Paint"},{"floor":39,"key":"Du-Vu Doll"},{"floor":41,"key":"Ginger"},{"floor":43,"key":"Vajra"},{"floor":45,"key":"Replay:Mystery Machine"},{"floor":48,"key":"Molten Egg 2"}],"event_choices":[{"damage_healed":0.0,"max_hp_gain":5.0,"max_hp_loss":0.0,"gold_gain":0.0,"event_name":"Big Fish","player_choice":"Donut","floor":4.0,"gold_loss":0.0,"damage_taken":0.0},{"damage_healed":0.0,"max_hp_gain":0.0,"max_hp_loss":0.0,"gold_gain":75.0,"event_name":"World of Goop","player_choice":"Gather Gold","floor":5.0,"gold_loss":0.0,"damage_taken":11.0},{"damage_healed":0.0,"max_hp_gain":0.0,"max_hp_loss":0.0,"gold_gain":0.0,"event_name":"Vampires","player_choice":"Ignored","floor":21.0,"gold_loss":0.0,"damage_taken":0.0},{"damage_healed":0.0,"max_hp_gain":0.0,"max_hp_loss":0.0,"gold_gain":0.0,"event_name":"Masked Bandits","player_choice":"Fought Bandits","floor":24.0,"gold_loss":0.0,"damage_taken":0.0},{"damage_healed":0,"gold_gain":0,"player_choice":"Fight","damage_taken":0,"max_hp_gain":0,"max_hp_loss":0,"event_name":"Mysterious Sphere","floor":39,"gold_loss":0},{"damage_healed":0,"gold_gain":0,"player_choice":"Memory 3","damage_taken":10,"max_hp_gain":0,"max_hp_loss":0,"event_name":"SensoryStone","floor":44,"gold_loss":0}],"is_beta":false,"boss_relics":[{"not_picked":["Kintsugi","Velvet Choker"],"picked":"Empty Cage"},{"not_picked":["CCEMRelics:TransientCore","Painkiller Herb"],"picked":"HoveringKite"}],"items_purged_floors":[0],"is_endless":false,"potions_floor_spawned":[6,10,13,22,24,29,30,39,48],"ascension_level":1}}