{"host":"3iouabftir4t7z56","time":1609636585,"event":{"mods":["2.2 Compatiblity","Act Like it!","BaseMod","Colored Map","Hallownest","Minty Spire (QoL Compilation)","StSLib","The Bug Knight"],"gold_per_floor":[114,33,53,67,87,115,135,135,161,121,121,121,121,137,137,233,233,244,261,67,635,654,654,689,689,689],"floor_reached":25,"playtime":2346,"items_purged":["HollowMod:NailStrikeStart"],"score":223,"play_id":"6ceed57b-b455-4cf4-81e7-40b7baa8d075","local_time":"20210103021625","is_ascension_mode":false,"campfire_choices":[{"floor":8,"key":"REST"},{"data":"HollowMod:ShadowDash","floor":12,"key":"SMITH"},{"data":"HollowMod:LordofShades","floor":15,"key":"SMITH"},{"floor":23,"key":"REST"}],"circlet_count":0,"master_deck":["HollowMod:QuickDashStart","HollowMod:QuickDashStart","HollowMod:QuickDashStart","HollowMod:PogoStrike","HollowMod:AbyssShriek","HollowMod:CycloneSlash","HollowMod:MantisMark","HollowMod:MonarchWings","HollowMod:CycloneSlash","HollowMod:DoubleDash","HollowMod:LordofShades+1","HollowMod:ShadowDash+1","HollowMod:SlysStrikes","HollowMod:theNailsmith","HollowMod:PerfectDash","HollowMod:BlackTendrils","HollowMod:SharpenedShadows","HollowMod:PerfectDash"],"relics":["HollowMod:VesselMask","The Courier","Boot","Hallownest:SalubrasBlessingRelic","CeramicFish"],"acts_visited":["Hallownest:Greenpath","Hallownest:CityofTears"],"potions_floor_usage":[6,16,19,20,25],"damage_taken":[{"damage":9,"enemies":"Hallownest:monsterHuskWarrior","floor":1,"turns":3},{"damage":4,"enemies":"Hallownest:monsterHuskGuard","floor":3,"turns":4},{"damage":2,"enemies":"2_ Uuma","floor":4,"turns":3},{"damage":9,"enemies":"Hallownest:1_Baldur_1_Crawlid_1_Warrior","floor":5,"turns":2},{"damage":24,"enemies":"Hallownest:eliteMossKnight","floor":6,"turns":14},{"damage":9,"enemies":"Hallownest:monsterMossCharger","floor":7,"turns":5},{"damage":1,"enemies":"Hallownest:MossCreep_and_Mosskin","floor":14,"turns":5},{"damage":50,"enemies":"Hallownest:BossFalseKnight","floor":16,"turns":9},{"damage":24,"enemies":"Hallownest:2_Mistakes","floor":18,"turns":5},{"damage":27,"enemies":"Hallownest:Guard_and_Sentry","floor":19,"turns":5},{"damage":14,"enemies":"Hallownest:2_Flukemon","floor":22,"turns":5},{"damage":31,"enemies":"Hallownest:Nosk","floor":24,"turns":9},{"damage":14,"enemies":"Hallownest:monsterShrumalOgre","floor":25,"turns":4}],"seed_played":"8742855056388820757","potions_obtained":[{"floor":1,"key":"SteroidPotion"},{"floor":4,"key":"ColorlessPotion"},{"floor":18,"key":"EssenceOfSteel"},{"floor":24,"key":"Strength Potion"}],"is_trial":false,"path_per_floor":["M","$","M","M","M","E","M","R","T","?","?","R","?","M","R","B",null,"M","M","$","?","M","R","E","M"],"character_chosen":"THE_BUGKNIGHT","items_purchased":["HollowMod:MantisMark","HollowMod:SharpenedShadows","Fruit Juice"],"campfire_rested":2,"item_purchase_floors":[2,20,20],"current_hp_per_floor":[66,66,62,60,51,27,18,40,40,57,57,57,57,56,56,6,68,44,17,22,22,11,34,6,0,0],"gold":689,"neow_bonus":"TRANSFORM_CARD","is_daily":false,"chose_seed":false,"campfire_upgraded":2,"win_rate":0.0,"timestamp":1609636585,"path_taken":["M","$","?","M","M","E","?","R","T","?","?","R","?","M","R","BOSS","M","M","$","?","M","R","E","M"],"items_purchased_type":["Card","Card","Potion"],"build_version":"2020-12-22","purchased_purges":1,"victory":false,"max_hp_per_floor":[75,75,75,75,75,75,75,75,75,75,68,68,68,68,68,68,68,68,68,73,73,73,75,75,75,75],"card_choices":[{"not_picked":["HollowMod:VengefulVoid","HollowMod:HowlingWraiths"],"picked":"HollowMod:CycloneSlash","floor":1},{"not_picked":["HollowMod:SiblingsSouls","HollowMod:TaintedHusks"],"picked":"HollowMod:MonarchWings","floor":3},{"not_picked":["HollowMod:InfectedCysts","HollowMod:HeavyBlow"],"picked":"HollowMod:CycloneSlash","floor":4},{"not_picked":["HollowMod:NewGlowingWomb","HollowMod:CornifersMapStart"],"picked":"HollowMod:DoubleDash","floor":5},{"not_picked":["HollowMod:DescendingDark","HollowMod:DungDefenderAura"],"picked":"HollowMod:LordofShades","floor":6},{"not_picked":["HollowMod:DoubleDash","HollowMod:DungDefenderAura"],"picked":"HollowMod:ShadowDash","floor":7},{"not_picked":["HollowMod:DoubleDash","HollowMod:NewLittleFool"],"picked":"HollowMod:SlysStrikes","floor":14},{"not_picked":["HollowMod:MidwifesHunger","HollowMod:ElderbugsWisdom"],"picked":"HollowMod:theNailsmith","floor":16},{"not_picked":["HollowMod:NewGlowingWomb+1","HollowMod:SharpenedNail"],"picked":"HollowMod:PerfectDash","floor":18},{"not_picked":["HollowMod:InfectedAttack","HollowMod:SiblingsShadow"],"picked":"HollowMod:BlackTendrils","floor":19},{"not_picked":["HollowMod:DashSlash+1","HollowMod:InfectedCysts","HollowMod:SharpenedNail"],"picked":"SKIP","floor":22},{"not_picked":["HollowMod:InfectedCysts","HollowMod:RecoilStrike+1"],"picked":"HollowMod:PerfectDash","floor":24}],"player_experience":587696,"relics_obtained":[{"floor":6,"key":"The Courier"},{"floor":9,"key":"Boot"},{"floor":24,"key":"CeramicFish"}],"event_choices":[],"is_beta":false,"boss_relics":[{"not_picked":["Runic Pyramid","Runic Dome"],"picked":"Empty Cage"}],"items_purged_floors":[20],"is_endless":false,"potions_floor_spawned":[1,4,18,24],"killed_by":"Hallownest:monsterShrumalOgre","ascension_level":0}}