{"host":"w0kqlntohdoatj1w","time":1609710643,"event":{"mods":["AchievementEnabler","BaseMod","Minty Spire (QoL Compilation)"],"gold_per_floor":[214,164,164,15,29,55,55,55,55,84,94,129,141,152,152,253,253,263,91,105,118,43,43,94,13,36,56,75,95,95,107,107,107,107],"floor_reached":33,"playtime":3143,"items_purged":["Strike_B","Strike_B"],"score":319,"play_id":"47b1f397-5d18-4076-a0d0-bed9fce0d1dc","local_time":"20210103155043","is_ascension_mode":false,"campfire_choices":[{"data":"Streamline","floor":7.0,"key":"SMITH"},{"floor":15.0,"key":"REST"},{"data":"Coolheaded","floor":23,"key":"SMITH"},{"floor":32,"key":"REST"}],"circlet_count":0,"master_deck":["Defend_B","Defend_B","Zap","Dualcast","Conserve Battery","Ball Lightning","Streamline+1","BootSequence","Compile Driver","Beam Cell","Static Discharge","FTL","Redo","Cold Snap","Rainbow","Conserve Battery","Loop","Redo","Chill","Coolheaded+1","Loop","Barrage","Glacier","Compile Driver","Chill"],"relics":["Cracked Core","Orichalcum","Tiny Chest","Smiling Mask","Nuclear Battery","Strawberry","Ancient Tea Set"],"acts_visited":["Exordium","TheCity"],"potions_floor_usage":[33,33,33],"damage_taken":[{"damage":6.0,"enemies":"Jaw Worm","floor":1.0,"turns":4.0},{"damage":0.0,"enemies":"2 Louse","floor":5.0,"turns":2.0},{"damage":13.0,"enemies":"Lagavulin","floor":6.0,"turns":5.0},{"damage":21.0,"enemies":"Gremlin Nob","floor":10.0,"turns":4.0},{"damage":0.0,"enemies":"Small Slimes","floor":11.0,"turns":2.0},{"damage":7.0,"enemies":"Lagavulin","floor":12.0,"turns":5.0},{"damage":0.0,"enemies":"Red Slaver","floor":13.0,"turns":2.0},{"damage":7.0,"enemies":"Gremlin Gang","floor":14.0,"turns":3.0},{"damage":0.0,"enemies":"Slime Boss","floor":16.0,"turns":9.0},{"damage":3,"enemies":"2 Thieves","floor":18,"turns":4},{"damage":2,"enemies":"3 Byrds","floor":20,"turns":4},{"damage":2,"enemies":"Snecko","floor":21,"turns":5},{"damage":26,"enemies":"Snake Plant","floor":27,"turns":5},{"damage":24,"enemies":"3 Cultists","floor":28,"turns":4},{"damage":7,"enemies":"Shelled Parasite and Fungi","floor":29,"turns":7},{"damage":9,"enemies":"Snake Plant","floor":31,"turns":4},{"damage":49,"enemies":"Champ","floor":33,"turns":10}],"seed_played":"-2725029694375226189","potions_obtained":[{"floor":1.0,"key":"PowerPotion"},{"floor":6.0,"key":"DistilledChaos"},{"floor":12.0,"key":"Weak Potion"},{"floor":13.0,"key":"Block Potion"},{"floor":18,"key":"DistilledChaos"},{"floor":21,"key":"PotionOfCapacity"}],"is_trial":false,"path_per_floor":["M","?","?","$","M","E","R","?","T","E","M","E","M","M","R","B",null,"M","$","M","M","?","R","T","$","T","M","M","M","?","M","R","B"],"character_chosen":"DEFECT","items_purchased":["Ball Lightning","Streamline","Loop","Redo","Loop"],"campfire_rested":2,"item_purchase_floors":[4,4,19,19,25],"current_hp_per_floor":[69,69,69,69,69,56,56,56,56,35,35,28,28,21,43,43,75,72,72,70,68,68,68,75,75,75,49,25,18,18,9,33,0,0],"gold":107,"neow_bonus":"HUNDRED_GOLD","is_daily":false,"chose_seed":false,"campfire_upgraded":2,"win_rate":0.0,"timestamp":1609710643,"path_taken":["M","?","?","$","M","E","R","?","T","E","M","E","M","?","R","BOSS","M","$","M","?","?","R","?","$","T","M","M","M","?","?","R","BOSS"],"items_purchased_type":["Card","Card","Card","Card","Card"],"build_version":"2020-12-22","purchased_purges":2,"victory":false,"max_hp_per_floor":[75,75,75,75,75,75,75,75,75,75,75,75,75,75,75,75,75,75,75,75,75,75,75,82,82,82,82,82,82,82,82,82,82,82],"card_choices":[{"not_picked":["Storm","Leap"],"picked":"Conserve Battery","floor":1.0},{"not_picked":["Undo","Steam Power"],"picked":"BootSequence","floor":5.0},{"not_picked":["Stack","Beam Cell"],"picked":"Compile Driver","floor":6.0},{"not_picked":["Conserve Battery","Steam"],"picked":"Static Discharge","floor":10.0},{"not_picked":["Barrage","Hologram"],"picked":"FTL","floor":11.0},{"not_picked":["Sweeping Beam","Stack"],"picked":"Static Discharge","floor":12.0},{"not_picked":["Self Repair","Streamline"],"picked":"Redo","floor":13.0},{"not_picked":["Gash","Leap"],"picked":"Cold Snap","floor":14.0},{"not_picked":["Thunder Strike","Buffer"],"picked":"Rainbow","floor":16.0},{"not_picked":["Barrage","Gash"],"picked":"Conserve Battery","floor":18},{"not_picked":["Ball Lightning+1","Rip and Tear"],"picked":"Chill","floor":20},{"not_picked":["Auto Shields+1","Cold Snap"],"picked":"Coolheaded","floor":21},{"not_picked":["Streamline","Conserve Battery"],"picked":"Barrage","floor":27},{"not_picked":["Aggregate","Stack"],"picked":"Glacier","floor":28},{"not_picked":["Coolheaded","Lockon+1"],"picked":"Compile Driver","floor":29},{"not_picked":["Cold Snap","Go for the Eyes"],"picked":"Chill","floor":31}],"player_experience":55299,"relics_obtained":[{"floor":6.0,"key":"Orichalcum"},{"floor":10.0,"key":"Tiny Chest"},{"floor":12.0,"key":"Smiling Mask"},{"floor":24,"key":"Strawberry"},{"floor":26,"key":"Ancient Tea Set"}],"event_choices":[{"cards_removed":["Strike_B"],"damage_healed":0.0,"max_hp_gain":0.0,"max_hp_loss":0.0,"gold_gain":0.0,"event_name":"The Cleric","player_choice":"Card Removal","floor":2.0,"gold_loss":50.0,"damage_taken":0.0},{"cards_removed":["Strike_B"],"damage_healed":0.0,"max_hp_gain":0.0,"max_hp_loss":0.0,"gold_gain":0.0,"event_name":"Living Wall","player_choice":"Forget","floor":3.0,"gold_loss":0.0,"damage_taken":0.0},{"damage_healed":0.0,"max_hp_gain":0.0,"max_hp_loss":0.0,"gold_gain":0.0,"cards_transformed":["Defend_B"],"event_name":"Transmorgrifier","player_choice":"Transformed","floor":8.0,"gold_loss":0.0,"damage_taken":0.0,"cards_obtained":["Beam Cell"]},{"cards_removed":["Defend_B"],"damage_healed":0,"gold_gain":0,"player_choice":"Gave Gold","damage_taken":0,"max_hp_gain":0,"max_hp_loss":0,"event_name":"Beggar","floor":22,"gold_loss":75},{"cards_removed":["Static Discharge"],"damage_healed":0,"gold_gain":0,"player_choice":"Purged","damage_taken":0,"max_hp_gain":0,"max_hp_loss":0,"event_name":"Purifier","floor":30,"gold_loss":0}],"is_beta":false,"boss_relics":[{"not_picked":["Empty Cage","Busted Crown"],"picked":"Nuclear Battery"}],"items_purged_floors":[4,19],"is_endless":false,"potions_floor_spawned":[1,6,12,13,14,18,21,27],"killed_by":"Champ","ascension_level":0}}