{"host":"kiauivt48syq9iz6","time":1609684885,"event":{"mods":["A Magickal Journey","BaseMod","Conspire","Downfall","Hermit","Minty Spire (QoL Compilation)","Replay The Spire","SIMod","Somnambulant","StSLib","The Animator","The Construct","The Cursed","The Disciple","The Forsaken","The Judge","The Marked","The Runesmith","The Servant 0.9.4","The Spell Scribe"],"gold_per_floor":[113,126,126,126,139,139,158,158,183,183,198,168,15,51,51,181,181,201,201,226,226,21,21,355,326,351,375,375,375,400,12,12,12,12],"floor_reached":33,"playtime":1320,"items_purged":["Injury"],"score":263,"play_id":"f9dc30a9-2bd7-4d85-be14-40a6a60621ac","local_time":"20210103074125","is_ascension_mode":false,"campfire_choices":[{"data":"Conserve Battery","floor":6,"key":"SMITH"},{"data":"ReplaySort","floor":8,"key":"SMITH"},{"data":"Steam Power","floor":10,"key":"SMITH"},{"floor":15,"key":"REST"},{"floor":23,"key":"REST"},{"floor":28,"key":"REST"},{"floor":32,"key":"REST"}],"circlet_count":0,"master_deck":["Strike_B","Strike_B","Strike_B","Strike_B","Defend_B","Defend_B","Defend_B","Defend_B","Zap+1","Dualcast","Glacier","Steam Power+1","Conserve Battery+1","ReplaySort+1","Stack","Conserve Battery","Capacitor","Rip and Tear","Compile Driver","Barrage","Thunder Strike","Conserve Battery","Tempest+1","Necronomicurse","expansioncontent:FaceSlap","Melter","Panic Button","Panic Button","Sweeping Beam+1","Cold Snap","J.A.X.","ReplayTheSpireMod:Repulse+1","Beam Cell","Gash"],"relics":["Cracked Core","Pyrelight","Golden Idol","Replay:Rubber Ducky","Bag of Marbles","Nuclear Battery","Necronomicon","Old Coin","ReplayTheSpireMod:Lightbulb","Snack Pack"],"acts_visited":["Exordium","TheCity"],"potions_floor_usage":[11,16,24,24,24,24,24],"damage_taken":[{"damage":0,"enemies":"Cultist","floor":1,"turns":3},{"damage":1,"enemies":"2 Louse","floor":2,"turns":3},{"damage":6,"enemies":"Jaw Worm","floor":5,"turns":2},{"damage":1,"enemies":"Exordium Thugs","floor":7,"turns":7},{"damage":16,"enemies":"Large Slime","floor":11,"turns":7},{"damage":0,"enemies":"Looter","floor":12,"turns":4},{"damage":10,"enemies":"Lagavulin","floor":14,"turns":9},{"damage":24,"enemies":"The Guardian","floor":16,"turns":11},{"damage":7,"enemies":"Shell Parasite","floor":18,"turns":7},{"damage":8,"enemies":"Spheric Guardian","floor":20,"turns":4},{"damage":34,"enemies":"Slavers","floor":24,"turns":7},{"damage":12,"enemies":"Cultist and Chosen","floor":27,"turns":8},{"damage":20,"enemies":"3 Cultists","floor":30,"turns":5},{"damage":56,"enemies":"Pondfish","floor":33,"turns":7}],"seed_played":"-281403836943134877","potions_obtained":[{"floor":1,"key":"AttackPotion"},{"floor":2,"key":"Swift Potion"},{"floor":11,"key":"SpeedPotion"},{"floor":16,"key":"FearPotion"},{"floor":20,"key":"EntropicBrew"},{"floor":24,"key":"SpeedPotion"},{"floor":30,"key":"DuplicationPotion"}],"is_trial":false,"path_per_floor":["M","M","?","?","M","R","M","R","T","R","M","M","$","E","R","B",null,"M","?","M","?","$","R","E","?","T","M","R","?","M","$","R","B"],"character_chosen":"DEFECT","items_purchased":["Capacitor","Rip and Tear","Compile Driver","expansioncontent:FaceSlap","Melter","Panic Button","Snack Pack","Beam Cell","Gash"],"campfire_rested":4,"item_purchase_floors":[13,13,13,22,22,22,31,31,31],"current_hp_per_floor":[75,74,74,74,68,68,67,67,67,67,51,51,51,41,63,39,75,68,68,60,44,44,66,32,32,32,20,42,42,22,22,44,0,0],"gold":12,"neow_bonus":"UPGRADE_CARD","is_daily":false,"chose_seed":false,"campfire_upgraded":3,"win_rate":0.0,"timestamp":1609684885,"path_taken":["M","?","?","?","M","R","M","R","T","R","?","M","$","E","R","BOSS","M","?","M","?","$","R","E","?","T","?","R","?","M","$","R","BOSS"],"items_purchased_type":["Card","Card","Card","Card","Card","Card","Relic","Card","Card"],"build_version":"2020-12-22","purchased_purges":1,"victory":false,"max_hp_per_floor":[75,75,75,75,75,75,75,75,75,75,75,75,75,75,75,75,75,75,75,75,75,75,75,75,75,75,75,75,75,75,75,75,75,75],"card_choices":[{"not_picked":["Sweeping Beam","conspire:SharedLibrary"],"picked":"Glacier","floor":1},{"not_picked":["Force Field","Stack"],"picked":"Steam Power","floor":2},{"not_picked":["Blizzard","Rebound"],"picked":"Conserve Battery","floor":5},{"not_picked":["Redo","Double Energy"],"picked":"ReplaySort","floor":7},{"not_picked":["Biased Cognition","Ball Lightning"],"picked":"Stack","floor":11},{"not_picked":["Hologram","ReplayTheSpireMod:System Scan"],"picked":"Conserve Battery","floor":12},{"not_picked":["Sweeping Beam","Go for the Eyes"],"picked":"Barrage","floor":14},{"not_picked":["Multi-Cast","Amplify"],"picked":"Thunder Strike","floor":16},{"not_picked":["Ball Lightning","Glacier"],"picked":"Conserve Battery","floor":18},{"not_picked":["Barrage","BasicCrystalCard"],"picked":"Tempest+1","floor":20},{"not_picked":["Auto Shields","Steam+1"],"picked":"Sweeping Beam+1","floor":24},{"not_picked":["Rebound","Steam+1"],"picked":"Cold Snap","floor":27},{"not_picked":["Steam Power","Ball Lightning"],"picked":"ReplayTheSpireMod:Repulse+1","floor":30}],"player_experience":147138,"relics_obtained":[{"floor":9,"key":"Replay:Rubber Ducky"},{"floor":14,"key":"Bag of Marbles"},{"floor":21,"key":"Necronomicon"},{"floor":24,"key":"Old Coin"},{"floor":26,"key":"ReplayTheSpireMod:Lightbulb"}],"event_choices":[{"damage_healed":0,"gold_gain":0,"player_choice":"Take Wound","damage_taken":0,"relics_obtained":["Golden Idol"],"max_hp_gain":0,"max_hp_loss":0,"event_name":"Golden Idol","floor":4,"gold_loss":0,"cards_obtained":["Injury"]},{"damage_healed":0,"gold_gain":0,"player_choice":"Obtained Book","damage_taken":16,"max_hp_gain":0,"max_hp_loss":0,"event_name":"Cursed Tome","floor":21,"gold_loss":0},{"damage_healed":0,"gold_gain":0,"player_choice":"Obtain J.A.X.","damage_taken":0,"max_hp_gain":0,"max_hp_loss":0,"event_name":"Drug Dealer","floor":29,"gold_loss":0,"cards_obtained":["J.A.X."]}],"is_beta":false,"boss_relics":[{"not_picked":["construct:WeddingRing","Black Star"],"picked":"Nuclear Battery"}],"items_purged_floors":[31],"is_endless":false,"potions_floor_spawned":[1,2,11,16,20,24,30],"killed_by":"Pondfish","ascension_level":0}}