{"host":"w9yruvs4bqht6bhw","time":1609706778,"event":{"mods":["BaseMod","Colored Powertips","Minty Spire (QoL Compilation)"],"gold_per_floor":[109,284,284,284,300,343,343,368,368,386,400,434,50,90,90,218,218,242,258,258,183,183,183,218,72,72,96,96,137,52,52,52],"floor_reached":31,"playtime":1020,"items_purged":["Doubt"],"score":427,"play_id":"0ee2d1e1-42ac-4089-855e-e465d9bec381","local_time":"20210103154618","is_ascension_mode":true,"campfire_choices":[{"data":"Anger","floor":15,"key":"SMITH"},{"data":"Whirlwind","floor":23,"key":"SMITH"}],"circlet_count":0,"master_deck":["Strike_R","Strike_R","Strike_R","Strike_R","Strike_R","Defend_R","Defend_R","Defend_R","Defend_R+1","Bash","Whirlwind+1","Anger+1","Seeing Red","Infernal Blade+1","Battle Trance","Disarm","Thunderclap","Anger+1","Feed","Shrug It Off","Decay"],"relics":["Burning Blood","NeowsBlessing","Golden Idol","StoneCalendar","Self Forming Clay","Gambling Chip","War Paint","Kunai","Charon\u0027s Ashes","Cursed Key","Orichalcum","Orrery","Blood Vial","Bottled Flame","InkBottle"],"acts_visited":["Exordium","TheCity"],"potions_floor_usage":[12,14,14,29,29,31],"damage_taken":[{"damage":0,"enemies":"2 Louse","floor":1,"turns":1},{"damage":0,"enemies":"Small Slimes","floor":5,"turns":1},{"damage":0,"enemies":"Gremlin Nob","floor":6,"turns":1},{"damage":9,"enemies":"Jaw Worm","floor":8,"turns":4},{"damage":6,"enemies":"3 Louse","floor":10,"turns":3},{"damage":7,"enemies":"Large Slime","floor":11,"turns":5},{"damage":27,"enemies":"Lagavulin","floor":12,"turns":4},{"damage":10,"enemies":"3 Sentries","floor":14,"turns":4},{"damage":42,"enemies":"Slime Boss","floor":16,"turns":7},{"damage":10,"enemies":"Chosen","floor":18,"turns":4},{"damage":8,"enemies":"2 Thieves","floor":19,"turns":3},{"damage":32,"enemies":"Book of Stabbing","floor":24,"turns":4},{"damage":23,"enemies":"Centurion and Healer","floor":27,"turns":4},{"damage":14,"enemies":"Slavers","floor":29,"turns":3},{"damage":14,"enemies":"Snake Plant","floor":31,"turns":3}],"seed_played":"1600422899626795248","potions_obtained":[{"floor":5,"key":"Weak Potion"},{"floor":10,"key":"Fire Potion"},{"floor":16,"key":"Dexterity Potion"},{"floor":24,"key":"ElixirPotion"},{"floor":27,"key":"FearPotion"},{"floor":29,"key":"SkillPotion"}],"is_trial":false,"path_per_floor":["M","?","?","?","M","E","?","M","T","M","M","E","$","E","R","B",null,"M","M","?","?","?","R","E","$","T","M","?","E","?","M"],"character_chosen":"IRONCLAD","items_purchased":["Kunai","BloodPotion","Orrery"],"campfire_rested":0,"item_purchase_floors":[13,13,25],"current_hp_per_floor":[78,78,83,79,79,79,61,58,58,58,57,36,36,47,47,11,62,58,56,56,56,56,56,30,30,30,15,15,9,9,0,0],"gold":52,"neow_bonus":"THREE_ENEMY_KILL","is_daily":false,"chose_seed":false,"campfire_upgraded":2,"win_rate":0.0,"timestamp":1609706778,"path_taken":["M","?","?","?","?","E","?","M","T","M","M","E","$","E","R","BOSS","M","M","?","?","?","R","E","$","T","?","?","E","?","M"],"items_purchased_type":["Relic","Potion","Relic"],"build_version":"2020-12-22","purchased_purges":1,"victory":false,"max_hp_per_floor":[80,80,85,79,79,79,79,79,79,79,79,79,79,79,79,79,79,79,79,79,79,79,79,79,79,79,79,79,79,79,79,79],"card_choices":[{"not_picked":["Flex","Sword Boomerang"],"picked":"Whirlwind","floor":1},{"not_picked":["Sentinel","Armaments"],"picked":"Anger","floor":5},{"not_picked":["Armaments","Combust"],"picked":"Heavy Blade","floor":6},{"not_picked":["Dropkick","Body Slam"],"picked":"Seeing Red","floor":8},{"not_picked":["Entrench","Fire Breathing"],"picked":"Infernal Blade","floor":10},{"not_picked":["Dark Embrace","Whirlwind"],"picked":"Battle Trance","floor":11},{"not_picked":["Pommel Strike","Flame Barrier","Disarm"],"picked":"SKIP","floor":12},{"not_picked":["Pommel Strike","Flame Barrier","Disarm"],"picked":"SKIP","floor":12},{"not_picked":["True Grit","Hemokinesis"],"picked":"Disarm","floor":14},{"not_picked":["Body Slam+1","Uppercut"],"picked":"Thunderclap","floor":18},{"not_picked":["Body Slam+1","Thunderclap","Uppercut"],"picked":"SKIP","floor":19},{"not_picked":["Shrug It Off","Searing Blow","Thunderclap"],"picked":"SKIP","floor":24},{"not_picked":["Body Slam","Sword Boomerang+1"],"picked":"Feed","floor":25},{"not_picked":["Intimidate","Blood for Blood"],"picked":"Shrug It Off","floor":25},{"not_picked":["Sever Soul+1","Second Wind","Twin Strike+1"],"picked":"SKIP","floor":27},{"not_picked":["Havoc+1","Flame Barrier+1","Clash"],"picked":"SKIP","floor":29}],"player_experience":296125,"relics_obtained":[{"floor":6,"key":"StoneCalendar"},{"floor":9,"key":"Gambling Chip"},{"floor":12,"key":"War Paint"},{"floor":14,"key":"Charon\u0027s Ashes"},{"floor":24,"key":"Orichalcum"},{"floor":26,"key":"Blood Vial"},{"floor":29,"key":"Bottled Flame"}],"event_choices":[{"damage_healed":0,"gold_gain":175,"player_choice":"AGREE","damage_taken":0,"max_hp_gain":0,"max_hp_loss":0,"event_name":"Liars Game","floor":2,"gold_loss":0,"cards_obtained":["Doubt"]},{"damage_healed":0,"gold_gain":0,"player_choice":"Donut","damage_taken":0,"max_hp_gain":5,"max_hp_loss":0,"event_name":"Big Fish","floor":3,"gold_loss":0},{"damage_healed":0,"gold_gain":0,"player_choice":"Lose Max HP","damage_taken":0,"relics_obtained":["Golden Idol"],"max_hp_gain":0,"max_hp_loss":6,"event_name":"Golden Idol","floor":4,"gold_loss":0},{"damage_healed":0,"gold_gain":0,"player_choice":"Success","damage_taken":18,"relics_obtained":["Self Forming Clay"],"max_hp_gain":0,"max_hp_loss":0,"event_name":"Scrap Ooze","floor":7,"gold_loss":0},{"damage_healed":0,"gold_gain":0,"player_choice":"Ignored","damage_taken":0,"max_hp_gain":0,"max_hp_loss":0,"event_name":"Ghosts","floor":20,"gold_loss":0},{"cards_removed":["Heavy Blade"],"damage_healed":0,"gold_gain":0,"player_choice":"Gave Gold","damage_taken":0,"max_hp_gain":0,"max_hp_loss":0,"event_name":"Beggar","floor":21,"gold_loss":75},{"damage_healed":0,"gold_gain":0,"player_choice":"Copied","damage_taken":0,"max_hp_gain":0,"max_hp_loss":0,"event_name":"Duplicator","floor":22,"gold_loss":0,"cards_obtained":["Anger"]},{"damage_healed":0,"gold_gain":0,"player_choice":"Ignored","damage_taken":0,"max_hp_gain":0,"max_hp_loss":0,"event_name":"Cursed Tome","floor":28,"gold_loss":0},{"damage_healed":0,"gold_gain":0,"player_choice":"Obtained Relic","damage_taken":0,"relics_obtained":["InkBottle"],"max_hp_gain":0,"max_hp_loss":0,"event_name":"Addict","floor":30,"gold_loss":85}],"is_beta":false,"boss_relics":[{"not_picked":["Coffee Dripper","Sozu"],"picked":"Cursed Key"}],"items_purged_floors":[13],"is_endless":false,"potions_floor_spawned":[5,10,16,24,27,29],"killed_by":"Snake Plant","ascension_level":7}}