{"host":"y89x8uui45kcjy42","time":1609678286,"event":{"mods":["2.2 Compatiblity","BaseMod","CapriCore","Colored Map","Colored Powertips","Custom Start","Friendly Minions","Keyboard Shortcuts","Minty Spire (QoL Compilation)","Relic Stats","Slay the Relics Exporter","StSLib","SuperFastMode"],"gold_per_floor":[111,111,128,145,163,163,191,26,26,26,44,57,88,88,88,179,179,202,220,220,234,159,159,200,120,143,179,179,179,179,179,179,254,254,266,25,41,41,58,58,58],"floor_reached":40,"playtime":1274,"items_purged":["Strike_P","Defend_P","Defend_P"],"score":918,"play_id":"d6a8310d-0d83-49a5-9776-c08fb6578c9e","local_time":"20210103215126","is_ascension_mode":true,"campfire_choices":[{"data":"Eruption","floor":6.0,"key":"SMITH"},{"data":"SignatureMove","floor":10.0,"key":"SMITH"},{"data":"MentalFortress","floor":15.0,"key":"SMITH"},{"data":"Worship","floor":28.0,"key":"SMITH"},{"data":"Judgement","floor":30.0,"key":"SMITH"},{"data":"Prostrate","floor":32.0,"key":"SMITH"}],"circlet_count":0,"master_deck":["AscendersBane","Defend_P","Eruption+1","Vigilance","InnerPeace","SignatureMove+1","Consecrate","ThirdEye","MentalFortress+1","Evaluate","Meditate","Prostrate+1","Sanctity","PathToVictory","Worship+1","LessonLearned+1","Pray"],"relics":["HolyWater","WarpedTongs","Sundial","TeardropLocket","Matryoshka","Bloody Idol","Coffee Dripper","The Courier","Orichalcum","Smiling Mask","Bottled Flame","Juzu Bracelet","Membership Card","Vajra"],"acts_visited":["Exordium","TheCity","TheBeyond"],"potions_floor_usage":[],"damage_taken":[{"damage":0.0,"enemies":"Cultist","floor":1.0,"turns":3.0},{"damage":0.0,"enemies":"Jaw Worm","floor":3.0,"turns":1.0},{"damage":0.0,"enemies":"Small Slimes","floor":4.0,"turns":2.0},{"damage":9.0,"enemies":"2 Fungi Beasts","floor":5.0,"turns":2.0},{"damage":3.0,"enemies":"Gremlin Nob","floor":7.0,"turns":3.0},{"damage":3.0,"enemies":"Looter","floor":11.0,"turns":2.0},{"damage":1.0,"enemies":"Blue Slaver","floor":12.0,"turns":2.0},{"damage":1.0,"enemies":"Lagavulin","floor":13.0,"turns":4.0},{"damage":6.0,"enemies":"Hexaghost","floor":16.0,"turns":7.0},{"damage":0.0,"enemies":"Spheric Guardian","floor":18.0,"turns":2.0},{"damage":19.0,"enemies":"Chosen","floor":19.0,"turns":4.0},{"damage":18.0,"enemies":"Shelled Parasite and Fungi","floor":21.0,"turns":5.0},{"damage":8.0,"enemies":"Gremlin Leader","floor":24.0,"turns":4.0},{"damage":7.0,"enemies":"Book of Stabbing","floor":27.0,"turns":3.0},{"damage":10.0,"enemies":"Automaton","floor":33.0,"turns":6.0},{"damage":8,"enemies":"Orb Walker","floor":35,"turns":3},{"damage":14,"enemies":"3 Shapes","floor":37,"turns":4},{"damage":40,"enemies":"Maw","floor":39,"turns":6},{"damage":23,"enemies":"Reptomancer","floor":40,"turns":2}],"seed_played":"-4137366451721029273","potions_obtained":[{"floor":1.0,"key":"BlessingOfTheForge"},{"floor":4.0,"key":"LiquidMemories"},{"floor":12.0,"key":"CultistPotion"},{"floor":16.0,"key":"SkillPotion"},{"floor":19.0,"key":"FearPotion"},{"floor":21.0,"key":"StancePotion"},{"floor":27.0,"key":"Strength Potion"},{"floor":39,"key":"Strength Potion"}],"is_trial":false,"path_per_floor":["M","?","M","M","M","R","E","$","T","R","M","M","E","?","R","B",null,"M","M","?","M","?","?","E","$","T","E","R","T","R","?","R","B",null,"M","$","M","?","M","E"],"character_chosen":"WATCHER","items_purchased":["Meditate","Membership Card","Vajra"],"campfire_rested":0,"item_purchase_floors":[8,36,36],"current_hp_per_floor":[61,61,61,61,52,52,49,49,49,49,46,45,44,21,21,15,55,55,36,36,18,18,18,10,10,10,3,3,3,3,3,3,63,67,64,64,55,55,20,0,0],"gold":58,"neow_bonus":"TRANSFORM_TWO_CARDS","is_daily":false,"chose_seed":false,"campfire_upgraded":6,"win_rate":0.0,"timestamp":1609678286,"path_taken":["M","?","?","M","M","R","E","$","T","R","M","M","E","?","R","BOSS","M","M","?","M","?","?","E","$","T","E","R","?","R","?","R","BOSS","M","$","M","?","M","E"],"items_purchased_type":["Card","Relic","Relic"],"build_version":"2020-12-22","purchased_purges":3,"victory":false,"max_hp_per_floor":[68,68,68,68,68,68,68,68,68,68,68,68,68,68,68,68,68,68,68,68,68,68,68,68,68,68,68,68,68,68,68,68,68,68,68,68,68,68,68,68,68],"relic_stats":{"counters":[19,65],"Sundial":[8],"Bloody Idol":20,"Juzu Bracelet":0,"Orichalcum":[6],"Smiling Mask":0,"obtain_stats":[{"Golden Idol":14,"Vajra":36,"The Courier":24,"Omamori":0,"Juzu Bracelet":29,"TeardropLocket":9,"Orichalcum":26,"Smiling Mask":26,"WarpedTongs":2,"Bottled Flame":27,"Matryoshka":13,"Sundial":7,"Bloody Idol":31,"HolyWater":34,"Coffee Dripper":17,"Membership Card":36,"PureWater":0},{"Golden Idol":8,"Vajra":16,"The Courier":13,"Omamori":0,"Juzu Bracelet":14,"TeardropLocket":5,"Orichalcum":13,"Smiling Mask":13,"WarpedTongs":1,"Bottled Flame":14,"Matryoshka":8,"Sundial":5,"Bloody Idol":14,"HolyWater":15,"Coffee Dripper":9,"Membership Card":16,"PureWater":0},{"Golden Idol":19,"Vajra":53,"The Courier":41,"Omamori":0,"Juzu Bracelet":44,"TeardropLocket":11,"Orichalcum":41,"Smiling Mask":41,"WarpedTongs":3,"Bottled Flame":44,"Matryoshka":19,"Sundial":11,"Bloody Idol":44,"HolyWater":50,"Coffee Dripper":26,"Membership Card":53,"PureWater":0}],"WarpedTongs":[62]},"card_choices":[{"not_picked":["FlurryOfBlows","ClearTheMind"],"picked":"Consecrate","floor":1.0},{"not_picked":["SignatureMove","Perseverance"],"picked":"ThirdEye","floor":3.0},{"not_picked":["CutThroughFate","FollowUp","Protect"],"picked":"SKIP","floor":4.0},{"not_picked":["PathToVictory","Crescendo"],"picked":"MentalFortress","floor":5.0},{"not_picked":["Wish","Tantrum"],"picked":"Evaluate","floor":7.0},{"not_picked":["SashWhip","EmptyFist","WheelKick"],"picked":"SKIP","floor":11.0},{"not_picked":["Crescendo","FlyingSleeves"],"picked":"Prostrate","floor":12.0},{"not_picked":["EmptyBody","Swivel","CarveReality"],"picked":"SKIP","floor":13.0},{"not_picked":["ConjureBlade","SpiritShield"],"picked":"Judgement","floor":16.0},{"not_picked":["Nirvana","Indignation","Evaluate"],"picked":"SKIP","floor":18.0},{"not_picked":["EmptyBody","CutThroughFate"],"picked":"Sanctity","floor":19.0},{"not_picked":["FollowUp","Brilliance"],"picked":"PathToVictory","floor":21.0},{"not_picked":["JustLucky","Swivel"],"picked":"Worship","floor":24.0},{"not_picked":["Wallop","ClearTheMind+1","Establishment"],"picked":"SKIP","floor":27.0},{"not_picked":["Wallop","ClearTheMind+1","Establishment"],"picked":"SKIP","floor":27.0},{"not_picked":["Judgement","Blasphemy"],"picked":"LessonLearned","floor":33.0},{"not_picked":["Prostrate","CarveReality","Worship"],"picked":"SKIP","floor":35},{"not_picked":["SandsOfTime","Crescendo"],"picked":"Pray","floor":37},{"not_picked":["Weave","EmptyFist","FollowUp"],"picked":"SKIP","floor":39}],"player_experience":546698,"relics_obtained":[{"floor":7.0,"key":"Sundial"},{"floor":9.0,"key":"TeardropLocket"},{"floor":13.0,"key":"Matryoshka"},{"floor":24.0,"key":"The Courier"},{"floor":26.0,"key":"Orichalcum"},{"floor":26.0,"key":"Smiling Mask"},{"floor":27.0,"key":"Bottled Flame"},{"floor":29.0,"key":"Juzu Bracelet"}],"event_choices":[{"damage_healed":0.0,"max_hp_gain":0.0,"max_hp_loss":0.0,"gold_gain":0.0,"event_name":"Accursed Blacksmith","player_choice":"Rummage","floor":2.0,"gold_loss":0.0,"damage_taken":0.0,"relics_obtained":["WarpedTongs"],"cards_obtained":["Pain"]},{"damage_healed":0.0,"max_hp_gain":0.0,"max_hp_loss":0.0,"gold_gain":0.0,"event_name":"Golden Idol","player_choice":"Take Damage","floor":14.0,"gold_loss":0.0,"damage_taken":23.0,"relics_obtained":["Golden Idol"]},{"damage_healed":0.0,"max_hp_gain":0.0,"max_hp_loss":0.0,"gold_gain":0.0,"event_name":"Vampires","player_choice":"Ignored","floor":20.0,"gold_loss":0.0,"damage_taken":0.0},{"cards_removed":["Strike_P"],"damage_healed":0.0,"max_hp_gain":0.0,"max_hp_loss":0.0,"gold_gain":0.0,"event_name":"Beggar","player_choice":"Gave Gold","floor":22.0,"gold_loss":75.0,"damage_taken":0.0},{"cards_removed":["Strike_P"],"damage_healed":0.0,"max_hp_gain":0.0,"max_hp_loss":0.0,"gold_gain":0.0,"event_name":"Back to Basics","player_choice":"Elegance","floor":23.0,"gold_loss":0.0,"damage_taken":0.0},{"damage_healed":0.0,"max_hp_gain":0.0,"max_hp_loss":0.0,"gold_gain":0.0,"event_name":"Forgotten Altar","player_choice":"Gave Idol","floor":31.0,"relics_lost":["Golden Idol"],"gold_loss":0.0,"damage_taken":0.0,"relics_obtained":["Bloody Idol"]},{"cards_removed":["Judgement"],"damage_healed":0,"gold_gain":0,"player_choice":"Removed Skill","damage_taken":0,"max_hp_gain":0,"max_hp_loss":0,"event_name":"Falling","floor":38,"gold_loss":0}],"is_beta":false,"boss_relics":[{"not_picked":["Sozu","Tiny House","SacredBark"]},{"not_picked":["Philosopher\u0027s Stone","Fusion Hammer"],"picked":"HolyWater"}],"items_purged_floors":[8,25,36],"is_endless":false,"potions_floor_spawned":[1,4,12,16,19,21,27,39],"killed_by":"Reptomancer","ascension_level":20}}