{"host":"nptej036rrbiurf5","time":1609659785,"event":{"mods":["BaseMod","Colored Map","Colored Powertips","DeckTracker","Minty Spire (QoL Compilation)","StSLib","SuperFastMode"],"gold_per_floor":[109,109,109,34,47,75,75,75,75,90,115,134,134,147,147,147,147],"floor_reached":16,"playtime":274,"items_purged":["Strike_B"],"score":257,"play_id":"3c58ae50-83c7-41df-9cc7-526f0d543e3b","local_time":"20210103164305","is_ascension_mode":true,"campfire_choices":[{"data":"Defragment","floor":7,"key":"SMITH"},{"data":"Static Discharge","floor":15,"key":"SMITH"}],"circlet_count":0,"master_deck":["AscendersBane","Strike_B","Strike_B","Defend_B","Defend_B","Defend_B","Defend_B+1","Zap+1","Dualcast","Barrage","Defragment+1","Sunder","Static Discharge+1","Conserve Battery","Genetic Algorithm","Turbo"],"relics":["Cracked Core","NeowsBlessing","War Paint","Nunchaku","Bronze Scales","Eternal Feather","Mummified Hand"],"acts_visited":["Exordium"],"potions_floor_usage":[12],"damage_taken":[{"damage":0,"enemies":"2 Louse","floor":1,"turns":1},{"damage":0,"enemies":"Cultist","floor":5,"turns":1},{"damage":0,"enemies":"Gremlin Nob","floor":6,"turns":1},{"damage":0,"enemies":"Jaw Worm","floor":10,"turns":3},{"damage":17,"enemies":"Lagavulin","floor":11,"turns":5},{"damage":20,"enemies":"Exordium Thugs","floor":12,"turns":3},{"damage":14,"enemies":"Lots of Slimes","floor":14,"turns":3},{"damage":26,"enemies":"The Guardian","floor":16,"turns":5}],"seed_played":"-4668834646703195709","potions_obtained":[{"floor":10,"key":"Regen Potion"}],"is_trial":false,"path_per_floor":["M","?","?","$","M","E","R","?","T","M","E","M","T","M","R","B"],"character_chosen":"DEFECT","items_purchased":[],"campfire_rested":0,"item_purchase_floors":[],"current_hp_per_floor":[64,69,69,69,69,69,69,62,62,62,45,34,34,20,29,3,3],"gold":147,"neow_bonus":"THREE_ENEMY_KILL","is_daily":false,"chose_seed":false,"campfire_upgraded":2,"win_rate":0.0,"timestamp":1609659785,"path_taken":["M","?","?","$","?","E","R","?","T","M","E","M","?","M","R","BOSS"],"items_purchased_type":[],"build_version":"2020-12-22","purchased_purges":1,"victory":false,"max_hp_per_floor":[71,76,76,76,76,76,76,76,76,76,76,76,76,76,76,76,76],"card_choices":[{"not_picked":["Conserve Battery","Heatsinks"],"picked":"Barrage","floor":1},{"not_picked":["Barrage","Turbo"],"picked":"Defragment","floor":5},{"not_picked":["BootSequence","Hello World"],"picked":"Sunder","floor":6},{"not_picked":["Turbo","Coolheaded"],"picked":"Static Discharge","floor":10},{"not_picked":["Hyperbeam","Sunder"],"picked":"Conserve Battery","floor":11},{"not_picked":["Aggregate","Sunder"],"picked":"Genetic Algorithm","floor":12},{"not_picked":["Stack","Lockon"],"picked":"Turbo","floor":14}],"player_experience":872457,"relics_obtained":[{"floor":3,"key":"War Paint"},{"floor":6,"key":"Nunchaku"},{"floor":9,"key":"Bronze Scales"},{"floor":11,"key":"Eternal Feather"},{"floor":13,"key":"Mummified Hand"}],"event_choices":[{"damage_healed":0,"gold_gain":0,"player_choice":"Donut","damage_taken":0,"max_hp_gain":5,"max_hp_loss":0,"event_name":"Big Fish","floor":2,"gold_loss":0},{"damage_healed":0,"gold_gain":0,"player_choice":"Relic","damage_taken":0,"max_hp_gain":0,"max_hp_loss":0,"event_name":"Wheel of Change","floor":3,"gold_loss":0},{"cards_removed":["Strike_B"],"damage_healed":0,"gold_gain":0,"player_choice":"Card Removal","damage_taken":7,"max_hp_gain":0,"max_hp_loss":0,"event_name":"Golden Wing","floor":8,"gold_loss":0}],"is_beta":false,"boss_relics":[],"items_purged_floors":[4],"is_endless":false,"potions_floor_spawned":[10],"killed_by":"The Guardian","ascension_level":18}}