{"host":"gkp57zoegrd3f2ij","time":1609712825,"event":{"mods":["BaseMod","Colored Map","Colored Powertips","Downfall","Minty Spire (QoL Compilation)","StSLib"],"gold_per_floor":[116,135,211,286,286,286,301,331,409,409,429,461,232,250,250,355,355,366,366,366],"floor_reached":19,"playtime":714,"items_purged":["Strike_R"],"score":204,"play_id":"07e143d8-e070-40d3-8286-726a166169c2","local_time":"20210103232705","is_ascension_mode":true,"campfire_choices":[{"data":"Clothesline","floor":6,"key":"SMITH"},{"floor":10,"key":"REST"},{"floor":15,"key":"REST"}],"circlet_count":0,"master_deck":["Strike_R+1","Strike_R","Strike_R","Strike_R+1","Defend_R","Defend_R","Defend_R+1","Defend_R","Bash+1","Clothesline+1","Heavy Blade","Battle Trance","Whirlwind","Body Slam","True Grit","Cleave","Barricade+1"],"relics":["Black Blood","NeowsBlessing","Tiny Chest","Frozen Egg 2","Bottled Lightning","Whetstone"],"acts_visited":["Exordium","TheCity"],"potions_floor_usage":[12,16,16],"damage_taken":[{"damage":0,"enemies":"Small Slimes","floor":1,"turns":1},{"damage":0,"enemies":"2 Louse","floor":2,"turns":1},{"damage":0,"enemies":"Jaw Worm","floor":7,"turns":1},{"damage":38,"enemies":"Lagavulin","floor":8,"turns":9},{"damage":8,"enemies":"3 Louse","floor":11,"turns":2},{"damage":36,"enemies":"Gremlin Nob","floor":12,"turns":5},{"damage":0,"enemies":"Blue Slaver","floor":14,"turns":4},{"damage":37,"enemies":"The Guardian","floor":16,"turns":12},{"damage":5,"enemies":"3 Byrds","floor":18,"turns":7},{"damage":85,"enemies":"Shell Parasite","floor":19,"turns":11}],"seed_played":"5649932355753724460","potions_obtained":[{"floor":2,"key":"SmokeBomb"},{"floor":7,"key":"BlessingOfTheForge"},{"floor":8,"key":"LiquidBronze"},{"floor":14,"key":"BlessingOfTheForge"},{"floor":16,"key":"Energy Potion"}],"is_trial":false,"path_per_floor":["M","M","?","?","?","R","M","E","T","R","M","E","$","M","R","B",null,"M","M"],"character_chosen":"IRONCLAD","items_purchased":["Whetstone"],"campfire_rested":2,"item_purchase_floors":[13],"current_hp_per_floor":[80,80,80,69,53,53,59,27,27,51,49,19,19,25,49,18,80,80,0,0],"gold":366,"neow_bonus":"THREE_ENEMY_KILL","is_daily":false,"chose_seed":false,"campfire_upgraded":1,"win_rate":0.0,"timestamp":1609712825,"path_taken":["M","M","?","?","?","R","?","E","T","R","M","E","$","M","R","BOSS","M","M"],"items_purchased_type":["Relic"],"build_version":"2020-12-22","purchased_purges":1,"victory":false,"max_hp_per_floor":[80,80,80,80,80,80,80,80,80,80,80,80,80,80,80,80,80,80,80,80],"card_choices":[{"not_picked":["Shrug It Off","Perfected Strike"],"picked":"Clothesline","floor":1},{"not_picked":["Searing Blow","Wild Strike"],"picked":"Heavy Blade","floor":2},{"not_picked":["Rupture","Twin Strike"],"picked":"Battle Trance","floor":7},{"not_picked":["Havoc","Clothesline"],"picked":"Whirlwind","floor":8},{"not_picked":["Flex","Perfected Strike"],"picked":"Body Slam","floor":11},{"not_picked":["Rage","Feed"],"picked":"True Grit","floor":12},{"not_picked":["Body Slam","Dropkick"],"picked":"Cleave","floor":14},{"not_picked":["Corruption+1","Immolate"],"picked":"Barricade+1","floor":16},{"not_picked":["Perfected Strike","Havoc","Reckless Charge"],"picked":"SKIP","floor":18}],"player_experience":224725,"relics_obtained":[{"floor":8,"key":"Tiny Chest"},{"floor":9,"key":"Frozen Egg 2"},{"floor":12,"key":"Bottled Lightning"}],"event_choices":[{"damage_healed":0,"gold_gain":76,"player_choice":"Gained Gold","damage_taken":0,"max_hp_gain":0,"max_hp_loss":0,"event_name":"Golden Wing","floor":3,"gold_loss":0},{"damage_healed":0,"gold_gain":75,"player_choice":"Gather Gold","damage_taken":11,"max_hp_gain":0,"max_hp_loss":0,"event_name":"World of Goop","floor":4,"gold_loss":0},{"damage_healed":0,"gold_gain":0,"player_choice":"Entered Light","damage_taken":16,"max_hp_gain":0,"max_hp_loss":0,"event_name":"Shining Light","floor":5,"gold_loss":0,"cards_upgraded":["Defend_R","Bash"]}],"is_beta":false,"boss_relics":[{"not_picked":["Astrolabe","Cursed Key"],"picked":"Black Blood"}],"items_purged_floors":[13],"is_endless":false,"potions_floor_spawned":[2,7,8,14,16],"killed_by":"Shell Parasite","ascension_level":3}}