{"host":"na09lpbrez4gbfiz","time":1609646223,"event":{"mods":["Act Like it!","BaseMod","BetterRewards","Colored Map","Colored Powertips","DeckTracker","Googly Eyes","Highlight Path","Minty Spire (QoL Compilation)","Quick Restart","Spicy Shops","StSLib","SuperFastMode","Synergy Search"],"gold_per_floor":[117,129,79,79,79,79,110,110,137,150,150,163,8,31,31,155,155,176,176,275,93,113,113,131,131,131,146,146,160,160,160,160,289,289,313,329,352,365,698,698,724,724,798,798,798,814,25,38,38,38],"floor_reached":51,"playtime":1433,"items_purged":["Strike_R","Strike_R"],"score":692,"play_id":"8d76ef5a-7a13-4242-be83-38012b8c9183","local_time":"20210103045703","is_ascension_mode":false,"campfire_choices":[{"data":"Bash","floor":6,"key":"SMITH"},{"data":"True Grit","floor":8,"key":"SMITH"},{"data":"Carnage","floor":11,"key":"SMITH"},{"data":"Feel No Pain","floor":15,"key":"SMITH"},{"data":"1","floor":23,"key":"LIFT"},{"data":"2","floor":25,"key":"LIFT"},{"data":"3","floor":28,"key":"LIFT"},{"data":"Heavy Blade","floor":30,"key":"SMITH"},{"floor":32,"key":"REST"},{"data":"True Grit","floor":40,"key":"SMITH"},{"floor":42,"key":"REST"},{"floor":44,"key":"REST"},{"data":"Metallicize","floor":49,"key":"SMITH"}],"circlet_count":0,"master_deck":["Strike_R","Strike_R","Defend_R","Defend_R","Defend_R","Bash+1","True Grit+1","Carnage+1","Feel No Pain+1","Double Tap","Metallicize+1","Heavy Blade+1","True Grit+1","Feel No Pain+1","CurseOfTheBell","Shrug It Off+1","Seeing Red+1","Heavy Blade+1","Feel No Pain+1"],"relics":["Burning Blood","NeowsBlessing","Turnip","Odd Mushroom","Art of War","Vajra","Philosopher\u0027s Stone","MutagenicStrength","Girya","PreservedInsect","Calling Bell","Oddly Smooth Stone","Molten Egg 2","FossilizedHelix","Incense Burner","The Courier","Orrery","Bag of Marbles","Potion Belt","Bag of Preparation"],"acts_visited":["Exordium","TheCity","TheBeyond"],"potions_floor_usage":[16,16,22,33,41,41,50,50,50,50,50],"damage_taken":[{"damage":0,"enemies":"Cultist","floor":1,"turns":1},{"damage":0,"enemies":"Jaw Worm","floor":2,"turns":1},{"damage":0,"enemies":"The Mushroom Lair","floor":7,"turns":2},{"damage":0,"enemies":"2 Louse","floor":10,"turns":2},{"damage":2,"enemies":"2 Fungi Beasts","floor":12,"turns":3},{"damage":0,"enemies":"3 Louse","floor":14,"turns":4},{"damage":18,"enemies":"The Guardian","floor":16,"turns":11},{"damage":21,"enemies":"3 Byrds","floor":18,"turns":5},{"damage":8,"enemies":"2 Thieves","floor":22,"turns":4},{"damage":6,"enemies":"Cultist and Chosen","floor":24,"turns":5},{"damage":3,"enemies":"Sentry and Sphere","floor":27,"turns":5},{"damage":4,"enemies":"Centurion and Healer","floor":29,"turns":5},{"damage":62,"enemies":"Champ","floor":33,"turns":9},{"damage":0,"enemies":"3 Darklings","floor":35,"turns":4},{"damage":1,"enemies":"3 Shapes","floor":36,"turns":5},{"damage":16,"enemies":"Jaw Worm Horde","floor":37,"turns":6},{"damage":19,"enemies":"Transient","floor":38,"turns":5},{"damage":53,"enemies":"Reptomancer","floor":41,"turns":10},{"damage":10,"enemies":"Sphere and 2 Shapes","floor":46,"turns":5},{"damage":0,"enemies":"Maw","floor":48,"turns":8},{"damage":9,"enemies":"Donu and Deca","floor":50,"turns":14}],"seed_played":"8158923503646732430","potions_obtained":[{"floor":2,"key":"FearPotion"},{"floor":10,"key":"Explosive Potion"},{"floor":12,"key":"Block Potion"},{"floor":18,"key":"Explosive Potion"},{"floor":29,"key":"ColorlessPotion"},{"floor":33,"key":"ElixirPotion"},{"floor":35,"key":"PowerPotion"}],"is_trial":false,"path_per_floor":["M","M","?","?","?","R","?","R","T","M","R","M","$","M","R","B",null,"M","?","?","$","M","R","M","R","T","M","R","M","R","?","R","B",null,"M","M","M","M","?","R","E","R","T","R","?","M","$","M","R","B",null],"character_chosen":"IRONCLAD","items_purchased":["Vajra","Girya","Metallicize","Orrery","Bag of Marbles","Potion Belt","Dexterity Potion","EssenceOfSteel","PowerPotion","Bag of Preparation","ElixirPotion"],"campfire_rested":3,"item_purchase_floors":[13,21,21,47,47,47,47,47,47,47,47],"current_hp_per_floor":[80,80,80,73,53,53,59,59,59,65,65,69,69,75,75,63,80,65,65,65,65,63,63,63,63,63,66,66,68,68,68,80,24,80,80,80,70,57,57,57,10,34,34,58,58,54,54,60,60,57],"gold":38,"neow_bonus":"THREE_ENEMY_KILL","is_daily":false,"chose_seed":false,"campfire_upgraded":7,"win_rate":0.0,"timestamp":1609646223,"path_taken":["M","?","?","?","?","R","?","R","T","M","R","M","$","M","R","BOSS","M","?","?","$","M","R","M","R","T","M","R","M","R","?","R","BOSS","M","M","?","M","?","R","E","R","T","R","?","M","$","M","R","BOSS"],"items_purchased_type":["Relic","Relic","Card","Relic","Relic","Relic","Potion","Potion","Potion","Relic","Potion"],"build_version":"2020-12-22","purchased_purges":2,"victory":true,"max_hp_per_floor":[80,80,80,80,80,80,80,80,80,80,80,80,80,80,80,80,80,80,80,80,80,80,80,80,80,80,80,80,80,80,80,80,80,80,80,80,80,80,80,80,80,80,80,80,80,80,80,80,80,80],"card_choices":[{"not_picked":["Inflame","Shrug It Off"],"picked":"True Grit","floor":1},{"not_picked":["Sword Boomerang","Havoc","Headbutt"],"picked":"SKIP","floor":2},{"not_picked":["Clash","Iron Wave"],"picked":"Carnage","floor":7},{"not_picked":["Flex","Battle Trance","Wild Strike"],"picked":"SKIP","floor":10},{"not_picked":["Sword Boomerang","Combust"],"picked":"Feel No Pain","floor":12},{"not_picked":["Warcry","Corruption","Iron Wave"],"picked":"SKIP","floor":14},{"not_picked":["Feed","Fiend Fire"],"picked":"Double Tap","floor":16},{"not_picked":["Dual Wield","Anger","Headbutt"],"picked":"SKIP","floor":18},{"not_picked":["Flex","Armaments"],"picked":"Heavy Blade","floor":22},{"not_picked":["Flex","Clash","Iron Wave"],"picked":"SKIP","floor":24},{"not_picked":["Armaments","Body Slam"],"picked":"True Grit","floor":27},{"not_picked":["Iron Wave","Cleave","Dropkick+1"],"picked":"SKIP","floor":29},{"not_picked":["Pommel Strike+1","Shockwave+1"],"picked":"Shrug It Off+1","floor":35},{"not_picked":["Clash+1","Clothesline+1","Searing Blow+1"],"picked":"SKIP","floor":36},{"not_picked":["Clash+1","Dropkick+1","Twin Strike+1"],"picked":"SKIP","floor":37},{"not_picked":["Pummel+1","Fire Breathing+1"],"picked":"Seeing Red+1","floor":38},{"not_picked":["Brutality","Flex+1","Warcry"],"picked":"SKIP","floor":41},{"not_picked":["Anger+1","Pommel Strike+1","Perfected Strike+1"],"picked":"SKIP","floor":46},{"not_picked":["Pommel Strike+1","Clash+1"],"picked":"Heavy Blade+1","floor":47},{"not_picked":["Reckless Charge+1","Clash+1"],"picked":"Feel No Pain+1","floor":47},{"not_picked":["Rupture+1","Iron Wave+1","Searing Blow+1"],"picked":"SKIP","floor":48}],"player_experience":136913,"relics_obtained":[{"floor":7,"key":"Odd Mushroom"},{"floor":9,"key":"Art of War"},{"floor":26,"key":"PreservedInsect"},{"floor":34,"key":"Oddly Smooth Stone"},{"floor":34,"key":"Molten Egg 2"},{"floor":34,"key":"FossilizedHelix"},{"floor":41,"key":"Incense Burner"},{"floor":43,"key":"The Courier"}],"event_choices":[{"cards_removed":["Strike_R"],"damage_healed":0,"gold_gain":0,"player_choice":"Card Removal","damage_taken":0,"max_hp_gain":0,"max_hp_loss":0,"event_name":"The Cleric","floor":3,"gold_loss":50},{"damage_healed":0,"gold_gain":0,"player_choice":"Success","damage_taken":7,"relics_obtained":["Turnip"],"max_hp_gain":0,"max_hp_loss":0,"event_name":"Scrap Ooze","floor":4,"gold_loss":0},{"damage_healed":0,"gold_gain":0,"player_choice":"Take Damage","damage_taken":20,"relics_obtained":["Golden Idol"],"max_hp_gain":0,"max_hp_loss":0,"event_name":"Golden Idol","floor":5,"gold_loss":0},{"damage_healed":0,"gold_gain":0,"player_choice":"Fought Mushrooms","damage_taken":0,"max_hp_gain":0,"max_hp_loss":0,"event_name":"Mushrooms","floor":7,"gold_loss":0},{"damage_healed":0,"gold_gain":0,"player_choice":"Inject Mutagens","damage_taken":0,"relics_obtained":["MutagenicStrength"],"max_hp_gain":0,"max_hp_loss":0,"event_name":"Drug Dealer","floor":19,"gold_loss":0},{"damage_healed":0,"gold_gain":99,"player_choice":"Stole From Cult","damage_taken":0,"max_hp_gain":0,"max_hp_loss":0,"event_name":"Nest","floor":20,"gold_loss":0},{"damage_healed":0,"gold_gain":0,"player_choice":"Copied","damage_taken":0,"max_hp_gain":0,"max_hp_loss":0,"event_name":"Duplicator","floor":31,"gold_loss":0,"cards_obtained":["Feel No Pain"]},{"damage_healed":0,"gold_gain":333,"player_choice":"Gave Idol","damage_taken":0,"max_hp_gain":0,"max_hp_loss":0,"event_name":"The Moai Head","floor":39,"relics_lost":["Golden Idol"],"gold_loss":0},{"cards_removed":["Defend_R"],"damage_healed":0,"gold_gain":0,"player_choice":"Purged","damage_taken":0,"max_hp_gain":0,"max_hp_loss":0,"event_name":"Purifier","floor":45,"gold_loss":0}],"is_beta":false,"boss_relics":[{"not_picked":["Runic Cube","Cursed Key"],"picked":"Philosopher\u0027s Stone"},{"not_picked":["SacredBark","Pandora\u0027s Box"],"picked":"Calling Bell"}],"items_purged_floors":[21,47],"is_endless":false,"potions_floor_spawned":[2,10,12,18,29,33,35,36,37],"ascension_level":0}}