{"host":"sav7uxregyirlf69","time":1609693389,"event":{"mods":["AchievementEnabler","BaseMod","Colored Map","DeckTracker","Keyboard Shortcuts","Minty Spire (QoL Compilation)","READ ME - Guardian Mod","StSLib","SuperFastMode"],"gold_per_floor":[109,119,119,119,134,134,134,173,173,85,85,118,118,137,137,137,137],"floor_reached":16,"playtime":182,"items_purged":[],"score":196,"play_id":"25cbed1c-e732-4d35-b2ed-caade8b3c912","local_time":"20210104020309","is_ascension_mode":true,"campfire_choices":[{"data":"Sword Boomerang","floor":6,"key":"SMITH"},{"floor":11,"key":"REST"},{"data":"True Grit","floor":15,"key":"SMITH"}],"circlet_count":0,"master_deck":["AscendersBane","Strike_R","Strike_R","Strike_R","Defend_R","Defend_R","Defend_R","Defend_R","Bash","Cleave","Anger","Dark Embrace","Sword Boomerang+1","Evolve","True Grit+1","Sever Soul"],"relics":["Burning Blood","Vajra","Golden Idol","Bottled Tornado","Shuriken","Odd Mushroom"],"acts_visited":["Exordium"],"potions_floor_usage":[],"damage_taken":[{"damage":2,"enemies":"2 Louse","floor":1,"turns":3},{"damage":9,"enemies":"Jaw Worm","floor":2,"turns":4},{"damage":8,"enemies":"Small Slimes","floor":5,"turns":3},{"damage":35,"enemies":"Lagavulin","floor":8,"turns":6},{"damage":22,"enemies":"The Mushroom Lair","floor":12,"turns":4},{"damage":1,"enemies":"2 Fungi Beasts","floor":14,"turns":3},{"damage":31,"enemies":"Hexaghost","floor":16,"turns":7}],"seed_played":"-7140958342098599656","potions_obtained":[{"floor":2,"key":"Explosive Potion"}],"is_trial":false,"path_per_floor":["M","M","?","?","M","R","?","E","T","$","R","?","?","M","R","B"],"character_chosen":"IRONCLAD","items_purchased":["Evolve"],"campfire_rested":1,"item_purchase_floors":[10],"current_hp_per_floor":[72,69,43,43,41,41,46,17,17,17,41,25,18,23,23,0,0],"gold":137,"neow_bonus":"RANDOM_COMMON_RELIC","is_daily":false,"chose_seed":false,"campfire_upgraded":2,"win_rate":0.0,"timestamp":1609693389,"path_taken":["M","M","?","?","M","R","?","E","T","$","R","?","?","M","R","BOSS"],"items_purchased_type":["Card"],"build_version":"2020-12-22","purchased_purges":0,"victory":false,"max_hp_per_floor":[75,75,75,75,75,75,80,80,80,80,80,80,80,80,80,80,80],"card_choices":[{"not_picked":["Flame Barrier","Heavy Blade"],"picked":"Cleave","floor":1},{"not_picked":["Havoc","Warcry"],"picked":"Anger","floor":2},{"not_picked":["Clash","Battle Trance"],"picked":"Sword Boomerang","floor":5},{"not_picked":["Flex","Iron Wave","Whirlwind"],"picked":"SKIP","floor":8},{"not_picked":["Hemokinesis","Burning Pact"],"picked":"True Grit","floor":12},{"not_picked":["Brutality","Clothesline"],"picked":"Sever Soul","floor":14}],"player_experience":1126288,"relics_obtained":[{"floor":8,"key":"Bottled Tornado"},{"floor":9,"key":"Shuriken"},{"floor":12,"key":"Odd Mushroom"}],"event_choices":[{"damage_healed":0,"gold_gain":0,"player_choice":"Take Damage","damage_taken":26,"relics_obtained":["Golden Idol"],"max_hp_gain":0,"max_hp_loss":0,"event_name":"Golden Idol","floor":3,"gold_loss":0},{"damage_healed":0,"gold_gain":0,"cards_transformed":["Strike_R"],"player_choice":"Change","damage_taken":0,"max_hp_gain":0,"max_hp_loss":0,"event_name":"Living Wall","floor":4,"gold_loss":0,"cards_obtained":["Dark Embrace"]},{"damage_healed":0,"gold_gain":0,"player_choice":"Donut","damage_taken":0,"max_hp_gain":5,"max_hp_loss":0,"event_name":"Big Fish","floor":7,"gold_loss":0},{"damage_healed":0,"gold_gain":0,"player_choice":"Fought Mushrooms","damage_taken":0,"max_hp_gain":0,"max_hp_loss":0,"event_name":"Mushrooms","floor":12,"gold_loss":0},{"cards_removed":["Strike_R"],"damage_healed":0,"gold_gain":0,"player_choice":"Card Removal","damage_taken":7,"max_hp_gain":0,"max_hp_loss":0,"event_name":"Golden Wing","floor":13,"gold_loss":0}],"is_beta":false,"boss_relics":[],"items_purged_floors":[],"is_endless":false,"potions_floor_spawned":[2],"killed_by":"Hexaghost","ascension_level":20}}