{"host":"tr12w2fixbnujl15","time":1609694805,"event":{"mods":["2.2 Compatiblity","BaseMod","Better Skull","BetterRewards","Colored Powertips","Evolution","Hubris","Infinite Spire","Minty Spire (QoL Compilation)","Quick Restart","Replay The Spire","Shop Mod","StSLib","SuperFastMode","The Necromancer","The Sage","The Senshi","The Servant 0.9.4","The Spell Scribe","TheFirefly","WarShipGirlsR/????R mod"],"gold_per_floor":[112,139,150,150,150,150,170,386,386,413,432,432,451,468,485,485,485,485],"floor_reached":17,"playtime":325,"items_purged":[],"score":99,"play_id":"da122b68-b30d-4477-aa5c-39b45c4cf903","local_time":"20210103122645","is_ascension_mode":false,"campfire_choices":[{"data":"ReplayTheSpireMod:The Works","floor":6,"key":"SMITH"},{"floor":16,"key":"REST"}],"circlet_count":0,"master_deck":["Strike_G","Strike_G+1","Strike_G","Strike_G","Strike_G","Defend_G","Defend_G","Defend_G","Defend_G","Defend_G","Survivor","Neutralize","ReplayTheSpireMod:The Works+1","Blade Dance","hubris:Sloth","Flechettes","Acrobatics","Caltrops","Skewer","hubris:SlightOfHand"],"relics":["Ring of the Snake","EVO:Axolotl","NeowsBlessing","PreservedInsect","ReplayTheSpireMod:Ring of Collecting","ReplayTheSpireMod:Ring of Challenge","Ring of Hypnosis","Mercury Hourglass","Ring of Misfortune","hubris:ToyBattleship"],"acts_visited":["Exordium"],"potions_floor_usage":[15,17,17,17],"damage_taken":[{"damage":0,"enemies":"Cultist","floor":1,"turns":1},{"damage":0,"enemies":"Small Slimes","floor":3,"turns":1},{"damage":0,"enemies":"2 Louse","floor":7,"turns":1},{"damage":19,"enemies":"2 Fungi Beasts","floor":11,"turns":4},{"damage":9,"enemies":"Red Slaver","floor":13,"turns":3},{"damage":13,"enemies":"Large Slime","floor":14,"turns":7},{"damage":0,"enemies":"2 Fungi Beasts","floor":15,"turns":2},{"damage":25,"enemies":"The Guardian","floor":17,"turns":5}],"seed_played":"-6330987308647626217","potions_obtained":[{"floor":1,"key":"SteroidPotion"},{"floor":3,"key":"Weak Potion"},{"floor":7,"key":"Cursed Concoction"},{"floor":12,"key":"Cursed Concoction"},{"floor":12,"key":"AttackPotion"},{"floor":15,"key":"LiquidBronze"}],"is_trial":false,"path_per_floor":["M","T","M","?","?","R","M","?","T","T","M","?","M","M","M","R","B"],"character_chosen":"THE_SILENT","items_purchased":[],"campfire_rested":1,"item_purchase_floors":[],"current_hp_per_floor":[70,70,70,70,70,70,70,43,43,43,24,24,15,2,2,23,0,0],"gold":485,"neow_bonus":"THREE_ENEMY_KILL","is_daily":false,"chose_seed":false,"campfire_upgraded":1,"win_rate":0.0,"timestamp":1609694805,"path_taken":["M","?","M","?","?","R","M","?","T","T","?","?","M","?","M","R","BOSS"],"items_purchased_type":[],"build_version":"2020-12-22","purchased_purges":0,"victory":false,"max_hp_per_floor":[70,70,70,70,70,70,70,70,70,70,70,70,70,70,70,70,70,70],"card_choices":[{"not_picked":["hubris:SlightOfHand","Terror"],"picked":"ReplayTheSpireMod:The Works","floor":1},{"not_picked":["Dagger Throw","Deadly Poison"],"picked":"Blade Dance","floor":3},{"not_picked":["Finisher","PiercingWail"],"picked":"Flechettes","floor":7},{"not_picked":["Backflip","Blade Dance"],"picked":"Acrobatics","floor":11},{"not_picked":["Deflect","Predator"],"picked":"Caltrops","floor":13},{"not_picked":["Sucker Punch","Blade Dance"],"picked":"Skewer","floor":14},{"not_picked":["Dagger Throw","ReplayTheSpireMod:Exploit Weakness"],"picked":"hubris:SlightOfHand","floor":15}],"player_experience":22083,"relics_obtained":[{"floor":2,"key":"PreservedInsect"},{"floor":4,"key":"ReplayTheSpireMod:Ring of Collecting"},{"floor":4,"key":"ReplayTheSpireMod:Ring of Challenge"},{"floor":9,"key":"Ring of Hypnosis"},{"floor":9,"key":"Mercury Hourglass"},{"floor":10,"key":"Ring of Misfortune"},{"floor":10,"key":"hubris:ToyBattleship"}],"event_choices":[{"damage_healed":0,"gold_gain":216,"player_choice":"GO GO UP ","damage_taken":31,"relics_obtained":[],"max_hp_gain":0,"max_hp_loss":0,"event_name":"betterSkull:BetterSkull","floor":8,"gold_loss":0,"cards_upgraded":["Strike_G"]},{"damage_healed":0,"gold_gain":0,"player_choice":"Got Potions","damage_taken":0,"max_hp_gain":0,"max_hp_loss":0,"event_name":"Lab","floor":12,"gold_loss":0}],"is_beta":false,"boss_relics":[],"items_purged_floors":[],"is_endless":false,"potions_floor_spawned":[1,3,7,15],"killed_by":"The Guardian","ascension_level":0}}