{"host":"hc10rxcp314e8b64","time":1609662433,"event":{"mods":["AchievementEnabler","Act Like it!","BaseMod","BetterRewards","Downfall","Hallownest","Hermit","Jorbs\u0027s Wanderer Trilogy","Minty Spire (QoL Compilation)","Rare Cards Sparkle","Replay The Spire","Shop Mod","StSLib","The Bug Knight","The Construct","The Cursed","The Hierophant","The Jungle","The Runesmith"],"gold_per_floor":[117,117,117,134,144,144,5,5,5,18,43,43,43,72,72,183,183,205,205,405,445,480,523,589,589,589,333,333,368,417,442,442,570,570,600,634,266,266,300,332,332,355,380,421,485,454,517,517,517],"floor_reached":48,"playtime":5774,"items_purged":["TheCursedMod:SpitefulPlan"],"score":1014,"play_id":"54edf8bf-f51e-43c4-a3fd-8cb3b5990ee3","local_time":"20210103162713","daily_mods":["Hoarder","Vintage","Heirloom"],"is_ascension_mode":false,"campfire_choices":[{"floor":6.0,"key":"REST"},{"floor":13.0,"key":"REST"},{"floor":15.0,"key":"REST"},{"floor":25.0,"key":"REST"},{"floor":28.0,"key":"REST"},{"floor":32.0,"key":"REST"},{"floor":41.0,"key":"REST"}],"circlet_count":0,"master_deck":["TheCursedMod:Strike_TheCursed","TheCursedMod:Strike_TheCursed","TheCursedMod:Strike_TheCursed","TheCursedMod:Strike_TheCursed","TheCursedMod:Defend_TheCursed+1","TheCursedMod:Defend_TheCursed+1","TheCursedMod:Defend_TheCursed+1","TheCursedMod:CursedWand","TheCursedMod:CleanUpWorkshop+1","TheCursedMod:Dregs","TheCursedMod:RapidMovement","TheCursedMod:RapidMovement","TheCursedMod:RapidMovement+1","TheCursedMod:LuckyCharm","TheCursedMod:LuckyCharm","TheCursedMod:LuckyCharm","TheCursedMod:CursedBlade","TheCursedMod:CursedBlade","TheCursedMod:BlessingInDisguise+1","TheCursedMod:BlessingInDisguise+1","TheCursedMod:BlessingInDisguise+1","hierophant:Strike_Hierophant","TheCursedMod:CursedSpellbook","TheCursedMod:CursedSpellbook","TheCursedMod:CursedSpellbook","TheCursedMod:SpitefulPray","TheCursedMod:SpitefulPray+1","TheCursedMod:SpitefulPray","TheCursedMod:RavingStaff+1","TheCursedMod:RavingStaff+1","TheCursedMod:RavingStaff+1","TheCursedMod:SpitefulStrike","TheCursedMod:SpitefulStrike","TheCursedMod:SpitefulStrike","TheCursedMod:CircleOfCorruption","TheCursedMod:CircleOfCorruption","TheCursedMod:CircleOfCorruption","TheCursedMod:DemonSword","TheCursedMod:DemonSword","TheCursedMod:DemonSword","TheCursedMod:AshesToAshes","TheCursedMod:AshesToAshes","TheCursedMod:AshesToAshes","TheCursedMod:CursedSpellbook","TheCursedMod:CursedSpellbook","TheCursedMod:CursedSpellbook","TheCursedMod:CursedShiv","TheCursedMod:CursedShiv+1","TheCursedMod:CursedShiv","TheCursedMod:ManaCirculation","TheCursedMod:ManaCirculation+1","stsjorbsmod:PollutedStrike","stsjorbsmod:PollutedStrike","stsjorbsmod:PollutedStrike","TheCursedMod:SpitefulPray+1","TheCursedMod:SpitefulPray+1","TheCursedMod:SpitefulPray+1","TheCursedMod:HellfireBreathing","TheCursedMod:HellfireBreathing","TheCursedMod:HellfireBreathing","Pot Of Greed","Pot Of Greed","Pot Of Greed","Pot Of Greed","Pot Of Greed","Pot Of Greed","Pot Of Greed","Pot Of Greed","Pot Of Greed","Pot Of Greed","Pot Of Greed","Pot Of Greed","Pot Of Greed","Pot Of Greed","Pot Of Greed","Pot Of Greed","Pot Of Greed","Pot Of Greed","TheCursedMod:ManaCirculation","TheCursedMod:ManaCirculation","TheCursedMod:ManaCirculation","Parasite","Parasite","Parasite","Voices","Voices","Voices"],"relics":["TheCursedMod:BlackMagic101","replay:Trail_Library","champ:DeflectingBracers","Mirror","The Courier","Turnip","Dream Catcher","Lantern","Omamori","Replay:Bandana","Ice Cream","sneckomod:SneckoTalon","Orichalcum","Gremlin Food","Onion Ring","Anchor","Art of War","Ancient Tea Set","Membership Card","MerchantsRug","Strawberry","Tiny Chest","Replay:Ancient Bell","Simple Rune","ReplayTheSpireMod:Ninjato","TheCursedMod:SoulVessel","Blue Doll","Runesmith:Locket","DollysMirror","Lizard Tail","TungstenRod","Grinning Jar","Pet Ghost","Regal Pillow","Replay:Mystery Machine","Peace Pipe","Meat on the Bone","ReplayTheSpireMod:CursedCoin","HollowMod:PaleOreRelic","TheCursedMod:CrystalBall","Runesmith:AutoHammer"],"acts_visited":["Exordium","TheCity","TheBeyond"],"potions_floor_usage":[47],"damage_taken":[{"damage":0.0,"enemies":"2 Louse","floor":1.0,"turns":2.0},{"damage":0.0,"enemies":"Jaw Worm","floor":4.0,"turns":4.0},{"damage":0.0,"enemies":"Cultist","floor":5.0,"turns":3.0},{"damage":2.0,"enemies":"2 Fungi Beasts","floor":10.0,"turns":4.0},{"damage":17.0,"enemies":"Gremlin Nob","floor":11.0,"turns":6.0},{"damage":10.0,"enemies":"Blue Slaver","floor":14.0,"turns":3.0},{"damage":10.0,"enemies":"Slime Boss","floor":16.0,"turns":8.0},{"damage":3.0,"enemies":"3 Byrds","floor":18.0,"turns":6.0},{"damage":5.0,"enemies":"Chosen","floor":21.0,"turns":3.0},{"damage":13.0,"enemies":"Shelled Parasite and Fungi","floor":22.0,"turns":3.0},{"damage":0.0,"enemies":"Cultist and Chosen","floor":23.0,"turns":3.0},{"damage":2.0,"enemies":"HollowMod:Nosk","floor":24.0,"turns":3.0},{"damage":0.0,"enemies":"3 Cultists","floor":29.0,"turns":3.0},{"damage":0.0,"enemies":"Snake Plant","floor":31.0,"turns":2.0},{"damage":25.0,"enemies":"Collector","floor":33.0,"turns":5.0},{"damage":19.0,"enemies":"3 Darklings","floor":35.0,"turns":4.0},{"damage":0.0,"enemies":"Orb Walker","floor":36.0,"turns":2.0},{"damage":21.0,"enemies":"Writhing Mass","floor":39.0,"turns":5.0},{"damage":18.0,"enemies":"4 Shapes","floor":40.0,"turns":3.0},{"damage":20.0,"enemies":"Jaw Worm Horde","floor":42.0,"turns":4.0},{"damage":12.0,"enemies":"Writhing Mass","floor":44.0,"turns":4.0},{"damage":15.0,"enemies":"Giant Head","floor":45.0,"turns":7.0},{"damage":45,"enemies":"Nemesis","floor":47,"turns":4},{"damage":0,"enemies":"Spire Growth","floor":48,"turns":1}],"seed_played":"465885029665618860","potions_obtained":[{"floor":1.0,"key":"Block Potion"},{"floor":10.0,"key":"SkillPotion"},{"floor":11.0,"key":"SpeedPotion"},{"floor":14.0,"key":"champ:CounterPotion"},{"floor":23.0,"key":"SteroidPotion"},{"floor":29.0,"key":"ColorlessPotion"},{"floor":30.0,"key":"CultistPotion"},{"floor":36.0,"key":"SteroidPotion"}],"is_trial":true,"path_per_floor":["M","?","?","M","M","R","$","?","T","M","E","?","R","M","R","B",null,"M","?","?","M","M","M","E","R","T","$","R","M","?","M","R","B",null,"M","M","$","?","M","M","R","M","T","M","E","$","E","M"],"character_chosen":"THE_CURSED","items_purchased":["TheCursedMod:LuckyCharm","TheCursedMod:CursedBlade","TheCursedMod:BlessingInDisguise+1","Membership Card","TheCursedMod:CursedShiv","MerchantsRug","DollysMirror","TheCursedMod:HellfireBreathing","Lizard Tail","TungstenRod","Grinning Jar","ReplayTheSpireMod:CursedCoin","HollowMod:PaleOreRelic","TheCursedMod:CrystalBall"],"campfire_rested":7,"item_purchase_floors":[7,7,7,27,27,27,37,37,37,37,37,46,46,46],"current_hp_per_floor":[75,68,53,53,53,75,75,75,75,73,56,56,75,65,75,65,75,72,72,72,67,54,54,52,74,74,74,75,82,50,50,74,49,82,67,69,69,92,74,57,92,73,73,65,62,62,32,32,32],"gold":517,"neow_bonus":"","is_daily":false,"chose_seed":false,"campfire_upgraded":0,"win_rate":0.0,"timestamp":1609662433,"path_taken":["M","?","?","M","M","R","?","?","T","?","E","?","R","M","R","BOSS","M","?","?","M","?","M","E","R","T","?","R","M","?","M","R","BOSS","M","M","$","?","?","M","R","M","T","M","E","$","E","M"],"items_purchased_type":["Card","Card","Card","Relic","Card","Relic","Relic","Card","Relic","Relic","Relic","Relic","Relic","Relic"],"build_version":"2020-12-22","purchased_purges":1,"victory":false,"max_hp_per_floor":[75,75,75,75,75,75,75,75,75,75,75,75,75,75,75,75,75,75,75,75,75,75,75,75,75,75,75,75,82,82,82,82,82,82,82,82,82,92,92,92,92,92,92,92,92,92,92,92,92],"card_choices":[{"not_picked":["TheCursedMod:EmpowerCircles","TheCursedMod:Stretching"],"picked":"TheCursedMod:RapidMovement","floor":6.0},{"not_picked":["TheCursedMod:CursedArmor","TheCursedMod:Obscuration"],"picked":"TheCursedMod:CursedSpellbook","floor":11.0},{"not_picked":["TheCursedMod:FleshFromBone","TheCursedMod:LuckyCharm"],"picked":"TheCursedMod:SpitefulStrike","floor":13.0},{"not_picked":["TheCursedMod:Stretching","TheCursedMod:FleshFromBone"],"picked":"TheCursedMod:CircleOfCorruption","floor":15.0},{"not_picked":["TheCursedMod:ParallelWorld","TheCursedMod:ManaCirculation"],"picked":"TheCursedMod:DemonSword","floor":16.0},{"not_picked":["TheCursedMod:ManaBullet","TheCursedMod:Obscuration+1"],"picked":"TheCursedMod:AshesToAshes","floor":24.0},{"not_picked":["TheCursedMod:ManaBullet","TheCursedMod:WearCloak"],"picked":"TheCursedMod:CursedSpellbook","floor":25.0},{"not_picked":["TheCursedMod:Neurasthenia","TheCursedMod:DemonSword"],"picked":"TheCursedMod:ManaCirculation","floor":33.0},{"not_picked":["ReplayTheSpireMod:Faulty Equipment","Replay:Hysterical Blindness"],"picked":"stsjorbsmod:PollutedStrike","floor":34.0},{"not_picked":["Hallownest:curseDreamersLament","Doubt"],"picked":"Decay","floor":34.0},{"not_picked":["Delirium","stsjorbsmod:Procrastination"],"picked":"stsjorbsmod:Withering","floor":34.0},{"not_picked":["TheCursedMod:ReleasedStrength+1","TheCursedMod:VitalStrike","TheCursedMod:SurpriseAttack+1"],"picked":"SKIP","floor":45.0},{"not_picked":["TheCursedMod:ForbiddenAlchemy","TheCursedMod:BloodBarrier","TheCursedMod:WearCloak+1"],"picked":"SKIP","floor":47}],"player_experience":120797,"relics_obtained":[{"floor":1.0,"key":"Mirror"},{"floor":4.0,"key":"Turnip"},{"floor":5.0,"key":"Dream Catcher"},{"floor":9.0,"key":"Lantern"},{"floor":10.0,"key":"Omamori"},{"floor":11.0,"key":"Replay:Bandana"},{"floor":14.0,"key":"Ice Cream"},{"floor":18.0,"key":"Orichalcum"},{"floor":21.0,"key":"Gremlin Food"},{"floor":22.0,"key":"Onion Ring"},{"floor":23.0,"key":"Anchor"},{"floor":24.0,"key":"Art of War"},{"floor":26.0,"key":"Ancient Tea Set"},{"floor":29.0,"key":"Strawberry"},{"floor":31.0,"key":"Tiny Chest"},{"floor":35.0,"key":"Blue Doll"},{"floor":36.0,"key":"Runesmith:Locket"},{"floor":39.0,"key":"Pet Ghost"},{"floor":40.0,"key":"Regal Pillow"},{"floor":42.0,"key":"Replay:Mystery Machine"},{"floor":44.0,"key":"Peace Pipe"},{"floor":45.0,"key":"Meat on the Bone"},{"floor":47,"key":"Runesmith:AutoHammer"}],"event_choices":[{"damage_healed":0.0,"max_hp_gain":0.0,"max_hp_loss":0.0,"gold_gain":0.0,"event_name":"Scrap Ooze","player_choice":"Success","floor":2.0,"gold_loss":0.0,"damage_taken":7.0,"relics_obtained":["The Courier"]},{"damage_healed":0.0,"max_hp_gain":0.0,"max_hp_loss":0.0,"gold_gain":0.0,"event_name":"Shining Light","player_choice":"Entered Light","floor":3.0,"gold_loss":0.0,"damage_taken":15.0,"cards_upgraded":["TheCursedMod:CleanUpWorkshop","TheCursedMod:Defend_TheCursed"]},{"cards_removed":["TheCursedMod:Defend_TheCursed"],"damage_healed":0.0,"max_hp_gain":0.0,"max_hp_loss":0.0,"gold_gain":0.0,"event_name":"NoteForYourself","player_choice":"Took Card","floor":8.0,"gold_loss":0.0,"damage_taken":0.0,"cards_obtained":["hierophant:Strike_Hierophant"]},{"damage_healed":0.0,"max_hp_gain":0.0,"max_hp_loss":0.0,"gold_gain":0.0,"event_name":"Ghosts","player_choice":"Ignored","floor":19.0,"gold_loss":0.0,"damage_taken":0.0},{"damage_healed":0.0,"max_hp_gain":0.0,"max_hp_loss":0.0,"gold_gain":250.0,"event_name":"The Joust","player_choice":"Bet on Owner","floor":20.0,"gold_loss":50.0,"damage_taken":0.0},{"cards_removed":["TheCursedMod:ManaCirculation"],"damage_healed":13.0,"max_hp_gain":10.0,"max_hp_loss":0.0,"gold_gain":0.0,"event_name":"Bonfire Elementals","player_choice":"Offered Rare","floor":38.0,"gold_loss":0.0,"damage_taken":0.0}],"is_beta":false,"boss_relics":[{"not_picked":["Replay:Drink Me","Ectoplasm"],"picked":"sneckomod:SneckoTalon"},{"not_picked":["Black Star","expansioncontent:StudyCardRelic"],"picked":"Replay:Ancient Bell"},{"not_picked":["Bronze Scales","TheCursedMod:Tack"],"picked":"Simple Rune"},{"not_picked":["ReplayTheSpireMod:Shallot","InkBottle"],"picked":"ReplayTheSpireMod:Ninjato"},{"not_picked":["Du-Vu Doll","HollowMod:QueensCombRelic"],"picked":"TheCursedMod:SoulVessel"}],"items_purged_floors":[27],"is_endless":true,"potions_floor_spawned":[1,10,11,14,23,29,31,36,39,40],"killed_by":"Spire Growth","ascension_level":0}}