{"host":"xx5zt3jtdyh8iun7","time":1609672025,"event":{"mods":["AchievementEnabler","Act Like it!","BaseMod","Bestiary","Downfall","Minty Spire (QoL Compilation)","Replay The Spire","StSLib"],"gold_per_floor":[349,368,380,107,121,155,155,170,170,204,379,304,336,1,20,20,20,20],"floor_reached":16,"playtime":1802,"items_purged":["Guardian:Strike_Guardian"],"score":152,"play_id":"5b944ff0-408e-4b69-b2af-cf5302d0c796","local_time":"20210103120705","is_ascension_mode":true,"campfire_choices":[{"floor":1,"key":"DIG"},{"floor":12,"key":"REST"}],"circlet_count":0,"master_deck":["Guardian:Strike_Guardian","Guardian:Strike_Guardian","Guardian:Strike_Guardian","Guardian:Defend_Guardian","Guardian:Defend_Guardian","Guardian:Defend_Guardian","Guardian:Defend_Guardian","Guardian:CurlUp","Guardian:TwinSlam","Guardian:Recover","Guardian:Incinerate","Guardian:TimeCapacitor","Guardian:PrimingBeam","Guardian:Planning+1","Guardian:EvasiveProtocol+1","expansioncontent:GoopSpray","Panache","Guardian:CrystalBeam","Guardian:TimeSifter","Guardian:FuturePlans","Doubt","Guardian:RevengeProtocol","Guardian:Orbwalk","Guardian:Gem_Blue","Guardian:EvasiveProtocol+1","Guardian:TemporalShield","Guardian:Clone"],"relics":["Guardian:ModeShifter","Matryoshka","BargainBundle","ReplayTheSpireMod:Lightbulb","Blue Doll","Singing Bowl","Replay:Multitool","downfall:HeartBlessingGreen","Bronze Scales","Juzu Bracelet"],"acts_visited":["Exordium"],"potions_floor_usage":[6,6,8,10,13],"damage_taken":[{"damage":2,"enemies":"Jaw Worm","floor":2,"turns":3},{"damage":0,"enemies":"2 Louse","floor":3,"turns":3},{"damage":0,"enemies":"downfall:FleeingMerchant","floor":4,"turns":4},{"damage":10,"enemies":"Cultist","floor":5,"turns":4},{"damage":14,"enemies":"Gremlin Nob","floor":6,"turns":5},{"damage":13,"enemies":"Exordium Thugs","floor":8,"turns":4},{"damage":20,"enemies":"3 Sentries","floor":10,"turns":10},{"damage":0,"enemies":"Lagavulin","floor":13,"turns":6},{"damage":2,"enemies":"downfall:FleeingMerchant","floor":14,"turns":4},{"damage":0,"enemies":"Gremlin Gang","floor":15,"turns":5},{"damage":32,"enemies":"downfall:Ironclad","floor":16,"turns":9}],"seed_played":"-3623477713606705887","potions_obtained":[{"floor":2,"key":"Swift Potion"},{"floor":3,"key":"hexamod:EctoCoolerPotion"},{"floor":6,"key":"Energy Potion"},{"floor":10,"key":"Languid Potion"},{"floor":15,"key":"BlessingOfTheForge"}],"is_trial":false,"path_per_floor":["R","M","M","$","M","E","T","M","?","E","?","R","E","$","M","B"],"character_chosen":"GUARDIAN","items_purchased":["BargainBundle","Guardian:PrimingBeam","Guardian:Planning","Guardian:EvasiveProtocol+1","Strength Potion","expansioncontent:GoopSpray","Panache","Guardian:Gem_Blue","Juzu Bracelet","Guardian:EvasiveProtocol+1","Guardian:TemporalShield"],"campfire_rested":1,"item_purchase_floors":[4,4,4,4,4,4,4,14,14,14,14],"current_hp_per_floor":[72,70,70,70,60,46,46,33,33,13,13,34,34,32,32,0,0,0],"gold":20,"neow_bonus":"TWO_FIFTY_GOLD","is_daily":false,"chose_seed":false,"campfire_upgraded":0,"win_rate":0.0,"timestamp":1609672025,"path_taken":["R","M","M","$","M","E","T","M","?","E","?","R","E","?","M","BOSS"],"items_purchased_type":["Relic","Card","Card","Card","Potion","Card","Card","Card","Relic","Card","Card"],"build_version":"2020-12-22","purchased_purges":1,"victory":false,"max_hp_per_floor":[72,72,72,72,72,72,72,72,72,72,72,72,72,72,72,72,72,72],"card_choices":[{"not_picked":["Guardian:Gem_White","Guardian:TemporalStrike"],"picked":"Guardian:Recover","floor":2},{"not_picked":["Guardian:Emergency","Guardian:Gem_Green"],"picked":"Guardian:Incinerate","floor":3},{"not_picked":["Guardian:VentSteam","Guardian:DonusPower"],"picked":"Guardian:TimeCapacitor","floor":4},{"not_picked":["Guardian:WalkerClaw","Guardian:Gem_Cyan"],"picked":"Guardian:CrystalBeam","floor":5},{"not_picked":["Guardian:EvasiveProtocol","Guardian:TemporalStrike"],"picked":"Guardian:Gem_Red","floor":6},{"not_picked":["Guardian:Gem_Green","Guardian:CrystalBeam"],"picked":"Guardian:TimeSifter","floor":8},{"not_picked":["Guardian:GuardianWhirl","Guardian:Repulse"],"picked":"Guardian:FuturePlans","floor":10},{"not_picked":["Guardian:Preprogram","Guardian:PrimingBeam"],"picked":"Guardian:RevengeProtocol","floor":13},{"not_picked":["Guardian:Repulse","Guardian:Gem_Red"],"picked":"Guardian:Orbwalk","floor":14},{"not_picked":["Guardian:Gem_Lightblue","Guardian:Gem_White"],"picked":"Guardian:Clone","floor":15}],"player_experience":801263,"relics_obtained":[{"floor":1,"key":"Matryoshka"},{"floor":6,"key":"ReplayTheSpireMod:Lightbulb"},{"floor":7,"key":"Blue Doll"},{"floor":7,"key":"Singing Bowl"},{"floor":10,"key":"Replay:Multitool"},{"floor":13,"key":"Bronze Scales"}],"event_choices":[],"is_beta":false,"boss_relics":[],"items_purged_floors":[4],"is_endless":false,"potions_floor_spawned":[2,3,6,10,15],"killed_by":"downfall:Ironclad","ascension_level":1}}