{"host":"rqgzkpsifhykr0rp","time":1609646718,"event":{"mods":["BaseMod","Colored Map","Downfall","Minty Spire (QoL Compilation)","StSLib"],"gold_per_floor":[99,99,99,99,199,199,199,1,36,49,49,49,49,65,80,183,183,33,44,61,8,28,28,28,45,45,57,357,375,375,393,413,510,510,510,530,630,235,246,273,297,222,239,239,239,252,252,265,285,285],"floor_reached":51,"playtime":5808,"items_purged":["champ:ShieldWall","champ:Control"],"score":904,"play_id":"e734ce7c-41eb-4515-8318-b5e2f2d2ec87","local_time":"20210102230518","is_ascension_mode":false,"campfire_choices":[{"floor":1.0,"key":"RECALL"},{"floor":11,"key":"DIG"},{"floor":13,"key":"DIG"},{"floor":18,"key":"DIG"},{"floor":26,"key":"DIG"},{"floor":28,"key":"DIG"},{"floor":30,"key":"DIG"},{"floor":35,"key":"DIG"},{"floor":42,"key":"DIG"},{"floor":44,"key":"DIG"},{"floor":47,"key":"DIG"}],"circlet_count":0,"master_deck":["champ:Execute","champ:Taunt","champ:GladiatorStyle","champ:FlashCut","champ:FanOfKnives","champ:IronFortress","champ:IronFortress","champ:MurderStrike","champ:FaceSlap","champ:FanOfKnives","champ:RageSigil","champ:LastStand","champ:Control","champ:StrikeOfGenius","champ:HoldFirm","champ:DefensiveStyle","champ:SwordThrow","champ:EnragedBash","champ:SkillfulDodge+1","champ:RageSigil","champ:AdrenalArmor","RitualDagger+1","champ:Aggression","champ:RageSigil","champ:FlashCut","champ:ViciousMockery","champ:DancingMaster","champ:Control+1","Apotheosis","champ:GladiatorsShout","champ:BerserkerStyle","champ:MurderStrike","expansioncontent:DecasProtection","champ:ShieldSigil","champ:ArenaPreparation","champ:FlashCut","champ:FlashCut","champ:IronFortress+1"],"relics":["champ:ChampionCrown","downfall:HeartsMalice","CloakClasp","CultistMask","Membership Card","Shovel","Strawberry","champ:FightingForDummies","Pandora\u0027s Box","downfall:HeartBlessingRed","downfall:HeartBlessingBlue","Ginger","Gambling Chip","Bird Faced Urn","Old Coin","Art of War","Fusion Hammer","Orichalcum","downfall:GremlinWheel","Ancient Tea Set","Omamori","Nunchaku","downfall:HeartBlessingGreen","Pocketwatch","Toy Ornithopter","Dream Catcher","Shuriken"],"acts_visited":["Exordium","TheCity","TheBeyond"],"potions_floor_usage":[10,16,19,32,32,33,38,39,50],"damage_taken":[{"damage":0.0,"enemies":"Small Slimes","floor":2.0,"turns":1.0},{"damage":0.0,"enemies":"Cultist","floor":3.0,"turns":1.0},{"damage":0.0,"enemies":"2 Louse","floor":4.0,"turns":1.0},{"damage":48.0,"enemies":"2 Louse","floor":5.0,"turns":9.0},{"damage":7.0,"enemies":"downfall:FleeingMerchant","floor":8.0,"turns":4.0},{"damage":8,"enemies":"3 Sentries","floor":9,"turns":7},{"damage":3,"enemies":"Blue Slaver","floor":10,"turns":4},{"damage":15,"enemies":"Gremlin Gang","floor":14,"turns":4},{"damage":5,"enemies":"Large Slime","floor":15,"turns":6},{"damage":42,"enemies":"downfall:Silent","floor":16,"turns":9},{"damage":15,"enemies":"3 Byrds","floor":19,"turns":4},{"damage":7,"enemies":"Chosen and Byrds","floor":20,"turns":3},{"damage":7,"enemies":"downfall:FleeingMerchant","floor":21,"turns":4},{"damage":42,"enemies":"3 Cultists","floor":22,"turns":6},{"damage":23,"enemies":"Centurion and Healer","floor":25,"turns":8},{"damage":19,"enemies":"Snake Plant","floor":27,"turns":3},{"damage":27,"enemies":"Chosen and Byrds","floor":29,"turns":4},{"damage":13,"enemies":"Cultist and Chosen","floor":31,"turns":6},{"damage":30,"enemies":"Snecko","floor":32,"turns":4},{"damage":29,"enemies":"downfall:Defect","floor":33,"turns":6},{"damage":10,"enemies":"3 Shapes","floor":36,"turns":4},{"damage":14,"enemies":"3 Shapes","floor":37,"turns":4},{"damage":20,"enemies":"downfall:FleeingMerchant","floor":38,"turns":4},{"damage":13,"enemies":"Orb Walker","floor":39,"turns":4},{"damage":59,"enemies":"Nemesis","floor":40,"turns":7},{"damage":39,"enemies":"Transient","floor":43,"turns":5},{"damage":34,"enemies":"3 Darklings","floor":46,"turns":3},{"damage":43,"enemies":"Maw","floor":48,"turns":5},{"damage":42,"enemies":"Sphere and 2 Shapes","floor":49,"turns":4},{"damage":31,"enemies":"downfall:Ironclad","floor":50,"turns":9}],"seed_played":"-9148455770408500281","potions_obtained":[{"floor":5.0,"key":"DuplicationPotion"},{"floor":9,"key":"SkillPotion"},{"floor":10,"key":"champ:TechniquePotion"},{"floor":15,"key":"Explosive Potion"},{"floor":22,"key":"Guardian:BlockOnCardUsePotion"},{"floor":23,"key":"CultistPotion"},{"floor":31,"key":"EssenceOfSteel"},{"floor":32,"key":"Energy Potion"},{"floor":33,"key":"EssenceOfSteel"},{"floor":39,"key":"champ:CounterPotion"},{"floor":40,"key":"champ:OpenerPotion"},{"floor":48,"key":"Block Potion"}],"is_trial":false,"path_per_floor":["R","M","M","M","?","?","T","$","E","M","R","?","R","M","M","B",null,"R","M","M","$","M","?","T","M","R","M","R","M","R","M","M","B",null,"R","M","?","$","M","E","T","R","M","R","?","M","R","M","M","B",null],"character_chosen":"THE_CHAMP","items_purchased":["Membership Card","champ:IronFortress","Apotheosis","champ:GladiatorsShout","champ:BerserkerStyle","champ:MurderStrike","expansioncontent:DecasProtection","Ancient Tea Set"],"campfire_rested":0,"item_purchase_floors":[8,8,38,38,38,38,38,38],"current_hp_per_floor":[90,90,90,90,57,57,57,55,52,49,56,56,56,46,46,32,97,107,99,99,97,65,65,65,51,51,48,48,39,39,40,34,46,107,107,107,107,107,105,107,107,107,105,105,105,85,85,99,83,107],"gold":285,"neow_bonus":"THREE_ENEMY_KILL","is_daily":false,"chose_seed":false,"campfire_upgraded":0,"win_rate":0.0,"timestamp":1609646718,"path_taken":["R","M","M","M","?","?","T","$","E","?","R","?","R","M","M","BOSS","R","M","M","$","M","?","T","M","R","M","R","M","R","M","M","BOSS","R","M","?","$","M","E","T","R","?","R","?","M","R","M","M","BOSS"],"items_purchased_type":["Relic","Card","Card","Card","Card","Card","Card","Relic"],"build_version":"2020-12-22","purchased_purges":2,"victory":true,"max_hp_per_floor":[90,90,90,90,90,90,90,90,90,90,97,97,97,97,97,97,97,107,107,107,107,107,107,107,107,107,107,107,107,107,107,107,107,107,107,107,107,107,107,107,107,107,107,107,107,107,107,107,107,107],"card_choices":[{"not_picked":["champ:StanceDance","champ:IronFortress"],"picked":"champ:Backstep","floor":2.0},{"not_picked":["champ:CrookedStrike","champ:BladeFlurry"],"picked":"champ:GladiatorStyle","floor":3.0},{"not_picked":["champ:AdrenalArmor","champ:ShieldSigil"],"picked":"champ:FlashCut","floor":4.0},{"not_picked":["champ:Circumvent","champ:EnGarde"],"picked":"champ:FanOfKnives","floor":5.0},{"not_picked":["champ:RecklessLeap","champ:Haymaker"],"picked":"champ:IronFortress","floor":8.0},{"not_picked":["champ:Backstep","champ:DeathBlow"],"picked":"champ:MurderStrike","floor":9},{"not_picked":["champ:Haymaker","champ:Encircle"],"picked":"champ:FaceSlap","floor":10},{"not_picked":["champ:ViciousMockery","champ:BringItOn"],"picked":"champ:FanOfKnives","floor":14},{"not_picked":["champ:FocusedBerserking","champ:Circumvent"],"picked":"champ:RageSigil","floor":15},{"not_picked":["champ:MurderStrike","champ:IgnorePain"],"picked":"champ:LastStand","floor":16},{"not_picked":["champ:Haymaker","champ:BladeFlurry","champ:FanOfKnives"],"picked":"SKIP","floor":19},{"not_picked":["champ:GutPunch","champ:PerfectForm"],"picked":"champ:SkillfulDodge+1","floor":20},{"not_picked":["champ:DefensiveStyle","champ:Riposte"],"picked":"champ:RageSigil","floor":21},{"not_picked":["champ:RapidStrikes+1","champ:Circumvent"],"picked":"champ:AdrenalArmor","floor":22},{"not_picked":["champ:Haymaker+1","champ:DefensiveShout"],"picked":"champ:Aggression","floor":25},{"not_picked":["champ:Circumvent+1","champ:FalseCounter"],"picked":"champ:RageSigil","floor":27},{"not_picked":["champ:FanOfKnives","champ:CheapShot","champ:SkillfulDodge"],"picked":"SKIP","floor":29},{"not_picked":["champ:FocusedGladiator+1","champ:Balance"],"picked":"champ:FlashCut","floor":31},{"not_picked":["champ:FlashCut","champ:SkillfulDodge"],"picked":"champ:ViciousMockery","floor":32},{"not_picked":["champ:Improvising","champ:Devastate"],"picked":"champ:DancingMaster","floor":33},{"not_picked":["champ:GutPunch","champ:GladiatorsShout"],"picked":"champ:Control+1","floor":36},{"not_picked":["champ:PerfectedStrike+1","champ:Haymaker+1","champ:FocusedGladiator"],"picked":"SKIP","floor":38},{"not_picked":["champ:FlashCut","champ:Duel+1"],"picked":"champ:ShieldSigil","floor":39},{"not_picked":["champ:GladiatorsShout","champ:RecklessLeap"],"picked":"champ:ArenaPreparation","floor":40},{"not_picked":["champ:DefensiveStyle","champ:Encircle+1","champ:ShieldSigil"],"picked":"SKIP","floor":43},{"not_picked":["champ:ShieldThrow","champ:CrookedStrike"],"picked":"champ:FlashCut","floor":46},{"not_picked":["champ:ShieldWall+1","champ:Riposte+1"],"picked":"champ:FlashCut","floor":48},{"not_picked":["champ:Aggression","champ:Haymaker+1"],"picked":"champ:IronFortress+1","floor":49}],"player_experience":323425,"relics_obtained":[{"floor":5.0,"key":"CloakClasp"},{"floor":9,"key":"Shovel"},{"floor":11,"key":"Strawberry"},{"floor":13,"key":"champ:FightingForDummies"},{"floor":18,"key":"Ginger"},{"floor":24,"key":"Gambling Chip"},{"floor":26,"key":"Bird Faced Urn"},{"floor":28,"key":"Old Coin"},{"floor":30,"key":"Art of War"},{"floor":35,"key":"Orichalcum"},{"floor":37,"key":"downfall:GremlinWheel"},{"floor":40,"key":"Omamori"},{"floor":41,"key":"Nunchaku"},{"floor":42,"key":"Pocketwatch"},{"floor":44,"key":"Toy Ornithopter"},{"floor":44,"key":"Dream Catcher"},{"floor":47,"key":"Shuriken"}],"event_choices":[{"damage_healed":0.0,"max_hp_gain":0.0,"max_hp_loss":0.0,"gold_gain":0.0,"event_name":"FaceTrader","player_choice":"Trade","floor":6.0,"gold_loss":0.0,"damage_taken":0.0,"relics_obtained":["CultistMask"]},{"damage_healed":0,"gold_gain":0,"player_choice":"Relic","damage_taken":0,"max_hp_gain":0,"max_hp_loss":0,"event_name":"Wheel of Change","floor":44,"gold_loss":0},{"cards_removed":["champ:Backstep"],"damage_healed":0,"gold_gain":0,"player_choice":"Removed Skill","damage_taken":0,"max_hp_gain":0,"max_hp_loss":0,"event_name":"Falling","floor":45,"gold_loss":0}],"is_beta":false,"boss_relics":[{"not_picked":["SacredBark","Black Star"],"picked":"Pandora\u0027s Box"},{"not_picked":["Velvet Choker","SlaversCollar"],"picked":"Fusion Hammer"}],"items_purged_floors":[21,38],"is_endless":false,"potions_floor_spawned":[5,9,10,15,22,31,32,33,39,40,48,49],"ascension_level":0}}