{"host":"wwmqne3dwir10erh","time":1609647917,"event":{"mods":["BaseMod","Better Note","Hubris","Mimic Mod","Minty Spire (QoL Compilation)","Replay The Spire","StSLib","The Bladedancer"],"gold_per_floor":[112,130,142,67,67,67,95,95,95,95,113,113,142,158,158,256,256,268,287,44,44,44,44,61,86,86,111,145,145,156,255,255,357,357,371,387,414,414,429,464,464,464,488,36,55,55,80,80,80,180,180],"floor_reached":50,"playtime":2608,"items_purged":["Strike_G"],"score":626,"play_id":"24579280-1ec1-43b2-9046-9a8e9805a772","local_time":"20210102232517","is_ascension_mode":true,"campfire_choices":[{"data":"Neutralize","floor":6.0,"key":"SMITH"},{"data":"Glass Knife","floor":8.0,"key":"SMITH"},{"data":"ReplayTheSpireMod:Speed Training","floor":10.0,"key":"SMITH"},{"data":"Draining Mist","floor":15.0,"key":"SMITH"},{"data":"Magnetism","floor":23.0,"key":"SMITH"},{"floor":29,"key":"REST"},{"floor":32,"key":"REST"},{"floor":41,"key":"REST"},{"floor":42,"key":"REST"},{"data":"ReplayTheSpireMod:Faulty Equipment","floor":46,"key":"SMITH"},{"floor":49,"key":"REST"}],"circlet_count":0,"master_deck":["Survivor","Neutralize+1","ReplayTheSpireMod:Speed Training+1","Hidden Blade+1","Glass Knife+1","Deadly Poison","Footwork","Draining Mist+1","Replay:Bag of Tricks","Dagger Spray","Magnetism+1","A Thousand Cuts","Apotheosis+1","Conserve Battery","ReplayTheSpireMod:Speed Training","Poisoned Stab+1","Terror","Tools of the Trade","Endless Agony","Replay:Bag of Tricks","Infinite Blades","Terror","Die Die Die","Crippling Poison","ReplayTheSpireMod:Tripwire","Bullet Time","Poisoned Stab+1","ReplayTheSpireMod:Scrap Shanks+1","Catalyst","Parasite","Blade Dance","Parasite","Cloak And Dagger+1"],"relics":["ReplayTheSpireMod:DimensionalGlitch","StoneCalendar","Vajra","Bag of Marbles","hubris:BottledRain","hubris:TenFootPole","MealTicket","hubris:DeckOfHolding","Replay:Grab Bag","hubris:RunicObelisk","Cursed Key","Pandora\u0027s Box","hubris:ScarierMask","WingedGreaves","Letter Opener","Pet Ghost","hubris:SlimyHat","Blue Candle","Quantum Egg","hubris:Icosahedron"],"acts_visited":["Exordium","TheCity","TheBeyond"],"potions_floor_usage":[27,39,50],"damage_taken":[{"damage":1.0,"enemies":"Jaw Worm","floor":1.0,"turns":4.0},{"damage":2.0,"enemies":"2 Louse","floor":2.0,"turns":4.0},{"damage":1.0,"enemies":"Small Slimes","floor":3.0,"turns":4.0},{"damage":6.0,"enemies":"Replay:BlueRogue","floor":7.0,"turns":8.0},{"damage":1.0,"enemies":"Looter","floor":11.0,"turns":3.0},{"damage":4.0,"enemies":"Gremlin Nob","floor":13.0,"turns":4.0},{"damage":0.0,"enemies":"Blue Slaver","floor":14.0,"turns":1.0},{"damage":0.0,"enemies":"Hexaghost","floor":16.0,"turns":10.0},{"damage":1.0,"enemies":"Shell Parasite","floor":18.0,"turns":4.0},{"damage":2.0,"enemies":"Chosen","floor":19.0,"turns":5.0},{"damage":3.0,"enemies":"Shelled Parasite and Fungi","floor":24.0,"turns":6.0},{"damage":3.0,"enemies":"Book of Stabbing","floor":25.0,"turns":6.0},{"damage":36,"enemies":"Slavers","floor":27,"turns":7},{"damage":7,"enemies":"Snecko","floor":28,"turns":5},{"damage":10,"enemies":"Snecko","floor":30,"turns":4},{"damage":29,"enemies":"Collector","floor":33,"turns":11},{"damage":2,"enemies":"3 Darklings","floor":35,"turns":3},{"damage":29,"enemies":"3 Shapes","floor":36,"turns":3},{"damage":0,"enemies":"Transient","floor":39,"turns":5},{"damage":28,"enemies":"Giant Head","floor":40,"turns":7},{"damage":17,"enemies":"Writhing Mass","floor":45,"turns":6},{"damage":11,"enemies":"Reptomancer","floor":47,"turns":6},{"damage":76,"enemies":"Time Eater","floor":50,"turns":12}],"seed_played":"-5721023281628435710","potions_obtained":[{"floor":2.0,"key":"SkillPotion"},{"floor":3.0,"key":"BlessingOfTheForge"},{"floor":7.0,"key":"Explosive Potion"},{"floor":13.0,"key":"Fire Potion"},{"floor":25.0,"key":"Swift Potion"},{"floor":27,"key":"Reflective Coating"},{"floor":30,"key":"Flashbang"},{"floor":35,"key":"Elixir"},{"floor":45,"key":"BlessingOfTheForge"},{"floor":47,"key":"FearPotion"}],"is_trial":false,"path_per_floor":["M","M","M","$","?","R","E","R","T","R","M","?","E","M","R","B",null,"M","M","$","?","?","R","M","E","T","E","MIM","R","M","?","R","B",null,"M","M","?","?","M","E","R","R","T","$","M","R","E","?","R","B"],"character_chosen":"THE_SILENT","items_purchased":["Magnetism","A Thousand Cuts","hubris:SlimyHat","Blue Candle","Blade Dance"],"campfire_rested":5,"item_purchase_floors":[20,20,44,44,44],"current_hp_per_floor":[69,67,66,66,66,66,60,60,60,60,59,59,55,55,55,55,70,69,67,67,67,67,67,64,61,61,25,18,39,29,29,50,21,70,68,39,39,39,39,11,32,53,53,68,51,51,40,40,61,0,0],"gold":180,"neow_bonus":"BOSS_RELIC","is_daily":false,"chose_seed":false,"campfire_upgraded":6,"win_rate":0.0,"timestamp":1609647917,"path_taken":["M","M","M","$","?","R","E","R","T","R","M","?","E","M","R","BOSS","M","M","$","?","?","R","M","E","T","E","?","R","M","?","R","BOSS","M","M","?","?","?","E","R","R","T","$","M","R","E","?","R","BOSS"],"items_purchased_type":["Card","Card","Relic","Relic","Card"],"build_version":"2020-12-22","purchased_purges":1,"victory":false,"max_hp_per_floor":[70,70,70,70,70,70,70,70,70,70,70,70,70,70,70,70,70,70,70,70,70,70,70,70,70,70,70,70,70,70,70,70,70,70,70,70,70,70,70,70,70,70,70,70,70,70,70,70,70,70,70],"card_choices":[{"not_picked":["Hidden Blade","Cloak And Dagger"],"picked":"ReplayTheSpireMod:Speed Training","floor":1.0},{"not_picked":["hubris:SlightOfHand","Predator"],"picked":"Hidden Blade","floor":2.0},{"not_picked":["Setup","hubris:SlightOfHand","Reflex"],"picked":"SKIP","floor":3.0},{"not_picked":["hubris:SlightOfHand","Slice"],"picked":"Glass Knife","floor":7.0},{"not_picked":["hubris:Sniper","Caltrops"],"picked":"Deadly Poison","floor":11.0},{"not_picked":["Dagger Throw","Envenom"],"picked":"Draining Mist","floor":13.0},{"not_picked":["Backstab","Acrobatics","Expertise"],"picked":"SKIP","floor":14.0},{"not_picked":["Wraith Form v2","Atom Bomb"],"picked":"Replay:Bag of Tricks","floor":16.0},{"not_picked":["Backstab","Well Laid Plans"],"picked":"Dagger Spray","floor":18.0},{"not_picked":["Quick Slash","Dagger Spray","Acrobatics"],"picked":"SKIP","floor":19.0},{"not_picked":["Finisher+1","Deflect+1","Deadly Poison"],"picked":"SKIP","floor":24.0},{"not_picked":["Poison Darts","Finisher"],"picked":"ReplayTheSpireMod:Speed Training","floor":25.0},{"not_picked":["Endless Agony","hubris:Counter","Predator+1"],"picked":"SKIP","floor":27},{"not_picked":["Bane","Sucker Punch+1"],"picked":"Poisoned Stab+1","floor":28},{"not_picked":["hubris:SlightOfHand","Flying Knee"],"picked":"Terror","floor":30},{"not_picked":["A Thousand Cuts","ReplayTheSpireMod:Necrosis"],"picked":"Tools of the Trade","floor":33},{"not_picked":["Backflip","Outmaneuver"],"picked":"Poisoned Stab+1","floor":35},{"not_picked":["hubris:Sniper+1","Quick Slash+1","Toxin Wave+1"],"picked":"SKIP","floor":36},{"not_picked":["Poisoned Stab","Leg Sweep+1"],"picked":"ReplayTheSpireMod:Scrap Shanks+1","floor":39},{"not_picked":["Sucker Punch","Finisher+1"],"picked":"Catalyst","floor":40},{"not_picked":["Outmaneuver+1","Storm of Steel"],"picked":"Cloak And Dagger+1","floor":45},{"not_picked":["Poisoned Stab+1","ReplayTheSpireMod:Exploit Weakness+1","Bouncing Flask"],"picked":"SKIP","floor":47}],"player_experience":2246577,"relics_obtained":[{"floor":7.0,"key":"StoneCalendar"},{"floor":9.0,"key":"Vajra"},{"floor":13.0,"key":"Bag of Marbles"},{"floor":25.0,"key":"hubris:BottledRain"},{"floor":26.0,"key":"hubris:TenFootPole"},{"floor":27,"key":"MealTicket"},{"floor":28,"key":"hubris:DeckOfHolding"},{"floor":37,"key":"WingedGreaves"},{"floor":40,"key":"Letter Opener"},{"floor":43,"key":"Pet Ghost"},{"floor":47,"key":"Quantum Egg"}],"event_choices":[{"cards_removed":["Apotheosis"],"damage_healed":0.0,"max_hp_gain":0.0,"max_hp_loss":0.0,"gold_gain":0.0,"event_name":"betterNote:BetterNote","player_choice":"Take \u0026 Give","floor":21.0,"gold_loss":0.0,"damage_taken":0.0,"cards_obtained":["Apotheosis"]},{"damage_healed":0.0,"max_hp_gain":0.0,"max_hp_loss":0.0,"gold_gain":0.0,"event_name":"The Library","player_choice":"Read","floor":22.0,"gold_loss":0.0,"damage_taken":0.0,"cards_obtained":["Conserve Battery"]},{"damage_healed":0,"gold_gain":99,"player_choice":"Stole From Cult","damage_taken":0,"max_hp_gain":0,"max_hp_loss":0,"event_name":"Nest","floor":31,"gold_loss":0},{"cards_removed":["Wraith Form v2"],"damage_healed":0,"gold_gain":0,"player_choice":"Purged","damage_taken":0,"max_hp_gain":0,"max_hp_loss":0,"event_name":"Purifier","floor":38,"gold_loss":0}],"is_beta":false,"boss_relics":[{"not_picked":["Runic Pyramid","Velvet Choker","Busted Crown"]},{"not_picked":["hubris:VirtuousBlindfold","Fusion Hammer"],"picked":"Replay:Grab Bag"},{"not_picked":["Coffee Dripper","Replay:Wanted Poster"],"picked":"hubris:RunicObelisk"},{"not_picked":["Sozu","Runic Dome"],"picked":"Cursed Key"},{"not_picked":["Black Star","SlaversCollar"],"picked":"Pandora\u0027s Box"},{"not_picked":["Snecko Scales","SacredBark"],"picked":"hubris:ScarierMask"}],"items_purged_floors":[4],"is_endless":false,"potions_floor_spawned":[2,3,7,13,14,25,27,30,35,45,47],"killed_by":"Time Eater","ascension_level":1}}