{"host":"vhikgave70uorr7d","time":1609703551,"event":{"mods":["AchievementEnabler","Act Like it!","Ascension Reborn","Ascension Unlocker","BaseMod","Beaked The Cultist","Better Altar","Better Match","Better Note","Better Sensory Stone","Better Skull","Better Third Choice","BetterRewards","ChefMod","Colored Powertips","Custom Start","Defuse TimeMaze Blight","Downfall","Elementarium","Energized Spire","GifTheSpireLib","Hermit","Hero for Fun","Highlight Path","Hubris","Infinite Spire","JesterMod","Menagerie","Mimic Mod","Minty Spire (QoL Compilation)","MostiFishMod","Permanent Neow","Pikachu Mod","Quick Restart","Rare Cards Sparkle","Relic Filter","Remove Card Discount Mod","Replay The Spire","Retaliation","Shade Mod","Small Relic Pack","Spicy Shops","StSLib","Swap Starting Deck Mod","Td1madao Mod","The Accelerator","The Alterego","The Animator","The Bladedancer","The Blue Laboratory","The Bug Knight","The Construct","The Cursed","The Disciple","The Hayseed","The Hierophant","The Mystic","The Necromancer","The Runesmith","The Servant 0.9.4","The Vixen","The Wild Card","TheFirefly","TheSwordswoman","TheVacant","Transform Curses"],"gold_per_floor":[119,132,132,1296,1308,1308,1333,1333,1378,1378,472,472,1172,1182,1182,1278,1278,1296,1306,1331,1281,1395,1408,1418,1418,1418,1444,1458,3234,3251,2225,2225,2324,2424,2442,2442,2454,2454,2474,2474,2599,2599],"floor_reached":41,"playtime":6221,"items_purged":["thefirefly:Strike","thefirefly:Strike","thefirefly:PhotonBlast","thefirefly:Strike","thefirefly:Defend","thefirefly:Defend","thefirefly:Defend","thefirefly:Defend","thefirefly:Strike","thefirefly:StealthMode","thefirefly:ShieldArray","thefirefly:PhantomStrike","thefirefly:Pacify","thefirefly:EnergyShield","thefirefly:FlareScreen","thefirefly:RecollectionSubroutine","thefirefly:StarCinder+1","thefirefly:StarCinder+1","thefirefly:Regeneration+1","Shame"],"score":661,"play_id":"4d736867-9ed7-4099-886d-c0c6acd63b0f","local_time":"20210103145231","is_ascension_mode":false,"campfire_choices":[{"data":"thefirefly:SteadyAim","floor":6,"key":"SMITH"},{"floor":12,"key":"RECALL"},{"data":"thefirefly:Bombardment","floor":15,"key":"SMITH"},{"data":"Pot Of Greed","floor":25,"key":"SMITH"},{"floor":32,"key":"REST"},{"data":"MostiFishMod:CyberBuddha","floor":40,"key":"SMITH"}],"circlet_count":0,"master_deck":["thefirefly:ChargedLaser+1","thefirefly:LifeSupport+1","thefirefly:SteadyAim+1","thefirefly:InterceptingShot+1","thefirefly:CoveringFire+1","thefirefly:Bombardment+1","thefirefly:RerouteCircuit+1","thefirefly:SteadyAim+1","thefirefly:AutoTargeting+1","Pot Of Greed+1","Consecrate+1","Pot Of Greed+1","thefirefly:ChargedLaser+1","thefirefly:ChargedLaser+1","thefirefly:Bombardment+1","thefirefly:LustForEternity+1","thefirefly:SteadyAim+1","MostiFishMod:CyberBuddha+1","infinitespire:FutureSight+1","thefirefly:SteadyAim+1","Pot Of Greed+1","thefirefly:InterceptingShot","Pot Of Greed"],"relics":["thefirefly:StealthSystem","DaveBox","EGODaCapo","SynthV:TestCard","hubris:DisguiseKit","Replay:Rubber Ducky","Sling","Pen Nib","hubris:TenFootPole","thefirefly:LongRangeScanner","DSteel32","thefirefly:PlasmaFairy","hubris:CuriousFeather","Whetstone","Bronze Scales","hubris:OldNail","Regal Pillow","Guide Book","ArrowTower","infinitespire:Lucky Rock","Lantern","construct:ClawGrip","Replay:Wax Seal","Happy Flower","hubris:SlimyHat","Potion Belt","Oddly Smooth Stone","Grinning Jar","beaked:ShinyBauble","Gremlin Food","Kunai","Strange Spoon","Blue Doll","Frozen Eye","infinitespire:PuzzleCube","Dream Catcher","Tiny Chest","hubris:CrystalStatue","BargainBundle","MealTicket","Nunchaku","Technique","Bottled Tornado","Lantern","Lantern","Replay:Grab Bag","Replay:Wanted Poster","energizedSpire:MagnifyingGlass","beaked:SacredDeck","Unceasing Top"],"acts_visited":["Exordium","TheCity","TheBeyond"],"potions_floor_usage":[],"damage_taken":[{"damage":0,"enemies":"2 Louse","floor":1,"turns":7},{"damage":9,"enemies":"Jaw Worm","floor":2,"turns":8},{"damage":0,"enemies":"Cultist","floor":5,"turns":4},{"damage":11,"enemies":"3 Sentries","floor":7,"turns":6},{"damage":0,"enemies":"Blue Slaver","floor":14,"turns":2},{"damage":6,"enemies":"The Guardian","floor":16,"turns":3},{"damage":0,"enemies":"Chosen","floor":18,"turns":2},{"damage":0,"enemies":"2 Thieves","floor":19,"turns":2},{"damage":0,"enemies":"Centurion and Healer","floor":23,"turns":2},{"damage":0,"enemies":"Snake Plant","floor":24,"turns":2},{"damage":0,"enemies":"Book of Stabbing","floor":27,"turns":2},{"damage":0,"enemies":"Shelled Parasite and Fungi","floor":28,"turns":3},{"damage":0,"enemies":"Chosen and Byrds","floor":30,"turns":3},{"damage":6,"enemies":"hubris:MusketHawk","floor":33,"turns":3},{"damage":0,"enemies":"3 Darklings","floor":35,"turns":3},{"damage":0,"enemies":"Orb Walker","floor":37,"turns":2},{"damage":0,"enemies":"3 Darklings","floor":39,"turns":2},{"damage":0,"enemies":"Maw","floor":41,"turns":2}],"seed_played":"-4689720648215878185","potions_obtained":[{"floor":1,"key":"SmokeBomb"},{"floor":16,"key":"FairyPotion"},{"floor":19,"key":"Ancient Potion"},{"floor":24,"key":"SteroidPotion"},{"floor":30,"key":"BlessingOfTheForge"}],"is_trial":false,"path_per_floor":["M","M","?","$","M","R","E","?","T","?","$","R","$","M","R","B",null,"M","M","T","?","?","M","M","R","T","E","M","$","M","$","R","B",null,"M","?","M","?","M","R","M"],"character_chosen":"THE_FIREFLY","items_purchased":["thefirefly:ChargedLaser","Replay:Rubber Ducky","Sling","Pen Nib","thefirefly:LifeSupport","hubris:TenFootPole","thefirefly:PlasmaFairy","hubris:CuriousFeather","thefirefly:CoveringFire","Whetstone","Bronze Scales","AttackPotion","hubris:OldNail","Regal Pillow","thefirefly:Regeneration","Guide Book","ArrowTower","infinitespire:Lucky Rock","Kunai","Strange Spoon","Blue Doll","thefirefly:ChargedLaser","thefirefly:Bombardment","AttackPotion","Frozen Eye","infinitespire:PuzzleCube","Dream Catcher","Tiny Chest","hubris:CrystalStatue","BargainBundle","MealTicket","Nunchaku","LifebloodPotion","Technique"],"campfire_rested":1,"item_purchase_floors":[4,4,4,4,4,4,11,11,11,11,11,11,13,13,13,13,13,13,29,29,29,29,29,29,29,29,29,31,31,31,31,31,31,31],"current_hp_per_floor":[60,51,51,51,57,57,46,46,46,46,46,46,46,55,55,54,60,60,60,60,60,18,27,36,36,36,45,54,54,60,60,60,54,60,60,60,60,60,60,60,60,60],"gold":2599,"neow_bonus":"TEN_PERCENT_HP_BONUS","is_daily":false,"chose_seed":false,"campfire_upgraded":4,"win_rate":0.0,"timestamp":1609703551,"path_taken":["M","M","?","$","M","R","E","?","T","?","?","R","$","M","R","BOSS","M","M","?","?","?","M","M","R","T","E","?","$","M","?","R","BOSS","M","?","M","?","?","R","M"],"items_purchased_type":["Card","Relic","Relic","Relic","Card","Relic","Relic","Relic","Card","Relic","Relic","Potion","Relic","Relic","Card","Relic","Relic","Relic","Relic","Relic","Relic","Card","Card","Potion","Relic","Relic","Relic","Relic","Relic","Relic","Relic","Relic","Potion","Relic"],"build_version":"2020-12-22","purchased_purges":20,"victory":false,"max_hp_per_floor":[60,60,60,60,60,60,60,60,60,60,60,60,60,60,60,60,60,60,60,60,60,60,60,60,60,60,60,60,60,60,60,60,60,60,60,60,60,60,60,60,60,60],"card_choices":[{"not_picked":["thefirefly:SearingEnigma","thefirefly:StarCinder"],"picked":"thefirefly:ShieldArray","floor":1},{"not_picked":["thefirefly:RecollectionSubroutine","thefirefly:AutoTargeting","thefirefly:StarCinder","thefirefly:EvasiveManeuver"],"picked":"thefirefly:PhantomStrike","floor":2},{"not_picked":["thefirefly:AuroralDischarge","thefirefly:ShieldGenerator","thefirefly:Boost","thefirefly:StoredPower","BowlingBash"],"picked":"thefirefly:SteadyAim","floor":5},{"not_picked":["thefirefly:Pacify","thefirefly:ReverseEngine","thefirefly:Unburden","thefirefly:Rend","Study"],"picked":"thefirefly:InterceptingShot","floor":7},{"not_picked":["thefirefly:Reposition","thefirefly:FlakCannon","thefirefly:EnergyShield","thefirefly:LaserMail","Sanctity"],"picked":"thefirefly:Bombardment","floor":14},{"not_picked":["thefirefly:SoulStrike","thefirefly:EphemeronForm","thefirefly:Regeneration","thefirefly:Kugelblitz","Vault"],"picked":"thefirefly:RerouteCircuit","floor":16},{"not_picked":["thefirefly:QuantumTunneling","thefirefly:InterceptingShot","thefirefly:CoveringFire+1","thefirefly:Reposition","MostiFishMod:FlowState"],"picked":"thefirefly:SteadyAim","floor":18},{"not_picked":["thefirefly:IonizedBarrier","thefirefly:RollBack","thefirefly:SoulStrike","thefirefly:LaserBarrage","BattleHymn"],"picked":"thefirefly:AutoTargeting","floor":19},{"not_picked":["thefirefly:FlareScreen","thefirefly:AuroralDischarge+1","thefirefly:FlakCannon","thefirefly:EvasiveManeuver+1","thefirefly:LaserMail+1","PathToVictory"],"picked":"SKIP","floor":23},{"not_picked":["thefirefly:Distort","thefirefly:Pacify+1","thefirefly:ArtillleryBeam","thefirefly:Prominence","thefirefly:EMP+1"],"picked":"Consecrate","floor":24},{"not_picked":["thefirefly:Lamentation+1","thefirefly:Teleport","thefirefly:StoredPower+1","thefirefly:Prominence","Evaluate"],"picked":"thefirefly:StarCinder","floor":27},{"not_picked":["thefirefly:RollBack","thefirefly:Boost+1","thefirefly:Distort+1","thefirefly:ArtillleryBeam+1","Replay:Vibes"],"picked":"thefirefly:Rend","floor":28},{"not_picked":["thefirefly:Pacify","thefirefly:ShieldGenerator+1","thefirefly:Rend","thefirefly:DataMiner","JustLucky"],"picked":"thefirefly:LustForEternity","floor":30},{"not_picked":["thefirefly:Pacify","thefirefly:ArtillleryBeam","thefirefly:IonizedBarrier","thefirefly:DecoyShot","Consecrate"],"picked":"thefirefly:SteadyAim","floor":32},{"not_picked":["thefirefly:LustForEternity","thefirefly:Regeneration","thefirefly:Unweft","thefirefly:Nova","thefirefly:Dematerialize"],"picked":"MostiFishMod:CyberBuddha","floor":33},{"not_picked":["thefirefly:StarCinder+1","thefirefly:Boost+1","thefirefly:EMP+1","thefirefly:QuantumTunneling+1","JustLucky"],"picked":"thefirefly:SteadyAim+1","floor":35},{"not_picked":["thefirefly:LaserMail+1","thefirefly:HyperFocus","thefirefly:Rend","thefirefly:StarCinder","thefirefly:ErraticMotions","Protect"],"picked":"SKIP","floor":37},{"not_picked":["thefirefly:EMP+1","thefirefly:NebulaVeil+1","thefirefly:Exile","thefirefly:FlakCannon","ThirdEye"],"picked":"thefirefly:InterceptingShot","floor":39}],"player_experience":363849,"relics_obtained":[{"floor":1,"key":"SynthV:TestCard"},{"floor":7,"key":"thefirefly:LongRangeScanner"},{"floor":20,"key":"Replay:Wax Seal"},{"floor":26,"key":"beaked:ShinyBauble"},{"floor":27,"key":"Gremlin Food"}],"event_choices":[{"damage_healed":0,"gold_gain":0,"player_choice":"Forge","damage_taken":0,"max_hp_gain":0,"max_hp_loss":0,"event_name":"Accursed Blacksmith","floor":8,"gold_loss":0,"cards_upgraded":["thefirefly:ChargedLaser"]},{"damage_healed":0,"gold_gain":0,"player_choice":"Bet on Murderer","damage_taken":0,"max_hp_gain":0,"max_hp_loss":0,"event_name":"The Joust","floor":21,"gold_loss":50},{"damage_healed":0,"gold_gain":114,"player_choice":"UP GO RE RE RE RE RE ","damage_taken":104,"relics_obtained":["Happy Flower","hubris:SlimyHat","Potion Belt","Oddly Smooth Stone","Grinning Jar"],"max_hp_gain":0,"max_hp_loss":0,"event_name":"betterSkull:BetterSkull","floor":22,"gold_loss":0,"cards_upgraded":["thefirefly:AutoTargeting"]},{"cards_removed":["thefirefly:Rend"],"damage_healed":0,"gold_gain":0,"player_choice":"Purged","damage_taken":0,"max_hp_gain":0,"max_hp_loss":0,"event_name":"Purifier","floor":36,"gold_loss":0},{"cards_removed":["Pot Of Greed"],"damage_healed":0,"gold_gain":0,"player_choice":"Take \u0026 Give","damage_taken":0,"max_hp_gain":0,"max_hp_loss":0,"event_name":"betterNote:BetterNote","floor":38,"gold_loss":0,"cards_obtained":["Pot Of Greed"]}],"is_beta":false,"boss_relics":[{"not_picked":["relicPack:ShieldShield","Empty Cage"],"picked":"construct:ClawGrip"},{"not_picked":["jesterMod:MachoBrace","hubris:BlackHole"],"picked":"Replay:Grab Bag"},{"not_picked":["Sozu","ReplayTheSpireMod:Onyx Gauntlets"],"picked":"Replay:Wanted Poster"},{"not_picked":["energizedSpire:RedRose","Runesmith:UraniumAnvil"],"picked":"energizedSpire:MagnifyingGlass"},{"not_picked":["DiscerningMonocle","Kintsugi"],"picked":"beaked:SacredDeck"}],"items_purged_floors":[4,4,4,4,4,4,4,4,4,11,11,11,11,11,11,11,29,29,29,31],"is_endless":false,"potions_floor_spawned":[1,16,18,19,24,30,33],"killed_by":"Maw","ascension_level":0}}