{"host":"vfg9szunmpjwj08o","time":1609671261,"event":{"mods":["Act Like it!","BaseMod","Challenge The Spire","Colored Map","Colored Powertips","Minty Spire (QoL Compilation)","StSLib","Waifu the Spire"],"gold_per_floor":[116,127,137,137,152,185,185,215,239,239,314,330,355,396,396,396,396],"floor_reached":16,"playtime":455,"items_purged":[],"score":267,"play_id":"42f31cde-03ea-47de-a48a-1835ba5c9871","local_time":"20210103115421","is_ascension_mode":true,"campfire_choices":[{"data":"Zap","floor":7.0,"key":"SMITH"},{"data":"Dualcast","floor":10.0,"key":"SMITH"},{"data":"Hologram","floor":15,"key":"SMITH"}],"circlet_count":0,"master_deck":["AscendersBane","Strike_B","Strike_B","Strike_B","Strike_B","Defend_B","Defend_B","Defend_B","Defend_B","Zap+1","Dualcast+1","Hologram+1","Sunder","Gash","Undo","Reboot","FTL","Chill"],"relics":["Cracked Core","FossilizedHelix","Golden Idol","Art of War","Pen Nib"],"acts_visited":["Exordium"],"potions_floor_usage":[14],"damage_taken":[{"damage":0.0,"enemies":"Jaw Worm","floor":1.0,"turns":3.0},{"damage":0.0,"enemies":"2 Louse","floor":2.0,"turns":2.0},{"damage":0.0,"enemies":"Small Slimes","floor":3.0,"turns":3.0},{"damage":0.0,"enemies":"Exordium Wildlife","floor":5.0,"turns":2.0},{"damage":0.0,"enemies":"Gremlin Nob","floor":6.0,"turns":3.0},{"damage":0.0,"enemies":"Red Slaver","floor":12.0,"turns":3.0},{"damage":0.0,"enemies":"2 Fungi Beasts","floor":13.0,"turns":2.0},{"damage":20,"enemies":"Lagavulin","floor":14,"turns":5},{"damage":17,"enemies":"Hexaghost","floor":16,"turns":8}],"seed_played":"5394305430480424816","potions_obtained":[{"floor":1.0,"key":"FearPotion"},{"floor":5.0,"key":"PowerPotion"},{"floor":13.0,"key":"PotionOfCapacity"}],"is_trial":false,"path_per_floor":["M","M","M","?","M","E","R","?","T","R","?","M","M","E","R","B"],"character_chosen":"DEFECT","items_purchased":[],"campfire_rested":0,"item_purchase_floors":[],"current_hp_per_floor":[64,64,64,42,42,42,42,42,42,42,31,31,31,11,11,0,0],"gold":396,"neow_bonus":"ONE_RARE_RELIC","is_daily":false,"chose_seed":false,"campfire_upgraded":3,"win_rate":0.0,"timestamp":1609671261,"path_taken":["M","M","M","?","M","E","R","?","T","R","?","?","M","E","R","BOSS"],"items_purchased_type":[],"build_version":"2020-12-22","purchased_purges":0,"victory":false,"max_hp_per_floor":[64,64,64,64,64,64,64,64,64,64,64,64,64,64,64,64,64],"card_choices":[{"not_picked":["Genetic Algorithm","Streamline"],"picked":"Hologram","floor":1.0},{"not_picked":["Hologram","Skim"],"picked":"Sunder","floor":2.0},{"not_picked":["Steam","Tempest"],"picked":"Gash","floor":3.0},{"not_picked":["Leap","Cold Snap"],"picked":"Undo","floor":5.0},{"not_picked":["Rebound","Go for the Eyes"],"picked":"Reboot","floor":6.0},{"not_picked":["Redo","Leap"],"picked":"FTL","floor":12.0},{"not_picked":["Tempest","Beam Cell","Rebound"],"picked":"SKIP","floor":13.0},{"not_picked":["Tempest","Capacitor"],"picked":"Chill","floor":14}],"player_experience":1033474,"relics_obtained":[{"floor":6.0,"key":"Art of War"},{"floor":14,"key":"Pen Nib"}],"event_choices":[{"damage_healed":0.0,"max_hp_gain":0.0,"max_hp_loss":0.0,"gold_gain":0.0,"event_name":"Golden Idol","player_choice":"Take Damage","floor":4.0,"gold_loss":0.0,"damage_taken":22.0,"relics_obtained":["Golden Idol"]},{"damage_healed":0.0,"max_hp_gain":0.0,"max_hp_loss":0.0,"gold_gain":30.0,"event_name":"Dead Adventurer","player_choice":"Searched \u00272\u0027 times","floor":8.0,"gold_loss":0.0,"damage_taken":0.0},{"damage_healed":0.0,"max_hp_gain":0.0,"max_hp_loss":0.0,"gold_gain":75.0,"event_name":"World of Goop","player_choice":"Gather Gold","floor":11.0,"gold_loss":0.0,"damage_taken":11.0}],"is_beta":false,"boss_relics":[],"items_purged_floors":[],"is_endless":false,"potions_floor_spawned":[1,5,13],"killed_by":"Hexaghost","ascension_level":19}}