{"host":"qwttrqaysb380yri","time":1609693915,"event":{"mods":["BaseMod","Custom Start","Minty Spire (QoL Compilation)","Permanent Neow","Puzzle Mod","Relic Stats","StSLib","The Hierophant"],"gold_per_floor":[111,111,127,146,85,130,130,78,78,104,104,433,444,464,464,536,536,548,561,611,611,611],"floor_reached":21,"playtime":748,"items_purged":[],"score":348,"play_id":"1d552683-3073-4516-b0d7-69c90455ed29","local_time":"20210103181155","is_ascension_mode":true,"campfire_choices":[{"data":"Acrobatics","floor":7,"key":"SMITH"},{"floor":11,"key":"REST"},{"data":"Concentrate","floor":15,"key":"SMITH"}],"circlet_count":0,"master_deck":["AscendersBane","Strike_G","Strike_G","Strike_G","Strike_G","Strike_G","Defend_G","Defend_G","Defend_G","Defend_G","Defend_G+1","Survivor+1","Neutralize","Terror","Underhanded Strike","Acrobatics+1","Dagger Spray","Slice","Crippling Poison","Flechettes","Slice","Backflip","Dodge and Roll","Acrobatics","A Thousand Cuts","Reflex","Concentrate+1","Storm of Steel","Deflect"],"relics":["Ring of the Snake","Prayer Wheel","Mercury Hourglass","Mummified Hand","Mango","Old Coin","SacredBark"],"acts_visited":["Exordium","TheCity"],"potions_floor_usage":[6,6,10,16,21],"damage_taken":[{"damage":5,"enemies":"Small Slimes","floor":1,"turns":6},{"damage":0,"enemies":"2 Louse","floor":3,"turns":2},{"damage":0,"enemies":"Jaw Worm","floor":4,"turns":3},{"damage":16,"enemies":"Lagavulin","floor":6,"turns":5},{"damage":25,"enemies":"3 Sentries","floor":10,"turns":5},{"damage":17,"enemies":"Lagavulin","floor":12,"turns":5},{"damage":6,"enemies":"Exordium Thugs","floor":13,"turns":3},{"damage":0,"enemies":"2 Fungi Beasts","floor":14,"turns":2},{"damage":20,"enemies":"Hexaghost","floor":16,"turns":9},{"damage":22,"enemies":"Shell Parasite","floor":18,"turns":5},{"damage":26,"enemies":"Spheric Guardian","floor":19,"turns":4},{"damage":6,"enemies":"Snake Plant","floor":21,"turns":2}],"seed_played":"-1255575279887209761","potions_obtained":[{"floor":4,"key":"EntropicBrew"},{"floor":6,"key":"DuplicationPotion"},{"floor":12,"key":"ColorlessPotion"},{"floor":16,"key":"DuplicationPotion"},{"floor":18,"key":"Dexterity Potion"}],"is_trial":false,"path_per_floor":["M","?","M","M","?","E","R","$","T","E","R","E","M","M","R","B",null,"M","M","?","M"],"character_chosen":"THE_SILENT","items_purchased":["Slice"],"campfire_rested":1,"item_purchase_floors":[8],"current_hp_per_floor":[54,36,36,36,36,20,20,20,20,27,49,32,26,26,26,6,57,35,9,9,3,3],"gold":611,"neow_bonus":"ONE_RARE_RELIC","is_daily":false,"chose_seed":false,"campfire_upgraded":2,"win_rate":0.0,"timestamp":1609693915,"path_taken":["M","?","M","M","?","E","R","?","T","E","R","E","?","M","R","BOSS","M","M","?","M"],"items_purchased_type":["Card"],"build_version":"2020-12-22","purchased_purges":0,"victory":false,"max_hp_per_floor":[60,60,60,60,60,60,60,60,60,74,74,74,74,74,74,74,74,74,74,74,74,74],"relic_stats":{"counters":[12,51],"Mummified Hand":[3],"Prayer Wheel":7,"obtain_stats":[{"Mummified Hand":9,"SacredBark":17,"Prayer Wheel":0,"Mango":10,"Ring of the Snake":0,"Mercury Hourglass":6,"Old Coin":12},{"Mummified Hand":4,"SacredBark":9,"Prayer Wheel":0,"Mango":5,"Ring of the Snake":0,"Mercury Hourglass":4,"Old Coin":6},{"Mummified Hand":16,"SacredBark":40,"Prayer Wheel":0,"Mango":21,"Ring of the Snake":0,"Mercury Hourglass":16,"Old Coin":26}],"Ring of the Snake":[24],"Mercury Hourglass":[102]},"card_choices":[{"not_picked":["Sucker Punch","Dodge and Roll"],"picked":"Terror","floor":1},{"not_picked":["Accuracy","Dodge and Roll"],"picked":"Underhanded Strike","floor":1},{"not_picked":["Choke","Outmaneuver"],"picked":"Acrobatics","floor":3},{"not_picked":["Quick Slash","Crippling Poison"],"picked":"Dagger Spray","floor":3},{"not_picked":["Footwork","Catalyst"],"picked":"Slice","floor":4},{"not_picked":["PiercingWail","Backflip"],"picked":"Crippling Poison","floor":4},{"not_picked":["Infinite Blades","Outmaneuver"],"picked":"Flechettes","floor":6},{"not_picked":["Bane","Cloak And Dagger"],"picked":"Backflip","floor":10},{"not_picked":["Bouncing Flask","Underhanded Strike"],"picked":"Dodge and Roll","floor":12},{"not_picked":["Dodge and Roll","Sucker Punch"],"picked":"Acrobatics","floor":13},{"not_picked":["Caltrops","Expertise"],"picked":"A Thousand Cuts","floor":13},{"not_picked":["Blade Dance","Cloak And Dagger"],"picked":"Reflex","floor":14},{"not_picked":["Endless Agony","Flechettes"],"picked":"Concentrate","floor":14},{"not_picked":["Doppelganger","Tools of the Trade"],"picked":"Storm of Steel","floor":16},{"not_picked":["Noxious Fumes","Quick Slash","Dagger Spray+1"],"picked":"SKIP","floor":18},{"not_picked":["Leg Sweep","Terror+1","Slice"],"picked":"SKIP","floor":18},{"not_picked":["Backflip","Heel Hook"],"picked":"Deflect","floor":19},{"not_picked":["Expertise","Cloak And Dagger+1","Skewer"],"picked":"SKIP","floor":19}],"player_experience":1997620,"relics_obtained":[{"floor":6,"key":"Mercury Hourglass"},{"floor":9,"key":"Mummified Hand"},{"floor":10,"key":"Mango"},{"floor":12,"key":"Old Coin"}],"event_choices":[{"damage_healed":0,"gold_gain":0,"player_choice":"Entered Light","damage_taken":18,"max_hp_gain":0,"max_hp_loss":0,"event_name":"Shining Light","floor":2,"gold_loss":0,"cards_upgraded":["Defend_G","Survivor"]},{"damage_healed":0,"gold_gain":0,"player_choice":"Left Gold","damage_taken":0,"max_hp_gain":0,"max_hp_loss":0,"event_name":"World of Goop","floor":5,"gold_loss":61},{"damage_healed":0,"gold_gain":50,"player_choice":"Pray","damage_taken":0,"max_hp_gain":0,"max_hp_loss":0,"event_name":"Golden Shrine","floor":20,"gold_loss":0}],"is_beta":false,"boss_relics":[{"not_picked":["Coffee Dripper","Busted Crown"],"picked":"SacredBark"}],"items_purged_floors":[],"is_endless":false,"potions_floor_spawned":[4,6,12,16,18],"killed_by":"Snake Plant","ascension_level":15}}