{"host":"hzhtv7n0nkrnil9f","time":1609671085,"event":{"mods":["AchievementEnabler","BaseMod","Colored Map","Minty Spire (QoL Compilation)","Permanent Neow","Quick Restart"],"gold_per_floor":[115,115,127,77,77,107,125,156,156,81,106,106,119,132,132,233,233,248,261,261,280,103,103,103,103,103],"floor_reached":25,"playtime":2722,"items_purged":["Strike_P","Defend_P"],"score":298,"play_id":"f418cc28-b6bd-478d-9cea-84d1a8fb5709","local_time":"20210103115125","is_ascension_mode":true,"campfire_choices":[{"data":"Pray","floor":12.0,"key":"SMITH"},{"data":"Meditate","floor":15.0,"key":"SMITH"},{"floor":23,"key":"REST"}],"circlet_count":0,"master_deck":["Strike_P","Defend_P","Defend_P","Defend_P","Eruption+1","Vigilance","WheelKick","DeceiveReality","FearNoEvil","Meditate+1","Pray+1","Brilliance","Wireheading","InnerPeace","Indignation","Blasphemy","CutThroughFate","Study+1","MentalFortress","Necronomicurse"],"relics":["PureWater","GremlinMask","Yang","Letter Opener","Pantograph","Vajra","Philosopher\u0027s Stone","Necronomicon"],"acts_visited":["Exordium","TheCity"],"potions_floor_usage":[25],"damage_taken":[{"damage":7.0,"enemies":"Small Slimes","floor":1.0,"turns":6.0},{"damage":0.0,"enemies":"Cultist","floor":3.0,"turns":2.0},{"damage":0.0,"enemies":"Lagavulin","floor":6.0,"turns":4.0},{"damage":0.0,"enemies":"2 Louse","floor":7.0,"turns":2.0},{"damage":0.0,"enemies":"Gremlin Nob","floor":8.0,"turns":2.0},{"damage":5.0,"enemies":"3 Sentries","floor":11.0,"turns":7.0},{"damage":0.0,"enemies":"Large Slime","floor":13.0,"turns":5.0},{"damage":4.0,"enemies":"Lots of Slimes","floor":14.0,"turns":3.0},{"damage":35.0,"enemies":"Hexaghost","floor":16.0,"turns":4.0},{"damage":11.0,"enemies":"Chosen","floor":18.0,"turns":4.0},{"damage":17.0,"enemies":"3 Byrds","floor":19.0,"turns":3.0},{"damage":21,"enemies":"Shelled Parasite and Fungi","floor":21,"turns":4},{"damage":36,"enemies":"Slavers","floor":25,"turns":4}],"seed_played":"3937317032408722833","potions_obtained":[{"floor":1.0,"key":"Energy Potion"},{"floor":3.0,"key":"DistilledChaos"},{"floor":11.0,"key":"Ancient Potion"},{"floor":14.0,"key":"FearPotion"},{"floor":16.0,"key":"Energy Potion"},{"floor":18.0,"key":"Fruit Juice"}],"is_trial":false,"path_per_floor":["M","?","M","?","?","E","M","E","T","$","E","R","M","M","R","B",null,"M","M","?","M","$","R","?","E"],"character_chosen":"WATCHER","items_purchased":["MentalFortress"],"campfire_rested":1,"item_purchase_floors":[22],"current_hp_per_floor":[65,65,65,65,65,65,65,65,65,65,60,60,60,56,56,37,72,66,49,49,28,28,51,35,0,0],"gold":103,"neow_bonus":"UPGRADE_CARD","is_daily":false,"chose_seed":false,"campfire_upgraded":2,"win_rate":0.0,"timestamp":1609671085,"path_taken":["M","?","?","?","?","E","M","E","T","$","E","R","M","?","R","BOSS","M","M","?","M","$","R","?","E"],"items_purchased_type":["Card"],"build_version":"2020-12-22","purchased_purges":2,"victory":false,"max_hp_per_floor":[72,72,72,72,72,72,72,72,72,72,72,72,72,72,72,72,72,77,77,77,77,77,77,77,77,77],"card_choices":[{"not_picked":["Pray","ThirdEye"],"picked":"WheelKick","floor":1.0},{"not_picked":["Halt","PathToVictory"],"picked":"FearNoEvil","floor":3.0},{"not_picked":["Sanctity","SandsOfTime"],"picked":"Meditate","floor":6.0},{"not_picked":["Protect","WindmillStrike"],"picked":"Pray","floor":7.0},{"not_picked":["WaveOfTheHand","ClearTheMind"],"picked":"Brilliance","floor":8.0},{"not_picked":["Halt","FollowUp"],"picked":"Wireheading","floor":11.0},{"not_picked":["JustLucky","SashWhip"],"picked":"InnerPeace","floor":13.0},{"not_picked":["PathToVictory","WreathOfFlame"],"picked":"Indignation","floor":14.0},{"not_picked":["Judgement","Wish"],"picked":"Blasphemy","floor":16.0},{"not_picked":["Evaluate","Consecrate"],"picked":"CutThroughFate","floor":18.0},{"not_picked":["CrushJoints+1","FlyingSleeves+1","CarveReality+1"],"picked":"SKIP","floor":19.0},{"not_picked":["Protect","InnerPeace"],"picked":"Study+1","floor":21}],"player_experience":243018,"relics_obtained":[{"floor":6.0,"key":"Yang"},{"floor":8.0,"key":"Letter Opener"},{"floor":9.0,"key":"Pantograph"},{"floor":11.0,"key":"Vajra"},{"floor":24,"key":"Necronomicon"}],"event_choices":[{"damage_healed":0.0,"max_hp_gain":0.0,"max_hp_loss":0.0,"gold_gain":0.0,"cards_transformed":["Strike_P"],"event_name":"Transmorgrifier","player_choice":"Transformed","floor":2.0,"gold_loss":0.0,"damage_taken":0.0,"cards_obtained":["DeceiveReality"]},{"cards_removed":["Strike_P"],"damage_healed":0.0,"max_hp_gain":0.0,"max_hp_loss":0.0,"gold_gain":0.0,"event_name":"The Cleric","player_choice":"Card Removal","floor":4.0,"gold_loss":50.0,"damage_taken":0.0},{"damage_healed":0.0,"max_hp_gain":0.0,"max_hp_loss":0.0,"gold_gain":0.0,"event_name":"FaceTrader","player_choice":"Trade","floor":5.0,"gold_loss":0.0,"damage_taken":0.0,"relics_obtained":["GremlinMask"]},{"damage_healed":0.0,"max_hp_gain":0.0,"max_hp_loss":0.0,"gold_gain":0.0,"event_name":"Ghosts","player_choice":"Ignored","floor":20.0,"gold_loss":0.0,"damage_taken":0.0},{"damage_healed":0,"gold_gain":0,"player_choice":"Obtained Book","damage_taken":16,"max_hp_gain":0,"max_hp_loss":0,"event_name":"Cursed Tome","floor":24,"gold_loss":0}],"is_beta":false,"boss_relics":[{"not_picked":["HolyWater","Coffee Dripper"],"picked":"Philosopher\u0027s Stone"}],"items_purged_floors":[10,22],"is_endless":false,"potions_floor_spawned":[1,3,11,14,16,18],"killed_by":"Slavers","ascension_level":2}}