{"host":"e8tokx78z9vc2suo","time":1609680279,"event":{"mods":["Act Like it!","Aspiration","BaseMod","Colored Powertips","Conspire","Gensokyo","Hallownest","HololiveMod","KinomotoSakuraMod(Ä¾Ö®±¾Ó£)","Koishi","Lobotomy","LobotomyExtend","Marisa£¨ìFÓê¡¡Ä§ÀíÉ³£©","Minty Spire (QoL Compilation)","MostiFishMod","Pale of the Ancients","Prisma Mod","Reimu£¨²©ÀöÁéÃÎ£©","Remilia£¨ÀÙÃ×ÀòÑÇ£©","Replay The Spire","RumiaBox-Â¶Ã×æ«µÄÉñÃØºÐ×Ó","SIMod","StSLib","TestMod","The Administrix","The Animator","The Bug Knight","Yakumo Yukari mod","Youmu£¨»êÆÇÑýÃÎ£©","vexMod","¡¾ÒÅÎï¿¨ÅÆ¡¿REMEMod"],"gold_per_floor":[115,115,115,115,133,133,133,162,235,235,247,275,289,307,307,451,451,451,451],"floor_reached":18,"playtime":1089,"items_purged":[],"score":195,"play_id":"ee4422f7-0226-4bbc-af87-a04e776736dc","local_time":"20210103212439","is_ascension_mode":false,"campfire_choices":[{"data":"PrismaMod:IllyaReinForce","floor":6,"key":"SMITH"},{"data":"BatForm","floor":10,"key":"SMITH"}],"circlet_count":0,"master_deck":["PrismaMod:IllyaCommonAttack","PrismaMod:IllyaCommonAttack+1","PrismaMod:IllyaCommonDefend","PrismaMod:IllyaCommonAttack","PrismaMod:IllyaCommonDefend","PrismaMod:IllyaCommonAttack","PrismaMod:IllyaCommonDefend","PrismaMod:IllyaCommonAttack+1","PrismaMod:IllyaCommonDefend","BatForm+1","PrismaMod:IllyaAssassinRevenge","PrismaMod:IllyaReinForce+1","PrismaMod:IllyaUncommonDefend","PrismaMod:IllyaInstallShielder","PrismaMod:IllyaUncommonEvoke","PrismaMod:IllyaCommonEvoke","PrismaMod:IllyaGrail","PrismaMod:IllyaAssassinRevenge","PrismaMod:IllyaCarnivalDefend","MostiFishMod:SephirahHod"],"relics":["PrismaMod:PrismaRuby","testmod-TestBox","DaveBox","REME_ComplimentaryCards","EGODaCapo","testmod-Alchemist","SynthV:TestCard","LetterFromLob","Happy Flower","Gensokyo:Justice","ImprovedEquipment","Whetstone","Chameleon Ring","MagicDraw3","MostiFishMod:Hod"],"acts_visited":["Gensokyo:Gensokyo","Gensokyo:Gensokyoer"],"potions_floor_usage":[11,16],"damage_taken":[{"damage":9,"enemies":"Gensokyo:3_Fairies","floor":1,"turns":7},{"damage":4,"enemies":"Gensokyo:2_Kodama","floor":5,"turns":4},{"damage":0,"enemies":"Gensokyo:Mamizou","floor":8,"turns":12},{"damage":0,"enemies":"Gensokyo:Gryphon","floor":11,"turns":5},{"damage":8,"enemies":"Gensokyo:Aya","floor":12,"turns":7},{"damage":9,"enemies":"Gensokyo:LivingMonolith","floor":13,"turns":4},{"damage":1,"enemies":"Gensokyo:CorruptedTreant","floor":14,"turns":4},{"damage":16,"enemies":"Gensokyo:Reimu","floor":16,"turns":11},{"damage":0,"enemies":"Gensokyo:2_Gloops","floor":18,"turns":2}],"seed_played":"-8562667188494127172","potions_obtained":[{"floor":5,"key":"Venom Potion"},{"floor":11,"key":"testmod-SpacePotion"},{"floor":13,"key":"SkillPotion"},{"floor":14,"key":"REME_GoldPotion"}],"is_trial":false,"path_per_floor":["M","?","?","?","M","R","T","E","T","R","M","E","M","M","R","B",null,"M"],"character_chosen":"ILLYA","items_purchased":[],"campfire_rested":0,"item_purchase_floors":[],"current_hp_per_floor":[66,66,66,66,62,62,62,62,62,62,62,59,55,59,59,48,75,75,75],"gold":451,"neow_bonus":"","is_daily":false,"chose_seed":false,"campfire_upgraded":2,"win_rate":0.0,"timestamp":1609680279,"path_taken":["M","?","?","?","M","R","?","E","T","R","?","E","?","M","R","BOSS","M"],"items_purchased_type":[],"build_version":"2020-12-22","purchased_purges":0,"victory":false,"max_hp_per_floor":[75,75,75,75,75,75,75,75,75,75,75,75,75,75,75,75,75,75,75],"card_choices":[{"not_picked":["PrismaMod:IllyaUncommonDefend","PrismaMod:IllyaStunPoison"],"picked":"PrismaMod:IllyaAssassinRevenge","floor":1},{"not_picked":["PrismaMod:IllyaCheapAttack","PrismaMod:IllyaFriendMaker","PrismaMod:IllyaPoisonTippedWeapons","PrismaMod:IllyaSaphire"],"picked":"PrismaMod:IllyaReinForce","floor":5},{"not_picked":["PrismaMod:IllyaPoisonBomb","PrismaMod:IllyaRubysPotion","PrismaMod:IllyaGrailKun","PrismaMod:IllyaFriendMaker"],"picked":"PrismaMod:IllyaUncommonDefend","floor":8},{"not_picked":["PrismaMod:IllyaBerserCAR","PrismaMod:IllyaAOECommonAttack","PrismaMod:IllyaUberPoisonBlock","PrismaMod:IllyaPoisonBomb"],"picked":"PrismaMod:IllyaInstallShielder","floor":11},{"not_picked":["PrismaMod:IllyaRubysPotion","PrismaMod:IllyaMaid","PrismaMod:IllyaPoisonTippedWeapons","PrismaMod:IllyaCheapChannelDefend"],"picked":"PrismaMod:IllyaUncommonEvoke","floor":12},{"not_picked":["PrismaMod:IllyaUberPoisonBlock","PrismaMod:IllyaGrailKun","PrismaMod:IllyaMaid","PrismaMod:IllyaGun"],"picked":"PrismaMod:IllyaCommonEvoke","floor":13},{"not_picked":["PrismaMod:IllyaDualEvoke","PrismaMod:IllyaPoisonBlock","PrismaMod:IllyaFeed","PrismaMod:IllyaGun"],"picked":"PrismaMod:IllyaGrail","floor":14},{"not_picked":["PrismaMod:IllyaUberDefendChannel","PrismaMod:IllyaInstallRuler","PrismaMod:IllyaInstallRider","PrismaMod:IllyaZwei"],"picked":"PrismaMod:IllyaCarnivalDefend","floor":16}],"player_experience":285270,"relics_obtained":[{"floor":1,"key":"SynthV:TestCard"},{"floor":1,"key":"LetterFromLob"},{"floor":7,"key":"ImprovedEquipment"},{"floor":8,"key":"Whetstone"},{"floor":9,"key":"Chameleon Ring"},{"floor":12,"key":"MagicDraw3"}],"event_choices":[],"is_beta":false,"boss_relics":[{"not_picked":["testmod-PortableAltar","vexMod:MegatonBomb"],"picked":"MostiFishMod:Hod"}],"items_purged_floors":[],"is_endless":false,"potions_floor_spawned":[5,11,13,14],"killed_by":"Gensokyo:2_Gloops","ascension_level":0}}