{"host":"newqdrzxfhh2im9e","time":1609641963,"event":{"mods":["AchievementEnabler","BaseMod","BetterRewards","Block Reminder","Colored Map","Jorbs\u0027s Wanderer Trilogy","Minty Spire (QoL Compilation)","Rare Cards Sparkle","Shop Mod","StSLib"],"gold_per_floor":[111,186,202,202,222,222,253,270,319,319,330,347,347,347,347,443,443,462,444,475,74,74,74,101,121,144,144,144],"floor_reached":27,"playtime":1030,"items_purged":[],"score":291,"play_id":"d702135c-7a76-4fa8-954e-d4aa471eddc6","local_time":"20210102184603","is_ascension_mode":true,"campfire_choices":[{"floor":6,"key":"REST"},{"floor":10,"key":"REST"},{"data":"Defragment","floor":13,"key":"SMITH"},{"data":"Sunder","floor":15,"key":"SMITH"},{"floor":23,"key":"REST"}],"circlet_count":0,"master_deck":["Strike_B","Strike_B","Strike_B","Strike_B","Defend_B","Defend_B","Defend_B","Defend_B","Zap","Dualcast+1","Multi-Cast+1","Sunder+1","Glacier","Chill","Self Repair","Darkness","Gash+1","Defragment+1","Creative AI","Chill+1","Sweeping Beam","White Noise","Dramatic Entrance+1","Hello World","Machine Learning","Storm+1"],"relics":["Cracked Core","Eternal Feather","Omamori","Black Star","Red Mask","Shuriken","Lantern","Incense Burner","Smiling Mask"],"acts_visited":["Exordium","TheCity"],"potions_floor_usage":[7,8,12,16,16,16,24,25],"damage_taken":[{"damage":0,"enemies":"2 Louse","floor":1,"turns":2},{"damage":18,"enemies":"Small Slimes","floor":3,"turns":2},{"damage":2,"enemies":"Jaw Worm","floor":5,"turns":3},{"damage":28,"enemies":"Gremlin Nob","floor":7,"turns":5},{"damage":15,"enemies":"Exordium Wildlife","floor":8,"turns":6},{"damage":0,"enemies":"Lots of Slimes","floor":11,"turns":4},{"damage":0,"enemies":"Blue Slaver","floor":12,"turns":2},{"damage":53,"enemies":"Hexaghost","floor":16,"turns":11},{"damage":47,"enemies":"Shell Parasite","floor":18,"turns":7},{"damage":12,"enemies":"2 Thieves","floor":19,"turns":5},{"damage":37,"enemies":"Masked Bandits","floor":20,"turns":7},{"damage":19,"enemies":"Gremlin Leader","floor":24,"turns":7},{"damage":13,"enemies":"Centurion and Healer","floor":25,"turns":5},{"damage":36,"enemies":"Slavers","floor":27,"turns":3}],"seed_played":"-2490138524888684145","potions_obtained":[{"floor":5,"key":"Fruit Juice"},{"floor":7,"key":"EntropicBrew"},{"floor":20,"key":"DuplicationPotion"},{"floor":24,"key":"DistilledChaos"}],"is_trial":false,"path_per_floor":["M","?","M","?","M","R","E","M","T","R","M","M","R","?","R","B",null,"M","M","?","$","?","R","E","M","T","E"],"character_chosen":"DEFECT","items_purchased":["Dramatic Entrance","Shuriken","Hello World"],"campfire_rested":3,"item_purchase_floors":[21,21,21],"current_hp_per_floor":[75,64,46,31,29,51,28,20,20,53,60,60,69,69,78,32,68,28,23,19,19,19,55,36,30,30,0,0],"gold":144,"neow_bonus":"ONE_RANDOM_RARE_CARD","is_daily":false,"chose_seed":false,"campfire_upgraded":2,"win_rate":0.0,"timestamp":1609641963,"path_taken":["M","?","M","?","M","R","E","M","T","R","M","M","R","?","R","BOSS","M","M","?","$","?","R","E","M","T","E"],"items_purchased_type":["Card","Relic","Card"],"build_version":"2020-12-22","purchased_purges":0,"victory":false,"max_hp_per_floor":[75,75,75,75,75,75,80,80,80,80,80,80,80,80,80,80,80,80,80,80,80,80,80,80,80,80,80,80],"card_choices":[{"not_picked":["Compile Driver","Rebound"],"picked":"Sunder","floor":1},{"not_picked":["Streamline","Darkness"],"picked":"Glacier","floor":3},{"not_picked":["Barrage","Rebound"],"picked":"Chill","floor":5},{"not_picked":["Coolheaded","Streamline"],"picked":"Self Repair","floor":7},{"not_picked":["Fusion","Compile Driver"],"picked":"Darkness","floor":8},{"not_picked":["Compile Driver","Rebound"],"picked":"Gash","floor":11},{"not_picked":["Conserve Battery","Rebound"],"picked":"Defragment","floor":12},{"not_picked":["Machine Learning","Biased Cognition"],"picked":"Creative AI","floor":16},{"not_picked":["Hologram","Conserve Battery"],"picked":"Chill+1","floor":18},{"not_picked":["Coolheaded","Ball Lightning"],"picked":"Sweeping Beam","floor":19},{"not_picked":["Fusion","Go for the Eyes"],"picked":"White Noise","floor":20},{"not_picked":["Glacier","Conserve Battery+1"],"picked":"Machine Learning","floor":24},{"not_picked":["Chaos","Hello World"],"picked":"Storm+1","floor":25}],"player_experience":673981,"relics_obtained":[{"floor":7,"key":"Eternal Feather"},{"floor":9,"key":"Omamori"},{"floor":20,"key":"Red Mask"},{"floor":24,"key":"Lantern"},{"floor":24,"key":"Incense Burner"},{"floor":26,"key":"Smiling Mask"}],"event_choices":[{"damage_healed":0,"gold_gain":75,"player_choice":"Gather Gold","damage_taken":11,"max_hp_gain":0,"max_hp_loss":0,"event_name":"World of Goop","floor":2,"gold_loss":0},{"damage_healed":0,"gold_gain":0,"player_choice":"Entered Light","damage_taken":15,"max_hp_gain":0,"max_hp_loss":0,"event_name":"Shining Light","floor":4,"gold_loss":0,"cards_upgraded":["Dualcast","Multi-Cast"]},{"damage_healed":0,"gold_gain":0,"player_choice":"Grow","damage_taken":0,"max_hp_gain":0,"max_hp_loss":0,"event_name":"Living Wall","floor":14,"gold_loss":0,"cards_upgraded":["Gash"]},{"damage_healed":0,"gold_gain":0,"player_choice":"Fought Bandits","damage_taken":0,"max_hp_gain":0,"max_hp_loss":0,"event_name":"Masked Bandits","floor":20,"gold_loss":0},{"damage_healed":0,"gold_gain":0,"player_choice":"Upgraded","damage_taken":0,"max_hp_gain":0,"max_hp_loss":0,"event_name":"Upgrade Shrine","floor":22,"gold_loss":0,"cards_upgraded":["Dramatic Entrance"]}],"is_beta":false,"boss_relics":[{"not_picked":["Empty Cage","Tiny House"],"picked":"Black Star"}],"items_purged_floors":[],"is_endless":false,"potions_floor_spawned":[5,7,11,20,24],"killed_by":"Slavers","ascension_level":5}}