{"host":"36ls4ricihodphgx","time":1609712138,"event":{"mods":["AchievementEnabler","BaseMod","Colored Map","Downfall","Hermit","HololiveMod","Marisa????????","Minty Spire (QoL Compilation)","Replay The Spire","Shop Mod","StSLib","SuperFastMode","The Animator","The Bug Knight","The Cursed","The Servant 0.9.4"],"gold_per_floor":[417,260,274,274,332,367,367,383,383,383,91,103,117,131,131,226,226,240,165,175,190,190,190,190,213,283,299,299,324,324,343,343,444,444,454,454,454,208,224,224,224,244,299,199,218,233,246,89,89,89],"floor_reached":51,"playtime":2311,"items_purged":["Parasite","Defend_MRS"],"score":719,"play_id":"fdb6e697-3c67-45ae-8492-6f758963c725","local_time":"20210103151538","is_ascension_mode":false,"campfire_choices":[{"data":"MysteriousBeam","floor":7,"key":"SMITH"},{"floor":15,"key":"REST"},{"data":"MasterSpark","floor":23,"key":"SMITH"},{"floor":30,"key":"REST"},{"data":"UpSweep","floor":32,"key":"SMITH"},{"data":"PropBag","floor":40,"key":"SMITH"},{"floor":49,"key":"REST"}],"circlet_count":0,"master_deck":["Strike_MRS","Strike_MRS","Strike_MRS","Strike_MRS","Defend_MRS","Defend_MRS","Defend_MRS","MasterSpark+1","UpSweep+1","DoubleSpark","ManaRampage+1","PropBag+1","MysteriousBeam+1","OrrerysSun","MachineGunSpark","ChargingUp+1","EnergyRecoil+1","SprinkleStarSeal+1","MaximisePower+1","Parasite","Parasite","BlazeAway+1","Necronomicurse","SporeBomb+1","MilkyWay+1","MachineGunSpark+1","MasterSpark+1","MillisecondPulsars"],"relics":["BewitchedHakkero","Old Coin","Pear","Toxic Egg 2","Durian","Ginger","ExperimentalFamiliar","Matryoshka","ShroomBag","ReplayTheSpireMod:TigerMarble","Ornamental Fan","Replay:Bottled Steam","Necronomicon","Simple Rune","Replay:Bottled Flurry","Sundial","Whetstone","Blood Vial"],"acts_visited":["Exordium","TheCity","TheBeyond"],"potions_floor_usage":[33,42,45,50],"damage_taken":[{"damage":0,"enemies":"2 Louse","floor":1,"turns":2},{"damage":2,"enemies":"Small Slimes","floor":3,"turns":2},{"damage":8,"enemies":"Replay:BlueRogue","floor":6,"turns":3},{"damage":1,"enemies":"Jaw Worm","floor":8,"turns":3},{"damage":0,"enemies":"Large Slime","floor":12,"turns":2},{"damage":2,"enemies":"Blue Slaver","floor":13,"turns":3},{"damage":16,"enemies":"Gremlin Gang","floor":14,"turns":3},{"damage":46,"enemies":"Hexaghost","floor":16,"turns":8},{"damage":18,"enemies":"2 Thieves","floor":18,"turns":3},{"damage":0,"enemies":"Spheric Guardian","floor":20,"turns":3},{"damage":0,"enemies":"Centurion and Healer","floor":21,"turns":4},{"damage":2,"enemies":"Cultist and Chosen","floor":27,"turns":4},{"damage":6,"enemies":"Slavers","floor":29,"turns":2},{"damage":0,"enemies":"Snecko","floor":31,"turns":3},{"damage":4,"enemies":"Pondfish","floor":33,"turns":7},{"damage":0,"enemies":"Orb Walker","floor":35,"turns":2},{"damage":10,"enemies":"3 Darklings","floor":39,"turns":3},{"damage":8,"enemies":"Sphere and 2 Shapes","floor":42,"turns":2},{"damage":7,"enemies":"Jaw Worm Horde","floor":45,"turns":3},{"damage":5,"enemies":"3 Darklings","floor":46,"turns":5},{"damage":12,"enemies":"Transient","floor":47,"turns":5},{"damage":46,"enemies":"Replay:Hell Engine","floor":50,"turns":8}],"seed_played":"2116624919181464354","potions_obtained":[{"floor":3,"key":"EssenceOfSteel"},{"floor":8,"key":"LiquidMemories"},{"floor":13,"key":"AttackPotion"},{"floor":39,"key":"BlessingOfTheForge"},{"floor":47,"key":"BottledSpark"}],"is_trial":false,"path_per_floor":["M","$","M","?","?","E","R","M","T","?","$","M","M","M","R","B",null,"M","$","M","M","T","R","?","T","T","M","?","E","R","M","R","B",null,"M","?","?","$","M","R","T","M","T","$","M","M","M","$","R","B",null],"character_chosen":"MARISA","items_purchased":["ManaRampage","Ginger","Replay:Bottled Flurry","Blood Vial"],"campfire_rested":3,"item_purchase_floors":[2,11,38,48],"current_hp_per_floor":[54,54,52,37,47,39,39,38,43,65,65,65,63,47,74,28,90,72,72,72,72,72,72,72,72,72,72,56,50,76,80,80,80,87,87,83,83,83,73,73,73,65,65,65,58,57,49,49,73,33],"gold":89,"neow_bonus":"ONE_RARE_RELIC","is_daily":false,"chose_seed":false,"campfire_upgraded":4,"win_rate":0.0,"timestamp":1609712138,"path_taken":["M","$","M","?","?","E","R","M","T","?","?","M","M","M","R","BOSS","M","$","?","M","?","R","?","?","T","M","?","E","R","M","R","BOSS","M","?","?","$","?","R","?","M","T","?","M","?","M","?","R","BOSS"],"items_purchased_type":["Card","Relic","Relic","Relic"],"build_version":"2020-12-22","purchased_purges":2,"victory":true,"max_hp_per_floor":[75,75,75,75,85,85,85,85,90,90,90,90,90,90,90,90,90,90,87,87,87,87,87,87,87,87,87,87,87,87,87,87,87,87,87,83,83,83,83,83,83,83,83,83,83,83,83,83,83,83],"card_choices":[{"not_picked":["WitchOfGreed","6A"],"picked":"DoubleSpark","floor":1},{"not_picked":["ManaConvection","GravityBeat"],"picked":"PropBag","floor":3},{"not_picked":["LuminesStrike","Acceleration"],"picked":"MysteriousBeam","floor":5},{"not_picked":["GrandCross","WitchLeyline"],"picked":"OrrerysSun","floor":5},{"not_picked":["MachineGunSpark","WitchLeyline","DragonMeteor"],"picked":"SKIP","floor":6},{"not_picked":["SatelliteIllusion","WitchLeyline"],"picked":"MachineGunSpark","floor":8},{"not_picked":["WitchOfGreed","OortCloud"],"picked":"ChargingUp+1","floor":12},{"not_picked":["UnstableBomb","Acceleration+1"],"picked":"EnergyRecoil+1","floor":13},{"not_picked":["MagicAbsorber+1","UnstableBomb"],"picked":"SprinkleStarSeal+1","floor":14},{"not_picked":["BlazingStar","ManaRampage+1"],"picked":"MaximisePower+1","floor":16},{"not_picked":["EventHorizon","MagicAbsorber+1","GrandCross+1"],"picked":"SKIP","floor":18},{"not_picked":["Acceleration+1","GrandCross","NonDirectionalLaser"],"picked":"SKIP","floor":20},{"not_picked":["Acceleration+1","DC","DragonMeteor"],"picked":"SKIP","floor":21},{"not_picked":["DoubleSpark","MilkyWay+1"],"picked":"BlazeAway+1","floor":27},{"not_picked":["ShootingEcho+1","ManaConvection+1"],"picked":"SporeBomb+1","floor":29},{"not_picked":["MachineGunSpark+1","DeepEcoloBomb"],"picked":"MilkyWay+1","floor":31},{"not_picked":["Singularity","IllusionStar+1"],"picked":"MachineGunSpark+1","floor":35},{"not_picked":["PowerUp+1","ChargeUpSpray","MysteriousBeam"],"picked":"SKIP","floor":39},{"not_picked":["MilkyWay+1","DoubleSpark","GravityBeat"],"picked":"SKIP","floor":42},{"not_picked":["OrrerysSun","WitchLeyline","IllusionStar+1"],"picked":"SKIP","floor":45},{"not_picked":["OortCloud+1","UnstableBomb+1"],"picked":"MillisecondPulsars","floor":46},{"not_picked":["LuminesStrike","DarkSpark","AlicesGift"],"picked":"SKIP","floor":47}],"player_experience":41798,"relics_obtained":[{"floor":5,"key":"Pear"},{"floor":6,"key":"Toxic Egg 2"},{"floor":9,"key":"Durian"},{"floor":22,"key":"Matryoshka"},{"floor":25,"key":"ShroomBag"},{"floor":25,"key":"ReplayTheSpireMod:TigerMarble"},{"floor":26,"key":"Ornamental Fan"},{"floor":26,"key":"Replay:Bottled Steam"},{"floor":28,"key":"Necronomicon"},{"floor":29,"key":"Simple Rune"},{"floor":41,"key":"Sundial"},{"floor":43,"key":"Whetstone"}],"event_choices":[{"damage_healed":0,"gold_gain":0,"player_choice":"Entered Light","damage_taken":15,"max_hp_gain":0,"max_hp_loss":0,"event_name":"Shining Light","floor":4,"gold_loss":0,"cards_upgraded":["ManaRampage","Strike_MRS"]},{"damage_healed":22,"gold_gain":0,"player_choice":"Healed and dodged fight","damage_taken":0,"max_hp_gain":0,"max_hp_loss":0,"event_name":"Mushrooms_MRS","floor":10,"gold_loss":0,"cards_obtained":["Parasite"]},{"damage_healed":0,"gold_gain":0,"player_choice":"Ignored","damage_taken":0,"max_hp_gain":0,"max_hp_loss":0,"event_name":"Ghosts","floor":24,"gold_loss":0},{"damage_healed":0,"gold_gain":0,"player_choice":"Obtained Book","damage_taken":16,"max_hp_gain":0,"max_hp_loss":0,"event_name":"Cursed Tome","floor":28,"gold_loss":0},{"damage_healed":0,"gold_gain":0,"player_choice":"Max HP","damage_taken":0,"max_hp_gain":0,"max_hp_loss":4,"event_name":"Winding Halls","floor":36,"gold_loss":0},{"damage_healed":0,"gold_gain":0,"player_choice":"Copied","damage_taken":0,"max_hp_gain":0,"max_hp_loss":0,"event_name":"Duplicator","floor":37,"gold_loss":0,"cards_obtained":["MasterSpark"]}],"is_beta":false,"boss_relics":[{"not_picked":["Black Star","Replay:Grab Bag"],"picked":"ExperimentalFamiliar"},{"not_picked":["Philosopher\u0027s Stone","Velvet Choker"],"picked":"BewitchedHakkero"}],"items_purged_floors":[19,44],"is_endless":false,"potions_floor_spawned":[3,8,13,16,18,20,39,47],"ascension_level":0}}