{"host":"9tzam4717zt8ei1o","time":1609707558,"event":{"mods":["BaseMod","Colored Map","Keyboard Shortcuts","Minty Spire (QoL Compilation)","Quick Restart","StSLib","SuperFastMode"],"gold_per_floor":[110,110,35,47,67,67,94,94,94,110,110,35,51,63,63,140,140,154,154,54,54,67,67,101,111,111,111,121,151,163,177,177,252,252,269,104,120,120,120,120,120,120],"floor_reached":41,"playtime":923,"items_purged":["Strike_G","Defend_G"],"score":1116,"play_id":"b1398c22-43c0-4ec3-bfca-18b165e85886","local_time":"20210104055918","is_ascension_mode":true,"campfire_choices":[{"data":"Bouncing Flask","floor":6.0,"key":"SMITH"},{"data":"Noxious Fumes","floor":8.0,"key":"SMITH"},{"floor":11.0,"key":"REST"},{"data":"Catalyst","floor":15.0,"key":"SMITH"},{"data":"Adrenaline","floor":23.0,"key":"SMITH"},{"data":"A Thousand Cuts","floor":27.0,"key":"SMITH"},{"data":"Backflip","floor":32.0,"key":"SMITH"},{"data":"Night Terror","floor":40,"key":"SMITH"}],"circlet_count":0,"master_deck":["AscendersBane","Defend_G","Survivor","Neutralize","Bouncing Flask+1","Noxious Fumes+1","Deadly Poison","Catalyst+1","Adrenaline+1","Tactician+1","Dagger Throw+1","Quick Slash+1","PiercingWail","A Thousand Cuts+1","Backflip+1","After Image","Night Terror+1"],"relics":["Ring of the Snake","Question Card","CaptainsWheel","Astrolabe","Mummified Hand","Pen Nib","SlaversCollar","TwistedFunnel","Bronze Scales"],"acts_visited":["Exordium","TheCity","TheBeyond"],"potions_floor_usage":[],"damage_taken":[{"damage":3.0,"enemies":"2 Louse","floor":1.0,"turns":4.0},{"damage":11.0,"enemies":"Jaw Worm","floor":4.0,"turns":4.0},{"damage":1.0,"enemies":"Cultist","floor":5.0,"turns":3.0},{"damage":26.0,"enemies":"3 Sentries","floor":7.0,"turns":6.0},{"damage":8.0,"enemies":"Large Slime","floor":10.0,"turns":8.0},{"damage":8.0,"enemies":"Exordium Thugs","floor":13.0,"turns":6.0},{"damage":1.0,"enemies":"Red Slaver","floor":14.0,"turns":5.0},{"damage":11.0,"enemies":"Hexaghost","floor":16.0,"turns":5.0},{"damage":5.0,"enemies":"Shell Parasite","floor":18.0,"turns":4.0},{"damage":4.0,"enemies":"Chosen","floor":22.0,"turns":3.0},{"damage":0.0,"enemies":"Gremlin Leader","floor":24.0,"turns":4.0},{"damage":0.0,"enemies":"3 Cultists","floor":25.0,"turns":4.0},{"damage":1.0,"enemies":"Centurion and Healer","floor":28.0,"turns":3.0},{"damage":0.0,"enemies":"Book of Stabbing","floor":29.0,"turns":3.0},{"damage":0.0,"enemies":"Snake Plant","floor":30.0,"turns":2.0},{"damage":17.0,"enemies":"Snecko","floor":31.0,"turns":4.0},{"damage":0,"enemies":"Champ","floor":33,"turns":5},{"damage":16,"enemies":"Orb Walker","floor":35,"turns":3},{"damage":2,"enemies":"3 Shapes","floor":37,"turns":5},{"damage":38,"enemies":"Nemesis","floor":41,"turns":4}],"seed_played":"9105548452213046994","potions_obtained":[{"floor":5.0,"key":"BlessingOfTheForge"},{"floor":13.0,"key":"BlessingOfTheForge"},{"floor":14.0,"key":"Fire Potion"},{"floor":16.0,"key":"Fire Potion"},{"floor":28.0,"key":"Ancient Potion"},{"floor":33,"key":"EntropicBrew"}],"is_trial":false,"path_per_floor":["M","?","?","M","M","R","E","R","T","M","R","$","M","M","R","B",null,"M","?","$","?","M","R","E","M","T","R","M","E","M","M","R","B",null,"M","$","M","T","?","R","E"],"character_chosen":"THE_SILENT","items_purchased":["TwistedFunnel"],"campfire_rested":1,"item_purchase_floors":[36],"current_hp_per_floor":[56,56,56,45,44,44,18,18,18,10,29,29,21,20,20,9,52,47,47,47,47,43,43,43,43,43,43,42,42,42,25,25,25,56,40,40,38,38,38,38,0,0],"gold":120,"neow_bonus":"TRANSFORM_CARD","is_daily":false,"chose_seed":false,"campfire_upgraded":7,"win_rate":0.0,"timestamp":1609707558,"path_taken":["M","?","?","M","M","R","E","R","T","M","R","$","?","M","R","BOSS","M","?","$","?","?","R","E","M","T","R","M","E","M","M","R","BOSS","M","$","M","?","?","R","E"],"items_purchased_type":["Relic"],"build_version":"2020-12-22","purchased_purges":2,"victory":false,"max_hp_per_floor":[66,66,66,66,66,66,66,66,66,66,66,66,66,66,66,66,66,66,66,66,66,66,66,66,66,66,66,66,66,66,66,66,66,66,66,66,66,66,66,66,66,66],"card_choices":[{"not_picked":["Slice","Acrobatics","Underhanded Strike"],"picked":"SKIP","floor":1.0},{"not_picked":["Concentrate","Prepared","Caltrops"],"picked":"SKIP","floor":4.0},{"not_picked":["Endless Agony","Dodge and Roll"],"picked":"Noxious Fumes","floor":5.0},{"not_picked":["Bullet Time","Skewer","Expertise"],"picked":"SKIP","floor":7.0},{"not_picked":["Poisoned Stab","Dagger Throw","Underhanded Strike","Outmaneuver"],"picked":"SKIP","floor":10.0},{"not_picked":["Prepared","Slice","Underhanded Strike"],"picked":"Deadly Poison","floor":13.0},{"not_picked":["Deflect","Flechettes","All Out Attack"],"picked":"Catalyst","floor":14.0},{"not_picked":["A Thousand Cuts","Phantasmal Killer","Venomology"],"picked":"Adrenaline","floor":16.0},{"not_picked":["Endless Agony","Flying Knee","Accuracy"],"picked":"PiercingWail","floor":18.0},{"not_picked":["Flying Knee","Riddle With Holes+1","Prepared","Sucker Punch"],"picked":"SKIP","floor":22.0},{"not_picked":["Dagger Throw","Dagger Spray","PiercingWail+1","Dodge and Roll"],"picked":"SKIP","floor":24.0},{"not_picked":["PiercingWail+1","Escape Plan","Quick Slash"],"picked":"Backflip","floor":25.0},{"not_picked":["Leg Sweep","Cloak And Dagger","Deflect","Deadly Poison"],"picked":"SKIP","floor":28.0},{"not_picked":["Footwork","Prepared+1","Dodge and Roll"],"picked":"After Image","floor":29.0},{"not_picked":["Prepared","Slice+1","PiercingWail","Dodge and Roll+1"],"picked":"SKIP","floor":30.0},{"not_picked":["Infinite Blades+1","PiercingWail","Prepared","Phantasmal Killer"],"picked":"SKIP","floor":31.0},{"not_picked":["Doppelganger","Grand Finale","Malaise"],"picked":"Night Terror","floor":33},{"not_picked":["PiercingWail","Dash","Sucker Punch+1","Backstab+1"],"picked":"SKIP","floor":35},{"not_picked":["Masterful Stab+1","PiercingWail","Bane","Finisher+1"],"picked":"SKIP","floor":37}],"player_experience":151628,"relics_obtained":[{"floor":7.0,"key":"Question Card"},{"floor":9.0,"key":"CaptainsWheel"},{"floor":24.0,"key":"Mummified Hand"},{"floor":29.0,"key":"Pen Nib"},{"floor":38,"key":"Bronze Scales"}],"event_choices":[{"cards_removed":["Strike_G"],"damage_healed":0.0,"max_hp_gain":0.0,"max_hp_loss":0.0,"gold_gain":0.0,"event_name":"Living Wall","player_choice":"Forget","floor":2.0,"gold_loss":0.0,"damage_taken":0.0},{"cards_removed":["Defend_G"],"damage_healed":0.0,"max_hp_gain":0.0,"max_hp_loss":0.0,"gold_gain":0.0,"event_name":"The Cleric","player_choice":"Card Removal","floor":3.0,"gold_loss":75.0,"damage_taken":0.0},{"damage_healed":0.0,"max_hp_gain":0.0,"max_hp_loss":0.0,"gold_gain":0.0,"event_name":"Ghosts","player_choice":"Ignored","floor":19.0,"gold_loss":0.0,"damage_taken":0.0},{"damage_healed":0.0,"max_hp_gain":0.0,"max_hp_loss":0.0,"gold_gain":0.0,"cards_transformed":["Defend_G"],"event_name":"Transmorgrifier","player_choice":"Transformed","floor":21.0,"gold_loss":0.0,"damage_taken":0.0,"cards_obtained":["A Thousand Cuts"]},{"damage_healed":0,"gold_gain":0,"player_choice":"Ignored","damage_taken":0,"max_hp_gain":0,"max_hp_loss":0,"event_name":"Tomb of Lord Red Mask","floor":39,"gold_loss":0}],"is_beta":false,"boss_relics":[{"not_picked":["WristBlade","Snecko Eye"],"picked":"Astrolabe"},{"not_picked":["Runic Dome","Calling Bell"],"picked":"SlaversCollar"}],"items_purged_floors":[12,20],"is_endless":false,"potions_floor_spawned":[5,13,14,16,18,28,31,33],"killed_by":"Nemesis","ascension_level":20}}