{"host":"t9wo05e1llrbe5dt","time":1609648443,"event":{"mods":["2.2 Compatiblity","AchievementEnabler","Ascension Unlocker","BaseMod","Bestiary","Better Altar","Better Match","Better Note","Better Sensory Stone","Better Skull","Better Third Choice","Better Vampires","Better-Laid Plans","Block Reminder","Colored Map","Colored Powertips","Curses Come First","DeckTracker","Displayed Cursed Tome","Downfall","Filter the Spire","Googly Eyes","Gremlin Mod","GungeonMod","Hermit","Highlight Path","Marked Mod","Minty Spire (QoL Compilation)","Quick Restart","Random Character Button","Rare Cards Sparkle","Reorder Act Four","Reworked Bosses","Spicy Shops","StSLib","The Bug Knight","The Cursed","The Hierophant","The IronCluck","The Mystic","The Necromancer","The Runesmith","Transform Curses","Uncapped","everything is the same but u backflip on backflip","slay the spire mod where everything is the same but ironclad has a cowboy hat"],"gold_per_floor":[113,125,140,160,179,207,223,223,246,246,264,1,1,52,52,150,150,136,136,211,222,222,222,15,15,15,15,31,45,45,45],"floor_reached":30,"playtime":2501,"items_purged":["sneckomod:Bewildered"],"score":246,"play_id":"618558bf-7ac3-45fa-901b-28e7005498b0","local_time":"20210102223403","is_ascension_mode":true,"campfire_choices":[{"floor":8,"key":"REST"},{"floor":13,"key":"REST"},{"floor":15,"key":"REST"},{"floor":23,"key":"REST"},{"floor":25,"key":"REST"},{"data":"Runesmith:Grindstone","floor":27,"key":"SMITH"}],"circlet_count":0,"master_deck":["Runesmith:Strike_RS","Runesmith:Strike_RS","Runesmith:Strike_RS","Runesmith:Strike_RS","Runesmith:Defend_RS","Runesmith:Defend_RS","Runesmith:Defend_RS","Runesmith:Defend_RS","Runesmith:CraftFirestone","Runesmith:Fortify","Metamorphosis","Runesmith:StaticCage","Runesmith:ChiselStab","Runesmith:EarthShield","Runesmith:Reinforce","Runesmith:EnergizedChisel","Runesmith:BackupBattery","Runesmith:ChaoticBlast","Runesmith:Grindstone+1","Runesmith:LithiumIon","Runesmith:CraftPrismatica","Runesmith:CraftVitae","Runesmith:Refine","Runesmith:HammerThrow","Runesmith:HammerAndChisel+1","Runesmith:Superposition"],"relics":["Runesmith:BrokenRuby","The Courier","Runesmith:EmergencyProvisions","Philosopher\u0027s Stone","DemoMod:ClearGuonStone"],"acts_visited":["Exordium","TheCity","DemoMod:Maze"],"potions_floor_usage":[5,5,7,22,28,30],"damage_taken":[{"damage":6,"enemies":"Cultist","floor":1,"turns":3},{"damage":10,"enemies":"2 Louse","floor":2,"turns":4},{"damage":7,"enemies":"Jaw Worm","floor":3,"turns":4},{"damage":11,"enemies":"Blue Slaver","floor":4,"turns":4},{"damage":16,"enemies":"Gremlin Gang","floor":5,"turns":4},{"damage":18,"enemies":"3 Sentries","floor":6,"turns":6},{"damage":7,"enemies":"Exordium Wildlife","floor":7,"turns":5},{"damage":13,"enemies":"Lots of Slimes","floor":11,"turns":4},{"damage":32,"enemies":"The Guardian","floor":16,"turns":13},{"damage":18,"enemies":"2 Thieves","floor":18,"turns":4},{"damage":2,"enemies":"Shell Parasite","floor":21,"turns":8},{"damage":37,"enemies":"Cultist and Chosen","floor":22,"turns":9},{"damage":15,"enemies":"DemoMod:2_Veteran_bullet_kins_and_red_shotgun_kin","floor":28,"turns":5},{"damage":55,"enemies":"DemoMod:4_Bullet_Kins_with_one_veteran","floor":29,"turns":6},{"damage":5,"enemies":"DemoMod:Red_and_blue_shotgun_kin_with_gunsinger","floor":30,"turns":1}],"seed_played":"-5854465967367142032","potions_obtained":[{"floor":3,"key":"Explosive Potion"},{"floor":4,"key":"ColorlessPotion"},{"floor":5,"key":"Regen Potion"},{"floor":16,"key":"sneckomod:MuddlingPotion"},{"floor":21,"key":"champ:CounterPotion"},{"floor":29,"key":"EssenceOfSteel"}],"is_trial":false,"path_per_floor":["M","M","M","M","M","E","M","R","T","?","M","$","R","?","R","B",null,"M","?","?","M","M","R","$","R","T","R","M","M","M"],"character_chosen":"RUNESMITH_CLASS","items_purchased":["Runesmith:LithiumIon","DemoMod:GnawedKey","Runesmith:HammerThrow","DemoMod:ClearGuonStone"],"campfire_rested":5,"item_purchase_floors":[12,12,24,24],"current_hp_per_floor":[64,54,47,36,20,2,7,28,28,33,20,20,42,42,64,32,75,57,57,50,48,11,33,33,55,75,75,60,5,0,0],"gold":45,"neow_bonus":"RANDOM_COLORLESS_2","is_daily":false,"chose_seed":false,"campfire_upgraded":1,"win_rate":0.0,"timestamp":1609648443,"path_taken":["M","M","?","M","M","E","M","R","T","?","M","$","R","?","R","BOSS","M","?","?","M","?","R","?","R","T","R","M","M","M"],"items_purchased_type":["Card","Relic","Card","Relic"],"build_version":"2020-12-22","purchased_purges":1,"victory":false,"max_hp_per_floor":[70,70,70,70,70,70,70,70,70,75,75,75,75,75,75,75,75,75,75,75,75,75,75,75,75,75,75,75,75,75,75],"card_choices":[{"not_picked":["Magnetism","Transmutation"],"picked":"Metamorphosis","floor":0},{"not_picked":["Runesmith:ElementalConversion","Runesmith:Overpower"],"picked":"Runesmith:StaticCage","floor":1},{"not_picked":["Runesmith:HammerThrow","Runesmith:StaticCage"],"picked":"Runesmith:ChiselStab","floor":2},{"not_picked":["Runesmith:Overpower","Runesmith:Repurpose"],"picked":"Runesmith:EarthShield","floor":3},{"not_picked":["Runesmith:RuneHurl","Runesmith:NanitesCloud"],"picked":"Runesmith:Reinforce","floor":4},{"not_picked":["Runesmith:UnstableHammer","Runesmith:HeatedChisel"],"picked":"Runesmith:EnergizedChisel","floor":5},{"not_picked":["Runesmith:Accelerate","Runesmith:ChiselStab"],"picked":"Runesmith:BackupBattery","floor":6},{"not_picked":["Runesmith:Reinforce","Runesmith:StaticCage"],"picked":"Runesmith:ChaoticBlast","floor":7},{"not_picked":["Runesmith:FrozenChisel","Runesmith:OneForEveryone"],"picked":"Runesmith:Grindstone","floor":11},{"not_picked":["Runesmith:ReplicatingBarrier","Runesmith:GrandSlam"],"picked":"Runesmith:CraftPrismatica","floor":16},{"not_picked":["Runesmith:ElementalConversion","Runesmith:HeatedChisel"],"picked":"Runesmith:CraftVitae","floor":18},{"not_picked":["Runesmith:ShiftingStrike","Runesmith:Grindstone"],"picked":"Runesmith:Refine","floor":21},{"not_picked":["Runesmith:Repurpose","Runesmith:ElementalConversion","Runesmith:ChiselStab"],"picked":"SKIP","floor":22},{"not_picked":["Runesmith:Grindstone","Runesmith:Attraction+1"],"picked":"Runesmith:HammerAndChisel+1","floor":28},{"not_picked":["Runesmith:ChargedHammer+1","Runesmith:RuneHurl"],"picked":"Runesmith:Superposition","floor":29}],"player_experience":156966,"relics_obtained":[{"floor":6,"key":"DemoMod:WeirdEgg"},{"floor":9,"key":"Runesmith:EmergencyProvisions"}],"event_choices":[{"damage_healed":0,"gold_gain":0,"player_choice":"Donut","damage_taken":0,"max_hp_gain":5,"max_hp_loss":0,"event_name":"Big Fish","floor":10,"gold_loss":0},{"damage_healed":0,"gold_gain":51,"player_choice":"Gained Gold","damage_taken":0,"max_hp_gain":0,"max_hp_loss":0,"event_name":"Golden Wing","floor":14,"gold_loss":0},{"damage_healed":0,"gold_gain":0,"player_choice":"Ignored","damage_taken":0,"max_hp_gain":0,"max_hp_loss":0,"event_name":"betterNote:BetterNote","floor":19,"gold_loss":0,"cards_obtained":["Apotheosis"]},{"damage_healed":0,"gold_gain":75,"player_choice":"Touch","damage_taken":7,"max_hp_gain":0,"max_hp_loss":0,"event_name":"FaceTrader","floor":20,"gold_loss":0}],"is_beta":false,"boss_relics":[{"not_picked":["Empty Cage","Runesmith:PocketReactor"],"picked":"Philosopher\u0027s Stone"}],"items_purged_floors":[12],"is_endless":false,"potions_floor_spawned":[3,4,5,16,21,29],"killed_by":"DemoMod:Red_and_blue_shotgun_kin_with_gunsinger","ascension_level":1}}