{"host":"ql2ou8pbwhrolc4x","time":1609657788,"event":{"mods":["2.2 Compatiblity","Act Like it!","Arknights The Spire","BaseMod","Colored Map","Colored Powertips","Gensokyo","Hallownest","Hubris","Infinite Spire","Lobotomy","LobotomyExtend","Marisa£¨Ùöéë¡¡Øª×âÞÞ£©","Minty Spire (QoL Compilation)","Random Character Button","Replay The Spire","Spicy Shops","StSLib","The Jungle","WarShipGirlsR/??á´Ò³R mod","Yakumo Yukari mod","vexMod","¡¼?Úª?ø«¡½REMEMod"],"gold_per_floor":[114,114,127,3,3,3,32,42,42,59,59,70,104,124,124,219,219,219,219,219,433,446,446,472,488,488,488,488,488,501,584,584,683,683,697,697,747,717,732,766,786,786,833,115,115,115,12,24,24,24,24],"floor_reached":52,"playtime":3209,"items_purged":["ats:Defend","ats:Defend","ats:Strike C","ats:Strike V+1"],"score":853,"play_id":"3641c941-89d4-4644-9d4c-da4088924a76","local_time":"20210103160948","is_ascension_mode":false,"campfire_choices":[{"data":"LessonLearned","floor":6.0,"key":"SMITH"},{"floor":15.0,"key":"DIG"},{"floor":23.0,"key":"RECALL"},{"floor":29.0,"key":"REST"},{"floor":32.0,"key":"REST"},{"floor":42,"key":"REST"},{"floor":49,"key":"REST"}],"circlet_count":0,"master_deck":["ats:Strike G+1","ats:Strike S+1","ats:Armor Crushing Shot+1","ats:Defend+1","ats:Defend+1","ats:Emotion Absorption+1","LessonLearned+1","ats:Composite Medical Shells+1","ats:Shell Defense+1","ats:Apocalypse+1","ats:Shell Defense+1","ats:Revitalization+1","ats:Steam Pump+1","ats:Dogmatic Field+1","hubris:Fate+1","Flash of Steel+1","Finesse+1","hubris:EnhanceAbility+1","ats:Part Time Job+1","ats:Wolf Pack+1","REME_MawOfCthun+1","ats:Revitalization+1","ats:Soul Rend+1","REME_ProfessionalPlagiarism+1","ats:Shadow Raid+1","ats:Revitalization+1","ats:Healing Drone+1","Finesse+1","ats:Revitalization+1","ats:Thorns+1","ats:Flexible Camouflage+1","REME_WheelOfFate","ats:Healing Strengthening+1"],"relics":["ats:Sanity","REME_ComplimentaryCards","infinitespire:Lucky Rock","LetterFromLob","ats:Originium","Lantern","infinitespire:Magic Flask","vexMod:RedPlottingStone","hubris:TenFootPole","REME_LowDesire","Pet Ghost","hubris:ToyBattleship","Fusion Hammer","Ornamental Fan","Omamori","Gremlin Food","Turnip","hubris:Towel","hubris:MobiusCoin","infinitespire:Cupcake","hubris:FunFungus","Vajra","Membership Card","Strawberry","Incense Burner","Pear","Art of War","vexMod:Spyglass","Replay:Wax Seal"],"acts_visited":["Exordium","Gensokyo:Gensokyo","TheBeyond"],"potions_floor_usage":[40,41,45],"damage_taken":[{"damage":1.0,"enemies":"Gensokyo:Python","floor":1.0,"turns":5.0},{"damage":4.0,"enemies":"Gensokyo:3_Fairies","floor":3.0,"turns":6.0},{"damage":28.0,"enemies":"Gensokyo:Mamizou","floor":7.0,"turns":11.0},{"damage":14.0,"enemies":"Gensokyo:Gryphon","floor":8.0,"turns":6.0},{"damage":0.0,"enemies":"Gensokyo:LivingMonolith","floor":10.0,"turns":3.0},{"damage":22.0,"enemies":"Gensokyo:Python_and_Kodama","floor":12.0,"turns":6.0},{"damage":39.0,"enemies":"Gensokyo:Aya","floor":13.0,"turns":7.0},{"damage":4.0,"enemies":"Gensokyo:Kitsune","floor":14.0,"turns":5.0},{"damage":108.0,"enemies":"Gensokyo:Kokoro","floor":16.0,"turns":16.0},{"damage":15.0,"enemies":"Hallownest:3_Youths","floor":21.0,"turns":4.0},{"damage":2.0,"enemies":"Hallownest:2_Mistakes","floor":22.0,"turns":5.0},{"damage":10.0,"enemies":"Hallownest:eliteSoulWarrior","floor":24.0,"turns":7.0},{"damage":78.0,"enemies":"Hallownest:monsterMisterMushroom","floor":25.0,"turns":9.0},{"damage":30.0,"enemies":"Hallownest:Master_and_Novice","floor":30.0,"turns":4.0},{"damage":5.0,"enemies":"Hallownest:Nosk","floor":31.0,"turns":7.0},{"damage":107.0,"enemies":"Hallownest:BossMantisLord","floor":33.0,"turns":9.0},{"damage":0.0,"enemies":"3 Shapes","floor":35.0,"turns":4.0},{"damage":0.0,"enemies":"Mind Bloom Boss Battle","floor":37.0,"turns":7.0},{"damage":22,"enemies":"Orb Walker","floor":39,"turns":5},{"damage":14,"enemies":"R_Hoarder","floor":40,"turns":11},{"damage":26,"enemies":"Sphere and 2 Shapes","floor":41,"turns":3},{"damage":38,"enemies":"infinitespire:Three Voidlings","floor":45,"turns":5},{"damage":15,"enemies":"infinitespire:Three Voidlings","floor":46,"turns":5},{"damage":6,"enemies":"4 Shapes","floor":48,"turns":3},{"damage":28,"enemies":"Time Eater","floor":50,"turns":8}],"seed_played":"6838981902709558125","potions_obtained":[{"floor":7.0,"key":"Regen Potion"},{"floor":12.0,"key":"Elixir"},{"floor":14.0,"key":"Elixir"},{"floor":20.0,"key":"EntropicBrew"},{"floor":24.0,"key":"Adrenaline Potion"},{"floor":25.0,"key":"Venom Potion"},{"floor":31.0,"key":"Fire Potion"},{"floor":33.0,"key":"Swift Potion"},{"floor":37,"key":"Block Potion"},{"floor":39,"key":"LifebloodPotion"},{"floor":48,"key":"Fire Potion"}],"is_trial":false,"path_per_floor":["M","?","M","$","?","R","E","M","T","M","?","M","E","M","R_BF","B",null,"M","AVR","?","M","M","R","E","M","T","?","?","R","M","E","R","B",null,"M","?","?","?","M","E","M","R","T","$","?","?","$","M","R","B",null,null],"character_chosen":"DOCTOR_CLASS","items_purchased":["ats:Apocalypse","Membership Card","Strawberry","Incense Burner","Pear","Art of War","ats:Thorns","ats:Flexible Camouflage","Energy Potion","vexMod:Spyglass","SkillPotion","Replay:Wax Seal"],"campfire_rested":4,"item_purchase_floors":[4,44,44,44,44,44,44,44,44,44,44,47],"current_hp_per_floor":[71,74,70,70,70,70,61,58,58,66,74,60,72,75,75,37,75,75,75,75,85,85,85,85,80,80,80,80,85,85,85,85,85,85,85,85,85,85,78,85,76,85,85,102,102,102,102,99,102,102,102],"gold":24,"neow_bonus":"RANDOM_COMMON_RELIC","is_daily":false,"chose_seed":false,"campfire_upgraded":1,"win_rate":0.0,"timestamp":1609657788,"path_taken":["M","?","M","$","?","R","E","M","T","M","?","M","E","M","R_BF","BOSS","M","AVR","?","M","M","R","E","M","T","?","?","R","?","E","R","BOSS","M","?","?","?","M","E","M","R","T","$","?","?","?","M","R","BOSS"],"items_purchased_type":["Card","Relic","Relic","Relic","Relic","Relic","Card","Card","Potion","Relic","Potion","Relic"],"build_version":"2020-12-22","purchased_purges":4,"victory":true,"max_hp_per_floor":[72,75,75,75,75,75,75,75,75,75,75,75,75,75,75,75,75,75,75,75,85,85,85,85,85,85,85,85,85,85,85,85,85,85,85,85,85,85,85,85,85,85,85,102,102,102,102,102,102,102,102],"card_choices":[{"not_picked":["ats:Charging Defense","ats:Powerful Strike"],"picked":"ats:Composite Medical Shells","floor":1.0},{"not_picked":["ats:Directed Diagnosis","ats:Explosion Area Strengthen"],"picked":"ats:Shell Defense","floor":3.0},{"not_picked":["ats:Childhood Dance","ats:Curse Doll","ats:Rapid Magazine"],"picked":"SKIP","floor":7.0},{"not_picked":["ats:Support Order","ats:Sunburst"],"picked":"ats:Shell Defense","floor":8.0},{"not_picked":["ats:Soul Absorption","ats:Poison Spread","ats:Cat Scratch"],"picked":"SKIP","floor":10.0},{"not_picked":["ats:Rat Pack","ats:Explosion Area Strengthen"],"picked":"ats:Revitalization","floor":12.0},{"not_picked":["ats:Powerful Strike","ats:Assault Order"],"picked":"ats:Steam Pump","floor":13.0},{"not_picked":["ats:Curse Doll","ats:Steam Pump","ats:Ignite"],"picked":"SKIP","floor":14.0},{"not_picked":["ats:True Silver Slash","ats:Nebulous Foxfire"],"picked":"ats:Dogmatic Field","floor":16.0},{"not_picked":["ats:Curse Doll","ats:Childhood Dance+1","ats:Explosion Area Strengthen"],"picked":"hubris:EnhanceAbility","floor":21.0},{"not_picked":["ats:Very Hot Blade+1","ats:Consecutive Shot Auto+1","Purity"],"picked":"ats:Part Time Job+1","floor":22.0},{"not_picked":["ats:Curse Doll","ats:Sword Rain","Midas Touch"],"picked":"ats:Wolf Pack","floor":24.0},{"not_picked":["ats:Childhood Dance+1","ats:Directed Diagnosis+1","ats:Ignite"],"picked":"REME_MawOfCthun","floor":25.0},{"not_picked":["ats:Powerful Strike","ats:Shell Defense+1","Replay:Sssssssssstrike"],"picked":"ats:Revitalization+1","floor":30.0},{"not_picked":["ats:Childhood Dance","ats:Ignite","Magnetism"],"picked":"ats:Soul Rend","floor":31.0},{"not_picked":["ats:Ambush","ats:Shadow Assault","ats:Volcano"],"picked":"REME_ProfessionalPlagiarism","floor":33.0},{"not_picked":["ats:Guardian Obelisk+1","ats:Consecutive Shot Auto+1","REME_PuzzleBox"],"picked":"ats:Shadow Raid","floor":35.0},{"not_picked":["ats:Red Shift","ats:Curse Doll+1","REME_MagicPocketWatch"],"picked":"ats:Revitalization+1","floor":37},{"not_picked":[],"picked":"ats:Healing Drone","floor":38},{"not_picked":["ats:Consecutive Shot Auto+1","ats:Apocalypse","ats:Powerful Strike"],"picked":"Finesse","floor":39},{"not_picked":["ats:Hammer On+1","ats:Thermite Blade+1","ats:Leaping Hammer","Replay:BasicMightCard+1"],"picked":"SKIP","floor":40},{"not_picked":["ats:Powerful Strike","ats:Consecutive Shot Auto+1","Deep Breath"],"picked":"ats:Revitalization+1","floor":41},{"not_picked":["ats:Defend Order","ats:Curse Doll+1","ats:Assault Order"],"picked":"REME_WheelOfFate","floor":46},{"not_picked":["ats:Explosion Area Strengthen+1","ats:Revitalization+1","vexMod:EmailVexCard"],"picked":"ats:Healing Strengthening+1","floor":48}],"player_experience":919007,"relics_obtained":[{"floor":1.0,"key":"LetterFromLob"},{"floor":7.0,"key":"ats:Originium"},{"floor":7.0,"key":"Lantern"},{"floor":9.0,"key":"infinitespire:Magic Flask"},{"floor":13.0,"key":"ats:Originium"},{"floor":13.0,"key":"vexMod:RedPlottingStone"},{"floor":15.0,"key":"hubris:TenFootPole"},{"floor":17.0,"key":"Pet Ghost"},{"floor":17.0,"key":"hubris:ToyBattleship"},{"floor":24.0,"key":"ats:Originium"},{"floor":24.0,"key":"Gremlin Food"},{"floor":26.0,"key":"Turnip"},{"floor":31.0,"key":"hubris:MobiusCoin"},{"floor":37,"key":"hubris:FunFungus"},{"floor":40,"key":"Vajra"}],"event_choices":[{"damage_healed":0.0,"max_hp_gain":0.0,"max_hp_loss":0.0,"gold_gain":0.0,"event_name":"Tomb of Lord Red Mask","player_choice":"Ignored","floor":36.0,"gold_loss":0.0,"damage_taken":0.0},{"damage_healed":0.0,"max_hp_gain":0.0,"max_hp_loss":0.0,"gold_gain":0.0,"event_name":"MindBloom","player_choice":"Fight","floor":37.0,"gold_loss":0.0,"damage_taken":0.0}],"is_beta":false,"boss_relics":[{"not_picked":["vexMod:NewClearReactor","hubris:CrackedHourglass"],"picked":"REME_LowDesire"},{"not_picked":["vexMod:EndlessSickness","hubris:HollowSoul"],"picked":"infinitespire:Cupcake"}],"items_purged_floors":[4,19,44,47],"is_endless":false,"potions_floor_spawned":[7,12,14,24,25,31,33,37,39,48],"ascension_level":0}}