{"host":"tl8jdqk9pnwb74j1","time":1609671509,"event":{"mods":["BaseMod","BetterRewards","Custom Start","Minty Spire (QoL Compilation)","Shop Mod","StSLib","SuperFastMode"],"gold_per_floor":[111,211,223,238,258,258,272,92,115,139,165,177,206,218,230,340,352,378,409,421,451,481,493,519,531,616,628,655,172,78,93,93,195,195,212,222,20,0,0,0,15,15,65,65,65],"floor_reached":44,"playtime":1205,"items_purged":["Defend_G","Defend_G","Defend_G"],"score":456,"play_id":"3d28d140-d821-43b9-999f-d3cad1889f4f","local_time":"20210103185829","is_ascension_mode":false,"campfire_choices":[{"data":"Dagger Spray","floor":6.0,"key":"SMITH"},{"data":"Catalyst","floor":12.0,"key":"SMITH"},{"data":"Poisoned Stab","floor":15.0,"key":"SMITH"},{"data":"Crippling Poison","floor":23.0,"key":"SMITH"},{"floor":25.0,"key":"REST"},{"data":"Blur","floor":27.0,"key":"SMITH"},{"floor":32.0,"key":"REST"},{"data":"Burst","floor":40,"key":"SMITH"}],"circlet_count":0,"master_deck":["Strike_G","Strike_G","Strike_G","Strike_G","Neutralize","Poisoned Stab+1","Dodge and Roll","Dagger Spray+1","Blur+1","Dagger Spray","Crippling Poison+1","Catalyst+1","Dagger Spray","Backstab","Corpse Explosion","Corpse Explosion+1","Slice+1","Adrenaline+1","Outmaneuver+1","Caltrops+1","Bane","Catalyst","Burst+1","Backflip","Noxious Fumes+1","Parasite","Catalyst"],"relics":["Ring of the Snake","NeowsBlessing","MawBank","Bag of Marbles","Letter Opener","MerchantsRug","Frozen Egg 2","Pen Nib","Philosopher\u0027s Stone","Red Mask","PreservedInsect"],"acts_visited":["Exordium","TheCity","TheBeyond"],"potions_floor_usage":[33],"damage_taken":[{"damage":0.0,"enemies":"Small Slimes","floor":1.0,"turns":1.0},{"damage":0.0,"enemies":"Cultist","floor":3.0,"turns":1.0},{"damage":0.0,"enemies":"Jaw Worm","floor":4.0,"turns":1.0},{"damage":7.0,"enemies":"Large Slime","floor":5.0,"turns":7.0},{"damage":0.0,"enemies":"Lots of Slimes","floor":7.0,"turns":1.0},{"damage":7.0,"enemies":"Exordium Thugs","floor":10.0,"turns":3.0},{"damage":17.0,"enemies":"Large Slime","floor":11.0,"turns":7.0},{"damage":2.0,"enemies":"Looter","floor":13.0,"turns":4.0},{"damage":7.0,"enemies":"Hexaghost","floor":16.0,"turns":6.0},{"damage":15.0,"enemies":"Spheric Guardian","floor":18.0,"turns":4.0},{"damage":0.0,"enemies":"3 Byrds","floor":19.0,"turns":1.0},{"damage":1.0,"enemies":"Snecko","floor":21.0,"turns":3.0},{"damage":15.0,"enemies":"Centurion and Healer","floor":22.0,"turns":3.0},{"damage":10.0,"enemies":"Snake Plant","floor":24.0,"turns":3.0},{"damage":0.0,"enemies":"3 Cultists","floor":28.0,"turns":2.0},{"damage":28.0,"enemies":"Shelled Parasite and Fungi","floor":31.0,"turns":3.0},{"damage":27,"enemies":"Champ","floor":33,"turns":6},{"damage":12,"enemies":"Orb Walker","floor":35,"turns":2},{"damage":16,"enemies":"3 Darklings","floor":36,"turns":2},{"damage":39,"enemies":"Writhing Mass","floor":41,"turns":4},{"damage":12,"enemies":"Spire Growth","floor":44,"turns":1}],"seed_played":"7617008792483373690","potions_obtained":[{"floor":1.0,"key":"SteroidPotion"},{"floor":5.0,"key":"SkillPotion"},{"floor":13.0,"key":"Poison Potion"},{"floor":16.0,"key":"LiquidMemories"},{"floor":31.0,"key":"DistilledChaos"},{"floor":33,"key":"Fire Potion"}],"is_trial":false,"path_per_floor":["M","?","M","M","M","R","M","$","T","M","M","R","M","T","R","B",null,"M","M","?","M","M","R","M","R","T","R","M","$","?","M","R","B",null,"M","M","$","?","$","R","M","?","T","M"],"character_chosen":"THE_SILENT","items_purchased":["Crippling Poison","Catalyst","MerchantsRug","Frozen Egg 2","Catalyst","Noxious Fumes+1"],"campfire_rested":2,"item_purchase_floors":[8,8,29,29,29,37],"current_hp_per_floor":[70,70,70,70,63,63,63,63,63,56,39,39,37,37,37,30,70,55,55,55,54,39,39,29,50,50,50,50,50,50,22,43,16,70,58,42,42,42,42,42,3,3,3,0,0],"gold":65,"neow_bonus":"THREE_ENEMY_KILL","is_daily":false,"chose_seed":false,"campfire_upgraded":6,"win_rate":0.0,"timestamp":1609671509,"path_taken":["M","?","?","?","M","R","M","$","T","M","M","R","M","?","R","BOSS","M","M","?","?","M","R","M","R","T","R","M","$","?","M","R","BOSS","M","M","?","?","$","R","M","?","T","M"],"items_purchased_type":["Card","Card","Relic","Relic","Card","Card"],"build_version":"2020-12-22","purchased_purges":3,"victory":false,"max_hp_per_floor":[70,70,70,70,70,70,70,70,70,70,70,70,70,70,70,70,70,70,70,70,70,70,70,70,70,70,70,70,70,70,70,70,70,70,70,70,70,70,70,70,70,70,70,70,70],"card_choices":[{"not_picked":["Distraction","Bane"],"picked":"Poisoned Stab","floor":1.0},{"not_picked":["Escape Plan","Masterful Stab"],"picked":"Dodge and Roll","floor":3.0},{"not_picked":["Acrobatics","PiercingWail"],"picked":"Dagger Spray","floor":4.0},{"not_picked":["Phantasmal Killer","Flechettes"],"picked":"Blur","floor":5.0},{"not_picked":["Deflect","Underhanded Strike"],"picked":"Dagger Spray","floor":7.0},{"not_picked":["PiercingWail","Wraith Form v2","Outmaneuver"],"picked":"SKIP","floor":10.0},{"not_picked":["Deflect","Dodge and Roll"],"picked":"Dagger Spray","floor":11.0},{"not_picked":["Slice","Footwork"],"picked":"Backstab","floor":13.0},{"not_picked":["Tools of the Trade","Malaise"],"picked":"Corpse Explosion","floor":16.0},{"not_picked":["Dagger Spray","Calculated Gamble+1","Quick Slash"],"picked":"SKIP","floor":18.0},{"not_picked":["Deflect","Well Laid Plans","Prepared"],"picked":"SKIP","floor":19.0},{"not_picked":["PiercingWail","Reflex"],"picked":"Outmaneuver+1","floor":21.0},{"not_picked":["Outmaneuver","Distraction+1"],"picked":"Caltrops+1","floor":22.0},{"not_picked":["Caltrops","Eviscerate"],"picked":"Dagger Spray","floor":24.0},{"not_picked":["Deflect","Calculated Gamble+1"],"picked":"Bane","floor":28.0},{"not_picked":["Flechettes+1","Skewer","Dagger Spray"],"picked":"SKIP","floor":31.0},{"not_picked":["Glass Knife","A Thousand Cuts+1"],"picked":"Burst","floor":33},{"not_picked":["Masterful Stab","Terror+1"],"picked":"Backflip","floor":35},{"not_picked":["Outmaneuver","Backstab","Sucker Punch"],"picked":"SKIP","floor":36},{"not_picked":["Blade Dance","Poisoned Stab+1"],"picked":"Catalyst","floor":41}],"player_experience":955364,"relics_obtained":[{"floor":9.0,"key":"MawBank"},{"floor":14.0,"key":"Bag of Marbles"},{"floor":26.0,"key":"Letter Opener"},{"floor":43,"key":"PreservedInsect"}],"event_choices":[{"damage_healed":0.0,"max_hp_gain":0.0,"max_hp_loss":0.0,"gold_gain":100.0,"event_name":"Golden Shrine","player_choice":"Pray","floor":2.0,"gold_loss":0.0,"damage_taken":0.0},{"cards_removed":["Survivor"],"damage_healed":0.0,"max_hp_gain":0.0,"max_hp_loss":0.0,"gold_gain":0.0,"event_name":"Bonfire Elementals","player_choice":"Offered Basic","floor":20.0,"gold_loss":0.0,"damage_taken":0.0},{"damage_healed":0.0,"max_hp_gain":0.0,"max_hp_loss":0.0,"gold_gain":0.0,"event_name":"WeMeetAgain","player_choice":"Paid Gold","floor":30.0,"gold_loss":94.0,"damage_taken":0.0,"relics_obtained":["Pen Nib"]},{"damage_healed":0,"gold_gain":0,"player_choice":"Paid","damage_taken":0,"relics_obtained":["Red Mask"],"max_hp_gain":0,"max_hp_loss":0,"event_name":"Tomb of Lord Red Mask","floor":38,"gold_loss":20},{"cards_removed":["Dagger Spray"],"damage_healed":0,"gold_gain":0,"player_choice":"Removed Attack","damage_taken":0,"max_hp_gain":0,"max_hp_loss":0,"event_name":"Falling","floor":42,"gold_loss":0}],"is_beta":false,"boss_relics":[{"not_picked":["Snecko Eye","Empty Cage"],"picked":"Astrolabe"},{"not_picked":["Velvet Choker","Calling Bell"],"picked":"Philosopher\u0027s Stone"}],"items_purged_floors":[8,29,37],"is_endless":false,"potions_floor_spawned":[1,5,13,16,21,28,31,33],"killed_by":"Spire Growth","ascension_level":0}}