{"host":"gkp57zoegrd3f2ij","time":1609695071,"event":{"mods":["BaseMod","Colored Map","Colored Powertips","Downfall","Minty Spire (QoL Compilation)","StSLib"],"gold_per_floor":[117,67,77,77,77,105,129,129,154,0,18,18,18,36,36,140,140,155,3,20,20,34,34,69,84,84,84,84,84],"floor_reached":28,"playtime":1602,"items_purged":[],"score":248,"play_id":"bfca7971-663f-44c8-bb8f-df27fa46371c","local_time":"20210103183111","is_ascension_mode":true,"campfire_choices":[{"data":"Zap","floor":8,"key":"SMITH"},{"data":"Loop","floor":12,"key":"SMITH"},{"data":"Glacier","floor":15,"key":"SMITH"},{"data":"Conserve Battery","floor":23,"key":"SMITH"},{"floor":27,"key":"REST"}],"circlet_count":0,"master_deck":["Strike_B","Strike_B+1","Strike_B+1","Defend_B","Defend_B","Defend_B","Defend_B","Zap+1","Dualcast","Glacier+1","Hologram","Loop+1","Go for the Eyes","Rainbow","Conserve Battery+1","Steam","Conserve Battery+1"],"relics":["Cracked Core","Smiling Mask","Blood Vial","Orichalcum","Bag of Preparation","PreservedInsect","SacredBark","Happy Flower","Nloth\u0027s Gift","Potion Belt","Cables"],"acts_visited":["Exordium","TheCity"],"potions_floor_usage":[24,24,25,25,28,28],"damage_taken":[{"damage":1,"enemies":"Cultist","floor":1,"turns":4},{"damage":1,"enemies":"2 Louse","floor":3,"turns":3},{"damage":14,"enemies":"Lagavulin","floor":6,"turns":13},{"damage":5,"enemies":"Small Slimes","floor":11,"turns":3},{"damage":1,"enemies":"Looter","floor":14,"turns":3},{"damage":9,"enemies":"The Guardian","floor":16,"turns":14},{"damage":8,"enemies":"Chosen","floor":18,"turns":6},{"damage":6,"enemies":"2 Thieves","floor":20,"turns":4},{"damage":9,"enemies":"Snecko","floor":22,"turns":9},{"damage":49,"enemies":"Slavers","floor":24,"turns":7},{"damage":0,"enemies":"Centurion and Healer","floor":25,"turns":5},{"damage":37,"enemies":"Gremlin Leader","floor":28,"turns":6}],"seed_played":"-1001247736388801114","potions_obtained":[{"floor":1,"key":"Strength Potion"},{"floor":3,"key":"sneckomod:MuddlingPotion"},{"floor":6,"key":"sneckomod:MuddlingPotion"},{"floor":18,"key":"EntropicBrew"},{"floor":22,"key":"Energy Potion"},{"floor":24,"key":"Fire Potion"}],"is_trial":false,"path_per_floor":["M","?","M","?","?","E","T","R","T","$","M","R","$","M","R","B",null,"M","$","M","?","M","R","E","M","T","R","E"],"character_chosen":"DEFECT","items_purchased":["PreservedInsect","Happy Flower"],"campfire_rested":1,"item_purchase_floors":[10,19],"current_hp_per_floor":[74,74,73,73,66,52,52,52,52,52,49,49,49,50,50,43,75,67,67,63,63,56,56,9,11,11,33,0,0],"gold":84,"neow_bonus":"RANDOM_COMMON_RELIC","is_daily":false,"chose_seed":false,"campfire_upgraded":4,"win_rate":0.0,"timestamp":1609695071,"path_taken":["M","?","M","?","?","E","?","R","T","$","M","R","?","M","R","BOSS","M","$","M","?","M","R","E","M","T","R","E"],"items_purchased_type":["Relic","Relic"],"build_version":"2020-12-22","purchased_purges":0,"victory":false,"max_hp_per_floor":[75,75,75,75,75,75,75,75,75,75,75,75,75,75,75,75,75,75,75,75,75,75,75,75,75,75,75,75,75],"card_choices":[{"not_picked":["Storm","Streamline"],"picked":"Glacier","floor":1},{"not_picked":["Reprogram","Melter"],"picked":"Hologram","floor":3},{"not_picked":["Barrage","Force Field"],"picked":"Loop","floor":6},{"not_picked":["Stack","Conserve Battery"],"picked":"Go for the Eyes","floor":11},{"not_picked":["Darkness","Gash","Redo"],"picked":"SKIP","floor":14},{"not_picked":["Multi-Cast","Biased Cognition"],"picked":"Rainbow","floor":16},{"not_picked":["Beam Cell","Storm"],"picked":"Conserve Battery","floor":18},{"not_picked":["Chaos+1","Auto Shields"],"picked":"Steam","floor":20},{"not_picked":["Beam Cell","Static Discharge","Streamline+1"],"picked":"SKIP","floor":22},{"not_picked":["Undo","Steam","Storm+1"],"picked":"SKIP","floor":24},{"not_picked":["Leap","Streamline"],"picked":"Conserve Battery+1","floor":25}],"player_experience":206498,"relics_obtained":[{"floor":6,"key":"Blood Vial"},{"floor":7,"key":"Orichalcum"},{"floor":9,"key":"Bag of Preparation"},{"floor":24,"key":"Potion Belt"},{"floor":26,"key":"Cables"}],"event_choices":[{"cards_removed":["Strike_B"],"damage_healed":0,"gold_gain":0,"player_choice":"Card Removal","damage_taken":0,"max_hp_gain":0,"max_hp_loss":0,"event_name":"The Cleric","floor":2,"gold_loss":50},{"damage_healed":0,"gold_gain":0,"player_choice":"Box","damage_taken":0,"relics_obtained":["Smiling Mask"],"max_hp_gain":0,"max_hp_loss":0,"event_name":"Big Fish","floor":4,"gold_loss":0,"cards_obtained":["Regret"]},{"cards_removed":["Regret"],"damage_healed":0,"gold_gain":0,"player_choice":"Card Removal","damage_taken":7,"max_hp_gain":0,"max_hp_loss":0,"event_name":"Golden Wing","floor":5,"gold_loss":0},{"damage_healed":0,"gold_gain":0,"player_choice":"Traded Relic","damage_taken":0,"relics_obtained":["Nloth\u0027s Gift"],"max_hp_gain":0,"max_hp_loss":0,"event_name":"N\u0027loth","floor":21,"relics_lost":["Whetstone"],"gold_loss":0}],"is_beta":false,"boss_relics":[{"not_picked":["Snecko Eye","Calling Bell"],"picked":"SacredBark"}],"items_purged_floors":[],"is_endless":false,"potions_floor_spawned":[1,3,6,18,22,24],"killed_by":"Gremlin Leader","ascension_level":1}}