{"host":"dhyczjm99amxd3qx","time":1609716040,"event":{"mods":["BaseMod","Colored Map","Googly Eyes","Highlight Path","Minty Spire (QoL Compilation)","Quick Restart","StSLib"],"gold_per_floor":[111,36,36,1,16,42,42,67,67,67,97,97,97,115,115,217,217,232,243,443,511,531,172,207,207,230,265,40,66,76,95,95,193,193,211,230,230,230,230,255,255,255,255,280,0,33,44,64,64,64],"floor_reached":51,"playtime":8135,"items_purged":["Strike_G","Strike_G","Strike_G"],"score":1240,"play_id":"c52f12d9-4f72-42ae-90e4-fb0330ccd739","local_time":"20210103182040","is_ascension_mode":true,"campfire_choices":[{"data":"Noxious Fumes","floor":7.0,"key":"SMITH"},{"data":"Neutralize","floor":10.0,"key":"SMITH"},{"data":"Crippling Poison","floor":13.0,"key":"SMITH"},{"data":"Survivor","floor":15.0,"key":"SMITH"},{"data":"Malaise","floor":25.0,"key":"SMITH"},{"data":"Well Laid Plans","floor":32.0,"key":"SMITH"},{"data":"Catalyst","floor":41.0,"key":"SMITH"},{"floor":49.0,"key":"DIG"}],"circlet_count":0,"master_deck":["Strike_G","Strike_G","Defend_G","Defend_G","Defend_G","Defend_G+1","Survivor+1","Neutralize+1","Crippling Poison+1","Noxious Fumes+1","Poisoned Stab","Deadly Poison+1","Poisoned Stab","Malaise+1","Prepared+1","Well Laid Plans+1","Catalyst+1","Catalyst+1","Prepared+1"],"relics":["Ring of the Snake","NeowsBlessing","Eternal Feather","Bottled Flame","Tiny Chest","Vajra","Coffee Dripper","Bottled Tornado","Meat on the Bone","Nunchaku","Omamori","Singing Bowl","Snake Skull","War Paint","Calling Bell","Juzu Bracelet","Sundial","Tingsha","White Beast Statue","Calipers","Strawberry","Happy Flower","Ancient Tea Set","Shovel","Anchor"],"acts_visited":["Exordium","TheCity","TheBeyond"],"potions_floor_usage":[50,50,50],"damage_taken":[{"damage":0.0,"enemies":"Cultist","floor":1.0,"turns":1.0},{"damage":0.0,"enemies":"2 Louse","floor":5.0,"turns":1.0},{"damage":0.0,"enemies":"Lagavulin","floor":6.0,"turns":1.0},{"damage":28.0,"enemies":"3 Sentries","floor":8.0,"turns":7.0},{"damage":12.0,"enemies":"Lagavulin","floor":11.0,"turns":7.0},{"damage":0.0,"enemies":"Jaw Worm","floor":14.0,"turns":4.0},{"damage":18.0,"enemies":"Hexaghost","floor":16.0,"turns":7.0},{"damage":11.0,"enemies":"2 Thieves","floor":18.0,"turns":4.0},{"damage":4.0,"enemies":"Shell Parasite","floor":19.0,"turns":5.0},{"damage":18.0,"enemies":"Cultist and Chosen","floor":22.0,"turns":5.0},{"damage":24.0,"enemies":"Gremlin Leader","floor":24.0,"turns":6.0},{"damage":1.0,"enemies":"Book of Stabbing","floor":27.0,"turns":5.0},{"damage":0.0,"enemies":"Snecko","floor":30.0,"turns":3.0},{"damage":10.0,"enemies":"Centurion and Healer","floor":31.0,"turns":4.0},{"damage":12.0,"enemies":"Champ","floor":33.0,"turns":7.0},{"damage":11.0,"enemies":"Orb Walker","floor":35.0,"turns":4.0},{"damage":5.0,"enemies":"3 Darklings","floor":36.0,"turns":4.0},{"damage":5.0,"enemies":"Reptomancer","floor":40.0,"turns":5.0},{"damage":0.0,"enemies":"Giant Head","floor":44.0,"turns":5.0},{"damage":19.0,"enemies":"Reptomancer","floor":46.0,"turns":4.0},{"damage":15.0,"enemies":"4 Shapes","floor":47.0,"turns":3.0},{"damage":1.0,"enemies":"Maw","floor":48.0,"turns":3.0},{"damage":43,"enemies":"Awakened One","floor":50,"turns":12}],"seed_played":"1961115082355173193","potions_obtained":[{"floor":1.0,"key":"Poison Potion"},{"floor":8.0,"key":"Weak Potion"},{"floor":12.0,"key":"Poison Potion"},{"floor":12.0,"key":"LiquidBronze"},{"floor":12.0,"key":"GhostInAJar"},{"floor":16.0,"key":"BlessingOfTheForge"},{"floor":19.0,"key":"Poison Potion"},{"floor":24.0,"key":"DistilledChaos"},{"floor":30.0,"key":"SpeedPotion"},{"floor":31.0,"key":"EntropicBrew"},{"floor":35.0,"key":"Dexterity Potion"},{"floor":40.0,"key":"Block Potion"},{"floor":44.0,"key":"Fruit Juice"},{"floor":46.0,"key":"ColorlessPotion"},{"floor":47.0,"key":"CunningPotion"},{"floor":48.0,"key":"Ancient Potion"}],"is_trial":false,"path_per_floor":["M","$","?","?","M","E","R","E","T","R","E","?","R","M","R","B",null,"M","M","?","T","M","$","E","R","T","E","$","T","M","M","R","B",null,"M","M","?","T","?","E","R","?","T","E","$","E","M","M","R","B",null],"character_chosen":"THE_SILENT","items_purchased":["Meat on the Bone","Snake Skull","Catalyst","Ancient Tea Set"],"campfire_rested":0,"item_purchase_floors":[23,28,28,45],"current_hp_per_floor":[63,63,63,70,70,70,70,42,42,48,36,36,42,42,48,30,60,49,45,45,45,27,27,15,24,24,35,35,35,49,41,50,40,67,58,55,55,55,55,50,59,79,86,91,91,74,61,62,71,40],"gold":64,"neow_bonus":"THREE_ENEMY_KILL","is_daily":false,"chose_seed":false,"campfire_upgraded":7,"win_rate":0.0,"timestamp":1609716040,"path_taken":["M","?","?","?","M","E","R","E","T","R","E","?","R","M","R","BOSS","M","?","?","?","M","?","E","R","T","E","$","?","M","M","R","BOSS","M","M","?","?","?","E","R","?","T","E","$","E","M","M","R","BOSS"],"items_purchased_type":["Relic","Relic","Card","Relic"],"build_version":"2020-12-22","purchased_purges":3,"victory":true,"max_hp_per_floor":[70,70,70,70,70,70,70,70,70,70,70,70,70,70,70,70,70,70,70,70,70,70,70,70,70,70,70,70,70,72,74,74,76,76,78,80,80,80,80,80,80,80,87,92,92,94,96,98,98,98],"card_choices":[{"not_picked":["Choke","Poisoned Stab"],"picked":"Crippling Poison","floor":1.0},{"not_picked":["Prepared","Quick Slash"],"picked":"Noxious Fumes","floor":5.0},{"not_picked":["Underhanded Strike","Dagger Throw"],"picked":"Poisoned Stab","floor":6.0},{"not_picked":["Terror","Acrobatics","Riddle With Holes"],"picked":"SKIP","floor":8.0},{"not_picked":["Concentrate","Sucker Punch","Crippling Poison"],"picked":"SKIP","floor":11.0},{"not_picked":["Backstab","Finisher"],"picked":"Deadly Poison","floor":14.0},{"not_picked":["Backflip","Slice"],"picked":"Poisoned Stab","floor":18.0},{"not_picked":["Slice","Endless Agony"],"picked":"Malaise","floor":19.0},{"not_picked":["Backflip","Riddle With Holes+1"],"picked":"Prepared+1","floor":22.0},{"not_picked":["Tactician+1","Dagger Spray","Calculated Gamble"],"picked":"SKIP","floor":24.0},{"not_picked":["Dodge and Roll","Reflex"],"picked":"Well Laid Plans","floor":27.0},{"not_picked":["Endless Agony+1","Poisoned Stab","Sucker Punch"],"picked":"Singing Bowl","floor":30.0},{"not_picked":["Eviscerate+1","Blade Dance","Skewer"],"picked":"Singing Bowl","floor":31.0},{"not_picked":["Storm of Steel","Unload","A Thousand Cuts"],"picked":"Singing Bowl","floor":33.0},{"not_picked":["Poisoned Stab+1","Caltrops+1","PiercingWail+1"],"picked":"Singing Bowl","floor":35.0},{"not_picked":["Predator+1","Flying Knee","Deflect"],"picked":"Singing Bowl","floor":36.0},{"not_picked":["Flechettes","Dagger Spray"],"picked":"Catalyst","floor":40.0},{"not_picked":["Expertise","Blade Dance"],"picked":"Prepared+1","floor":44.0},{"not_picked":["Underhanded Strike+1","Distraction","PiercingWail"],"picked":"Singing Bowl","floor":46.0},{"not_picked":["Crippling Poison","Unload","Bane+1"],"picked":"Singing Bowl","floor":47.0},{"not_picked":["Dodge and Roll","Quick Slash+1","Deadly Poison"],"picked":"Singing Bowl","floor":48.0}],"player_experience":298468,"relics_obtained":[{"floor":6.0,"key":"Eternal Feather"},{"floor":8.0,"key":"Bottled Flame"},{"floor":9.0,"key":"Tiny Chest"},{"floor":11.0,"key":"Vajra"},{"floor":21.0,"key":"Bottled Tornado"},{"floor":24.0,"key":"Nunchaku"},{"floor":26.0,"key":"Omamori"},{"floor":27.0,"key":"Singing Bowl"},{"floor":29.0,"key":"War Paint"},{"floor":34.0,"key":"Juzu Bracelet"},{"floor":34.0,"key":"Sundial"},{"floor":34.0,"key":"Tingsha"},{"floor":38.0,"key":"White Beast Statue"},{"floor":40.0,"key":"Calipers"},{"floor":43.0,"key":"Strawberry"},{"floor":44.0,"key":"Happy Flower"},{"floor":46.0,"key":"Shovel"},{"floor":49.0,"key":"Anchor"}],"event_choices":[{"cards_removed":["Defend_G"],"damage_healed":0.0,"max_hp_gain":0.0,"max_hp_loss":0.0,"gold_gain":0.0,"event_name":"Living Wall","player_choice":"Forget","floor":3.0,"gold_loss":0.0,"damage_taken":0.0},{"damage_healed":17.0,"max_hp_gain":0.0,"max_hp_loss":0.0,"gold_gain":0.0,"event_name":"The Cleric","player_choice":"Healed","floor":4.0,"gold_loss":35.0,"damage_taken":0.0},{"damage_healed":0.0,"max_hp_gain":0.0,"max_hp_loss":0.0,"gold_gain":0.0,"event_name":"Lab","player_choice":"Got Potions","floor":12.0,"gold_loss":0.0,"damage_taken":0.0},{"damage_healed":0.0,"max_hp_gain":0.0,"max_hp_loss":0.0,"gold_gain":200.0,"event_name":"Wheel of Change","player_choice":"Gold","floor":20.0,"gold_loss":0.0,"damage_taken":0.0},{"damage_healed":0.0,"max_hp_gain":0.0,"max_hp_loss":0.0,"gold_gain":0.0,"event_name":"Transmorgrifier","player_choice":"Ignored","floor":37.0,"gold_loss":0.0,"damage_taken":0.0},{"damage_healed":0.0,"max_hp_gain":0.0,"max_hp_loss":0.0,"gold_gain":0.0,"event_name":"Upgrade Shrine","player_choice":"Upgraded","floor":39.0,"gold_loss":0.0,"damage_taken":0.0,"cards_upgraded":["Defend_G"]},{"damage_healed":20.0,"max_hp_gain":0.0,"max_hp_loss":0.0,"gold_gain":0.0,"event_name":"Winding Halls","player_choice":"Writhe","floor":42.0,"gold_loss":0.0,"damage_taken":0.0,"cards_obtained":["Writhe"]}],"is_beta":false,"boss_relics":[{"not_picked":["Pandora\u0027s Box","Tiny House"],"picked":"Coffee Dripper"},{"not_picked":["Snecko Eye","Fusion Hammer"],"picked":"Calling Bell"}],"items_purged_floors":[2,23,45],"is_endless":false,"potions_floor_spawned":[1,8,16,19,24,30,31,35,40,44,46,47,48],"ascension_level":8}}