{"host":"36mulxq349byzoa2","time":1609701446,"event":{"mods":["AchievementEnabler","BaseMod","Better Match","Block Reminder","Colored Map","Colored Powertips","Minty Spire (QoL Compilation)","Rare Cards Sparkle","StSLib","SuperFastMode"],"gold_per_floor":[113,133,133,149,149,187,187,187,187,187,212,212,248,2,2,98,98,123,48,41,56,74,74,74,74],"floor_reached":24,"playtime":830,"items_purged":["Strike_G"],"score":450,"play_id":"83c27279-f8cb-4adc-8494-f1ff7308618b","local_time":"20210103141726","is_ascension_mode":true,"campfire_choices":[{"floor":7,"key":"REST"},{"data":"Prepared","floor":10,"key":"SMITH"},{"data":"Footwork","floor":12,"key":"SMITH"},{"data":"Neutralize","floor":15,"key":"SMITH"},{"floor":23,"key":"REST"}],"circlet_count":0,"master_deck":["AscendersBane","Strike_G","Strike_G","Strike_G+1","Strike_G+1","Defend_G","Defend_G","Defend_G","Defend_G","Survivor","Neutralize+1","Underhanded Strike","Bouncing Flask","Footwork+1","Prepared+1","Footwork+1","Unload","Malaise","Dodge and Roll","Well Laid Plans"],"relics":["Ring of the Snake","NeowsBlessing","Golden Idol","Whetstone","Paper Crane","Blood Vial","Bronze Scales","Fusion Hammer"],"acts_visited":["Exordium","TheCity"],"potions_floor_usage":[11,13,18,20,20,24],"damage_taken":[{"damage":0,"enemies":"Cultist","floor":1,"turns":1},{"damage":0,"enemies":"2 Louse","floor":2,"turns":1},{"damage":0,"enemies":"Small Slimes","floor":4,"turns":1},{"damage":51,"enemies":"Gremlin Nob","floor":6,"turns":5},{"damage":18,"enemies":"3 Louse","floor":11,"turns":4},{"damage":0,"enemies":"Lagavulin","floor":13,"turns":5},{"damage":19,"enemies":"Hexaghost","floor":16,"turns":10},{"damage":16,"enemies":"3 Byrds","floor":18,"turns":4},{"damage":14,"enemies":"2 Thieves","floor":20,"turns":5},{"damage":0,"enemies":"Snake Plant","floor":21,"turns":5},{"damage":9,"enemies":"Centurion and Healer","floor":22,"turns":10},{"damage":40,"enemies":"Slavers","floor":24,"turns":4}],"seed_played":"-7802010893959421926","potions_obtained":[{"floor":2,"key":"Energy Potion"},{"floor":6,"key":"ColorlessPotion"},{"floor":11,"key":"Dexterity Potion"},{"floor":13,"key":"ColorlessPotion"},{"floor":18,"key":"Energy Potion"},{"floor":22,"key":"FearPotion"}],"is_trial":false,"path_per_floor":["M","M","?","M","?","E","R","?","T","R","M","R","E","$","R","B",null,"M","?","M","M","M","R","E"],"character_chosen":"THE_SILENT","items_purchased":["Bronze Scales"],"campfire_rested":2,"item_purchase_floors":[14],"current_hp_per_floor":[59,59,59,59,59,8,26,46,46,46,28,28,28,28,28,11,48,34,34,22,24,17,35,0,0],"gold":74,"neow_bonus":"THREE_ENEMY_KILL","is_daily":false,"chose_seed":false,"campfire_upgraded":3,"win_rate":0.0,"timestamp":1609701446,"path_taken":["M","?","?","M","?","E","R","?","T","R","M","R","E","$","R","BOSS","M","?","M","M","M","R","E"],"items_purchased_type":["Relic"],"build_version":"2020-12-22","purchased_purges":1,"victory":false,"max_hp_per_floor":[66,66,60,60,60,60,60,60,60,60,60,60,60,60,60,60,60,60,60,60,60,60,60,60,60],"card_choices":[{"not_picked":["Choke","PiercingWail"],"picked":"Underhanded Strike","floor":1},{"not_picked":["Catalyst","Dodge and Roll"],"picked":"Bouncing Flask","floor":2},{"not_picked":["Blade Dance","Caltrops"],"picked":"Footwork","floor":4},{"not_picked":["Bane","Blade Dance"],"picked":"Prepared","floor":6},{"not_picked":["Outmaneuver","Prepared"],"picked":"Footwork","floor":11},{"not_picked":["Slice","Riddle With Holes"],"picked":"Unload","floor":13},{"not_picked":["Glass Knife","Envenom"],"picked":"Malaise","floor":16},{"not_picked":["Sucker Punch","Bane"],"picked":"Dodge and Roll","floor":18},{"not_picked":["Dagger Throw","Poisoned Stab","Outmaneuver"],"picked":"SKIP","floor":20},{"not_picked":["Expertise","Predator","Flechettes"],"picked":"SKIP","floor":21},{"not_picked":["Finisher","Sucker Punch"],"picked":"Well Laid Plans","floor":22}],"player_experience":1001561,"relics_obtained":[{"floor":6,"key":"Whetstone"},{"floor":9,"key":"Paper Crane"},{"floor":13,"key":"Blood Vial"}],"event_choices":[{"damage_healed":0,"gold_gain":0,"player_choice":"Lose Max HP","damage_taken":0,"relics_obtained":["Golden Idol"],"max_hp_gain":0,"max_hp_loss":6,"event_name":"Golden Idol","floor":3,"gold_loss":0},{"damage_healed":0,"gold_gain":0,"player_choice":"Grow","damage_taken":0,"max_hp_gain":0,"max_hp_loss":0,"event_name":"Living Wall","floor":5,"gold_loss":0,"cards_upgraded":["Footwork"]},{"damage_healed":20,"gold_gain":0,"player_choice":"Banana","damage_taken":0,"max_hp_gain":0,"max_hp_loss":0,"event_name":"Big Fish","floor":8,"gold_loss":0},{"cards_removed":["Defend_G"],"damage_healed":0,"gold_gain":0,"player_choice":"Gave Gold","damage_taken":0,"max_hp_gain":0,"max_hp_loss":0,"event_name":"Beggar","floor":19,"gold_loss":75}],"is_beta":false,"boss_relics":[{"not_picked":["Black Star","Busted Crown"],"picked":"Fusion Hammer"}],"items_purged_floors":[14],"is_endless":false,"potions_floor_spawned":[2,6,11,13,18,22],"killed_by":"Slavers","ascension_level":19}}