{"host":"ljavmhyz2e552xgo","time":1609675162,"event":{"mods":["BaseMod","Better Third Choice","Downfall","Friendly Minions","GungeonMod","Minty Spire (QoL Compilation)","Permanent Neow","Spicy Shops","StSLib"],"gold_per_floor":[99,115,115,290,300,300,300,300,300,225,225,240,240,0,15,115,115,115,126,126,126,139,49,73,100,143,155,167,248,279,302,329,436,448,310,307,339,30,30,44,68,68,86,86,0,0,20,49,63,63,63,88,88,88,88],"floor_reached":56,"playtime":5602,"items_purged":["Doubt","Guardian:Defend_Guardian","Normality"],"score":1460,"play_id":"af5a5924-aac2-4a8f-ba1b-7132b9b51b86","local_time":"20210103055922","is_ascension_mode":false,"campfire_choices":[{"data":"Guardian:TwinSlam","floor":1.0,"key":"SMITH"},{"floor":6.0,"key":"RECALL"},{"data":"Guardian:CurlUp","floor":10.0,"key":"SMITH"},{"floor":13.0,"key":"REST"},{"data":"Guardian:ArmoredProtocol","floor":18.0,"key":"SMITH"},{"data":"Guardian:SphericShield","floor":35,"key":"SMITH"},{"data":"Guardian:DonusPower","floor":54,"key":"SMITH"}],"circlet_count":0,"master_deck":["Guardian:Strike_Guardian","Guardian:Defend_Guardian","Guardian:Defend_Guardian","Guardian:Defend_Guardian","Guardian:CurlUp+1","Guardian:TwinSlam+1","Guardian:BronzeArmor","Guardian:StasisStrike","Guardian:Recover","Guardian:ArmoredProtocol+1","Guardian:RevengeProtocol","Guardian:ShieldSpikes","Guardian:Suspension+1","Guardian:ShieldSpikes+1","Guardian:TemporalShield","Guardian:RevengeProtocol","Guardian:Harden+1","Guardian:SphericShield+1","Guardian:PiercingHide","Guardian:DonusPower+1","Guardian:Incinerate+1","Guardian:ExploitGems","Guardian:Harden+1","Guardian:SentryBeam+1","Parasite"],"relics":["Guardian:ModeShifter","downfall:ShatteredFragment","Blue Candle","Guardian:PickAxe","Tiny Chest","downfall:HeartBlessingRed","DemoMod:GnawedKey","DemoMod:GlassGuonStoneRelic","DemoMod:WaxWing","MawBank","sneckomod:BlankCard","The Courier","sneckomod:SneckoTalon","downfall:HeartBlessingGreen","downfall:HeartBlessingBlue","DemoMod:MonsterBlood","Bag of Marbles","DemoMod:MeatBun","Juzu Bracelet","Ancient Tea Set","Molten Egg 2","Mercury Hourglass","Happy Flower","DemoMod:PoisonVial"],"acts_visited":["Exordium","TheCity","TheBeyond","TheEnding"],"potions_floor_usage":[55,55,55],"damage_taken":[{"damage":0.0,"enemies":"Jaw Worm","floor":2.0,"turns":3.0},{"damage":0.0,"enemies":"2 Louse","floor":5.0,"turns":2.0},{"damage":0.0,"enemies":"2 Louse","floor":8.0,"turns":4.0},{"damage":1.0,"enemies":"Small Slimes","floor":12.0,"turns":2.0},{"damage":1.0,"enemies":"downfall:FleeingMerchant","floor":14.0,"turns":4.0},{"damage":0.0,"enemies":"3 Louse","floor":15.0,"turns":3.0},{"damage":2.0,"enemies":"downfall:Ironclad","floor":16.0,"turns":11.0},{"damage":1.0,"enemies":"Spheric Guardian","floor":19.0,"turns":5.0},{"damage":1.0,"enemies":"Snake Plant","floor":22.0,"turns":4.0},{"damage":0.0,"enemies":"downfall:FleeingMerchant","floor":23.0,"turns":4.0},{"damage":0,"enemies":"Centurion and Healer","floor":25,"turns":8},{"damage":0,"enemies":"Book of Stabbing","floor":26,"turns":6},{"damage":0,"enemies":"3 Cultists","floor":30,"turns":5},{"damage":0,"enemies":"Cultist and Chosen","floor":31,"turns":4},{"damage":0,"enemies":"Shelled Parasite and Fungi","floor":32,"turns":5},{"damage":0,"enemies":"downfall:Watcher","floor":33,"turns":9},{"damage":0,"enemies":"downfall:FleeingMerchant","floor":36,"turns":4},{"damage":0,"enemies":"3 Shapes","floor":37,"turns":5},{"damage":0,"enemies":"downfall:FleeingMerchant","floor":38,"turns":4},{"damage":1,"enemies":"Orb Walker","floor":40,"turns":4},{"damage":1,"enemies":"Sphere and 2 Shapes","floor":43,"turns":5},{"damage":0,"enemies":"downfall:FleeingMerchant","floor":45,"turns":3},{"damage":0,"enemies":"Writhing Mass","floor":47,"turns":6},{"damage":1,"enemies":"Nemesis","floor":48,"turns":5},{"damage":1,"enemies":"Transient","floor":49,"turns":5},{"damage":1,"enemies":"downfall:Defect","floor":50,"turns":8},{"damage":16,"enemies":"downfall:CharBossMerchant","floor":52,"turns":10},{"damage":8,"enemies":"downfall:NeowBoss","floor":55,"turns":28}],"seed_played":"-1997267528293919725","potions_obtained":[{"floor":5.0,"key":"Guardian:AcceleratePotion"},{"floor":11.0,"key":"Regen Potion"},{"floor":11.0,"key":"CultistPotion"},{"floor":11.0,"key":"DuplicationPotion"},{"floor":15.0,"key":"Block Potion"},{"floor":16.0,"key":"DemoMod:LeadSkinPotion"},{"floor":20.0,"key":"downfall:CursedFountainPotion"},{"floor":48,"key":"Dexterity Potion"}],"is_trial":false,"path_per_floor":["R","M","?","?","M","R","T","?","?","R","?","M","R","$","M","B",null,"R","M","?","T","M","$","T","M","E","?","?","T","M","M","M","B",null,"R","$","M","$","?","M","T","?","M","T","$","?","M","E","M","B",null,"E","$","R","B",null],"character_chosen":"GUARDIAN","items_purchased":["Guardian:ArmoredProtocol","Guardian:Gem_Purple","DemoMod:GnawedKey","DemoMod:MonsterBlood","Bag of Marbles","DemoMod:MeatBun","Molten Egg 2","Mercury Hourglass","Guardian:SentryBeam+1"],"campfire_rested":1,"item_purchase_floors":[14,14,14,38,38,38,45,45,45],"current_hp_per_floor":[80,80,56,56,56,56,56,50,47,47,47,46,70,69,69,67,80,80,79,79,79,78,78,78,78,78,78,78,78,78,78,78,78,80,90,90,90,97,97,96,96,96,95,95,95,95,95,94,93,92,97,81,81,81,73],"gold":88,"neow_bonus":"REMOVE_CARD","is_daily":false,"chose_seed":false,"campfire_upgraded":5,"win_rate":0.0,"timestamp":1609675162,"path_taken":["R","M","?","?","M","R","T","?","?","R","?","?","R","$","M","BOSS","R","M","?","?","M","$","T","?","E","?","?","?","M","M","M","BOSS","R","$","M","$","?","?","T","?","M","?","?","?","M","E","M","BOSS","E","$","R","BOSS"],"items_purchased_type":["Card","Card","Relic","Relic","Relic","Relic","Relic","Relic","Card"],"build_version":"2020-12-22","purchased_purges":3,"victory":true,"max_hp_per_floor":[80,80,80,80,80,80,80,80,80,80,80,80,80,80,80,80,80,80,80,80,80,80,80,80,80,80,80,80,80,80,80,80,80,80,90,90,90,97,97,97,97,97,97,97,97,97,97,97,97,97,97,97,97,97,97],"card_choices":[{"not_picked":["Guardian:TemporalStrike","Guardian:Gem_Lightblue"],"picked":"Guardian:Gem_Cyan","floor":2.0},{"not_picked":["Guardian:Gem_Green","Guardian:Recover"],"picked":"Guardian:BronzeArmor","floor":5.0},{"not_picked":["Guardian:TemporalStrike","Guardian:Suspension"],"picked":"Guardian:StasisStrike","floor":12.0},{"not_picked":["Guardian:Suspension","Guardian:Gem_Cyan"],"picked":"Guardian:Recover","floor":14.0},{"not_picked":["Guardian:FierceBash","Guardian:StasisField"],"picked":"Guardian:RevengeProtocol","floor":16.0},{"not_picked":["Guardian:ChargeCore","Guardian:Orbwalk"],"picked":"Guardian:ShieldSpikes","floor":19.0},{"not_picked":["Guardian:ChargeCore","Guardian:RollAttack+1"],"picked":"Guardian:Suspension+1","floor":22.0},{"not_picked":["Guardian:WalkerClaw","Guardian:PiercingHide"],"picked":"Guardian:ShieldSpikes+1","floor":23.0},{"not_picked":["Guardian:WalkerClaw","Guardian:ChargeCore+1"],"picked":"Guardian:TemporalShield","floor":25},{"not_picked":["Guardian:ShieldSpikes+1","Guardian:ChargeCore+1"],"picked":"Guardian:RevengeProtocol","floor":26},{"not_picked":["Guardian:Gem_Green","Guardian:Gem_Fragmented"],"picked":"Guardian:Harden","floor":30},{"not_picked":["Guardian:TimeBomb","Guardian:RollAttack","Guardian:Gem_Red"],"picked":"SKIP","floor":31},{"not_picked":["Guardian:Recover","Guardian:WalkerClaw","Guardian:GatlingBeam"],"picked":"SKIP","floor":32},{"not_picked":["Guardian:Gem_Orange","Guardian:StasisField"],"picked":"Guardian:SphericShield","floor":33},{"not_picked":["Guardian:WalkerClaw","Guardian:MultiBeam+1"],"picked":"Guardian:PiercingHide","floor":36},{"not_picked":["Guardian:WalkerClaw+1","Guardian:Gem_Fragmented"],"picked":"Guardian:DonusPower","floor":37},{"not_picked":["Guardian:VentSteam","Guardian:FastForward","Guardian:Gem_Lightblue"],"picked":"SKIP","floor":38},{"not_picked":["Guardian:Gem_Green","Guardian:Gem_Lightblue"],"picked":"Guardian:Incinerate+1","floor":40},{"not_picked":["Guardian:Planning","Guardian:TemporalShield","Guardian:Emergency+1"],"picked":"SKIP","floor":43},{"not_picked":["Guardian:Suspension+1","Guardian:CrystalBeam+1"],"picked":"Guardian:Harden+1","floor":45},{"not_picked":["Guardian:WalkerClaw+1","Guardian:TimeBomb+1","Guardian:Gem_Lightblue"],"picked":"SKIP","floor":47},{"not_picked":["Guardian:Gem_Lightblue","Guardian:RollAttack+1","Guardian:WalkerClaw+1"],"picked":"SKIP","floor":52}],"player_experience":1462171,"relics_obtained":[{"floor":7.0,"key":"Blue Candle"},{"floor":24,"key":"MawBank"},{"floor":26,"key":"sneckomod:BlankCard"},{"floor":29,"key":"The Courier"},{"floor":41,"key":"Juzu Bracelet"},{"floor":44,"key":"Ancient Tea Set"},{"floor":48,"key":"Happy Flower"},{"floor":52,"key":"DemoMod:PoisonVial"}],"event_choices":[{"damage_healed":0.0,"max_hp_gain":0.0,"max_hp_loss":0.0,"gold_gain":0.0,"event_name":"betterThird:BetterScrap","player_choice":"Relic ","floor":9.0,"gold_loss":0.0,"damage_taken":3.0,"cards_obtained":["Steam Power"]},{"damage_healed":0.0,"max_hp_gain":0.0,"max_hp_loss":0.0,"gold_gain":0.0,"event_name":"Lab","player_choice":"Got Potions","floor":11.0,"gold_loss":0.0,"damage_taken":0.0},{"damage_healed":0,"gold_gain":0,"player_choice":"Upgraded","damage_taken":0,"max_hp_gain":0,"max_hp_loss":0,"event_name":"Upgrade Shrine","floor":39,"gold_loss":0,"cards_upgraded":["Guardian:Harden"]},{"cards_removed":["Guardian:Strike_Guardian"],"damage_healed":0,"gold_gain":0,"player_choice":"Removed Attack","damage_taken":0,"max_hp_gain":0,"max_hp_loss":0,"event_name":"Falling","floor":46,"gold_loss":0}],"is_beta":false,"boss_relics":[{"not_picked":["Fusion Hammer","Calling Bell"],"picked":"DemoMod:WaxWing"},{"not_picked":["Tiny House","Velvet Choker"],"picked":"sneckomod:SneckoTalon"}],"items_purged_floors":[23,38,45],"is_endless":false,"potions_floor_spawned":[5,15,16,22,26,30,32,40,43,48,49,52],"ascension_level":0}}