{"host":"sum4dy402bbv9y4o","time":1609640907,"event":{"mods":["Aspiration","BaseMod","Conspire","Highlight Path","Minty Spire (QoL Compilation)","StSLib"],"gold_per_floor":[117,129,26,26,36,36,50,50,122,122,122,122,155,172,172,243,243,254,273,1,1,1,27,27,38,38,38,55,55,55,105,105,182,182,200,200,75,88,107,107,126,126,126,126,126,126],"floor_reached":45,"playtime":1268,"items_purged":["Strike_B","Shame"],"score":862,"play_id":"75ea7355-aa0b-40ea-9014-590f1b22344d","local_time":"20210103052827","is_ascension_mode":true,"campfire_choices":[{"data":"Dualcast","floor":6,"key":"SMITH"},{"data":"Redo","floor":8,"key":"SMITH"},{"data":"Zap","floor":10,"key":"SMITH"},{"data":"Capacitor","floor":15,"key":"SMITH"},{"data":"RitualDagger","floor":24,"key":"SMITH"},{"data":"aspiration:Polymerization","floor":29,"key":"SMITH"},{"data":"Loop","floor":32,"key":"SMITH"},{"floor":40,"key":"REST"},{"floor":42,"key":"REST"}],"circlet_count":0,"master_deck":["AscendersBane","Defend_B","Defend_B","Defend_B","Zap+1","Dualcast+1","Redo+1","Ball Lightning","Streamline+1","Capacitor+1","Cold Snap","Electrodynamics","Loop+1","Conserve Battery","RitualDagger+1","Cold Snap+1","aspiration:Polymerization+1","Cold Snap","Loop","Melter","Lockon","Steam"],"relics":["Cracked Core","aspiration:Nostalgia","Burning Blood","Cables","aspiration:HummingbirdHeart","Empty Cage","HornCleat","aspiration:HiddenCompartment","Smiling Mask","conspire:GlowingRock","Inserter","Question Card"],"acts_visited":["Exordium","TheCity","TheBeyond"],"potions_floor_usage":[7,13,33,35,35,39],"damage_taken":[{"damage":2,"enemies":"Cultist","floor":1,"turns":4},{"damage":3,"enemies":"2 Louse","floor":2,"turns":4},{"damage":0,"enemies":"Small Slimes","floor":5,"turns":2},{"damage":0,"enemies":"Blue Slaver","floor":7,"turns":2},{"damage":20,"enemies":"Lagavulin","floor":13,"turns":5},{"damage":0,"enemies":"Exordium Wildlife","floor":14,"turns":3},{"damage":37,"enemies":"The Guardian","floor":16,"turns":10},{"damage":4,"enemies":"2 Thieves","floor":18,"turns":4},{"damage":14,"enemies":"Spheric Guardian","floor":19,"turns":4},{"damage":14,"enemies":"Slavers","floor":23,"turns":3},{"damage":0,"enemies":"3 Cultists","floor":25,"turns":3},{"damage":4,"enemies":"Snecko","floor":28,"turns":4},{"damage":8,"enemies":"conspire:MysteriousRune","floor":33,"turns":9},{"damage":12,"enemies":"3 Darklings","floor":35,"turns":3},{"damage":4,"enemies":"3 Shapes","floor":38,"turns":4},{"damage":38,"enemies":"Jaw Worm Horde","floor":39,"turns":5},{"damage":45,"enemies":"Writhing Mass","floor":41,"turns":7},{"damage":57,"enemies":"Giant Head","floor":45,"turns":5}],"seed_played":"7679456741108500676","potions_obtained":[{"floor":1,"key":"Energy Potion"},{"floor":5,"key":"Weak Potion"},{"floor":16,"key":"SteroidPotion"},{"floor":19,"key":"Swift Potion"},{"floor":23,"key":"EntropicBrew"},{"floor":35,"key":"AttackPotion"}],"is_trial":false,"path_per_floor":["M","M","$","?","M","R","M","R","T","R","?","?","E","M","R","B",null,"M","M","$","?","?","E","R","M","T","$","M","R","?","?","R","B",null,"M","?","$","M","M","R","M","R","T","?","E"],"character_chosen":"DEFECT","items_purchased":["Streamline","HornCleat","Loop"],"campfire_rested":2,"item_purchase_floors":[3,20,37],"current_hp_per_floor":[68,71,71,64,70,70,71,71,71,71,76,76,62,68,68,37,66,68,60,60,60,54,46,46,52,52,52,54,54,54,54,54,52,70,64,64,64,66,34,56,17,39,39,39,0,0],"gold":126,"neow_bonus":"NOSTALGIA","is_daily":false,"chose_seed":false,"campfire_upgraded":7,"win_rate":0.0,"timestamp":1609640907,"path_taken":["M","?","$","?","M","R","M","R","T","R","?","?","E","M","R","BOSS","M","M","$","?","?","E","R","M","T","?","M","R","?","?","R","BOSS","M","?","$","?","M","R","M","R","T","?","E"],"items_purchased_type":["Card","Relic","Card"],"build_version":"2020-12-22","purchased_purges":2,"victory":false,"max_hp_per_floor":[71,71,71,71,71,71,71,71,71,71,76,76,76,76,76,76,76,76,76,76,76,76,76,76,76,76,76,76,76,76,76,76,76,76,76,76,76,76,76,76,76,76,76,76,76,76],"card_choices":[{"not_picked":["Sweeping Beam","Stack"],"picked":"Redo","floor":1},{"not_picked":["Blizzard","Compile Driver"],"picked":"Ball Lightning","floor":2},{"not_picked":["Heatsinks","Darkness","Stack"],"picked":"SKIP","floor":5},{"not_picked":["Chaos","Reprogram"],"picked":"Gash","floor":7},{"not_picked":["Go for the Eyes","Rebound"],"picked":"Capacitor","floor":13},{"not_picked":["Turbo","Storm"],"picked":"Cold Snap","floor":14},{"not_picked":["Fission","Buffer"],"picked":"Electrodynamics","floor":16},{"not_picked":["aspiration:Polymerization","Undo"],"picked":"Loop","floor":18},{"not_picked":["Go for the Eyes","Sweeping Beam"],"picked":"Conserve Battery","floor":19},{"not_picked":["FTL","Skim"],"picked":"Cold Snap+1","floor":23},{"not_picked":["Conserve Battery","Go for the Eyes"],"picked":"aspiration:Polymerization","floor":25},{"not_picked":["Reinforced Body+1","Blizzard"],"picked":"Cold Snap","floor":28},{"not_picked":["Conserve Battery","Streamline","Compile Driver"],"picked":"SKIP","floor":35},{"not_picked":["Rebound","Static Discharge"],"picked":"Melter","floor":38},{"not_picked":["Stack","Rebound"],"picked":"Lockon","floor":39},{"not_picked":["Streamline","Turbo"],"picked":"Steam","floor":41}],"player_experience":2893760,"relics_obtained":[{"floor":9,"key":"Cables"},{"floor":13,"key":"aspiration:HummingbirdHeart"},{"floor":23,"key":"Smiling Mask"},{"floor":26,"key":"conspire:GlowingRock"},{"floor":43,"key":"Question Card"}],"event_choices":[{"cards_removed":["Strike_B"],"damage_healed":0,"gold_gain":0,"player_choice":"Card Removal","damage_taken":7,"max_hp_gain":0,"max_hp_loss":0,"event_name":"Golden Wing","floor":4,"gold_loss":0},{"damage_healed":0,"gold_gain":0,"player_choice":"Donut","damage_taken":0,"max_hp_gain":5,"max_hp_loss":0,"event_name":"Big Fish","floor":11,"gold_loss":0},{"damage_healed":0,"gold_gain":0,"player_choice":"Grow","damage_taken":0,"max_hp_gain":0,"max_hp_loss":0,"event_name":"Living Wall","floor":12,"gold_loss":0,"cards_upgraded":["Streamline"]},{"damage_healed":0,"gold_gain":0,"player_choice":"Stole Relic","damage_taken":0,"relics_obtained":["aspiration:HiddenCompartment"],"max_hp_gain":0,"max_hp_loss":0,"event_name":"Addict","floor":21,"gold_loss":0,"cards_obtained":["Shame"]},{"damage_healed":0,"gold_gain":0,"player_choice":"Joined the Cult","damage_taken":6,"max_hp_gain":0,"max_hp_loss":0,"event_name":"Nest","floor":22,"gold_loss":0,"cards_obtained":["RitualDagger"]},{"damage_healed":0,"gold_gain":0,"player_choice":"Ignored","damage_taken":0,"max_hp_gain":0,"max_hp_loss":0,"event_name":"Cursed Tome","floor":30,"gold_loss":0},{"damage_healed":0,"gold_gain":100,"player_choice":"Bet on Murderer","damage_taken":0,"max_hp_gain":0,"max_hp_loss":0,"event_name":"The Joust","floor":31,"gold_loss":50},{"cards_removed":["Defend_B"],"damage_healed":0,"gold_gain":0,"player_choice":"Offered Basic","damage_taken":0,"max_hp_gain":0,"max_hp_loss":0,"event_name":"Bonfire Elementals","floor":36,"gold_loss":0},{"cards_removed":["Gash"],"damage_healed":0,"gold_gain":0,"player_choice":"Removed Attack","damage_taken":0,"max_hp_gain":0,"max_hp_loss":0,"event_name":"Falling","floor":44,"gold_loss":0}],"is_beta":false,"boss_relics":[{"not_picked":["Philosopher\u0027s Stone","SacredBark"],"picked":"Empty Cage"},{"not_picked":["SlaversCollar","FrozenCore"],"picked":"Inserter"}],"items_purged_floors":[3,37],"is_endless":false,"potions_floor_spawned":[1,5,16,19,23,25,35,38],"killed_by":"Giant Head","ascension_level":20}}