{"host":"p6y17sixyu8q9v1f","time":1609653661,"event":{"mods":["BaseMod","Colored Map","Minty Spire (QoL Compilation)"],"gold_per_floor":[111,111,125,125,13,13,40,40,86,111,111,160,172,203,215,331,343,371,383,395,407,79,110,110,110],"floor_reached":24,"playtime":1081,"items_purged":["Strike_R","Carnage"],"score":273,"play_id":"4638526e-0776-4435-9845-ff61649dbaf7","local_time":"20210103000101","is_ascension_mode":true,"campfire_choices":[{"data":"Body Slam","floor":6,"key":"SMITH"},{"data":"Flame Barrier","floor":8,"key":"SMITH"},{"data":"Dropkick","floor":15,"key":"SMITH"}],"circlet_count":0,"master_deck":["Strike_R+1","Strike_R+1","Defend_R","Defend_R","Defend_R+1","Defend_R","Bash+1","Body Slam+1","Whirlwind+1","Flame Barrier+1","Dropkick+1","Thunderclap","Offering","Cleave+1","Cleave"],"relics":["Burning Blood","Whetstone","Omamori","MawBank","SlaversCollar","Nloth\u0027s Gift","Kunai","Eternal Feather"],"acts_visited":["Exordium","TheCity"],"potions_floor_usage":[7,10],"damage_taken":[{"damage":9,"enemies":"Jaw Worm","floor":1,"turns":4},{"damage":2,"enemies":"2 Louse","floor":3,"turns":3},{"damage":13,"enemies":"Gremlin Nob","floor":7,"turns":4},{"damage":17,"enemies":"3 Sentries","floor":10,"turns":6},{"damage":0,"enemies":"Cultist","floor":14,"turns":2},{"damage":2,"enemies":"Slime Boss","floor":16,"turns":7},{"damage":21,"enemies":"Spheric Guardian","floor":18,"turns":6},{"damage":60,"enemies":"Book of Stabbing","floor":23,"turns":4},{"damage":11,"enemies":"Shell Parasite","floor":24,"turns":4}],"seed_played":"-3060652183629148829","potions_obtained":[{"floor":3,"key":"EssenceOfSteel"},{"floor":7,"key":"DuplicationPotion"}],"is_trial":false,"path_per_floor":["M","?","M","?","$","R","E","R","T","E","?","T","?","M","R","B",null,"M","?","$","?","$","E","M"],"character_chosen":"IRONCLAD","items_purchased":["Flame Barrier","Kunai"],"campfire_rested":0,"item_purchase_floors":[5,22],"current_hp_per_floor":[77,70,74,58,58,58,51,51,51,40,40,40,80,80,80,80,80,65,65,65,65,65,11,0,0],"gold":110,"neow_bonus":"ONE_RANDOM_RARE_CARD","is_daily":false,"chose_seed":false,"campfire_upgraded":3,"win_rate":0.0,"timestamp":1609653661,"path_taken":["M","?","M","?","$","R","E","R","T","E","?","?","?","?","R","BOSS","M","?","?","?","$","E","M"],"items_purchased_type":["Card","Relic"],"build_version":"2020-12-22","purchased_purges":2,"victory":false,"max_hp_per_floor":[80,80,80,80,80,80,80,80,80,80,80,80,80,80,80,80,80,80,80,80,80,80,80,80,80],"card_choices":[{"not_picked":["Flex","Disarm"],"picked":"Body Slam","floor":1},{"not_picked":["Warcry","Headbutt"],"picked":"Whirlwind","floor":3},{"not_picked":["Seeing Red","Clothesline"],"picked":"Dropkick","floor":7},{"not_picked":["Burning Pact","Shrug It Off","Combust"],"picked":"SKIP","floor":10},{"not_picked":["Headbutt","Uppercut"],"picked":"Thunderclap","floor":14},{"not_picked":["Impervious","Fiend Fire"],"picked":"Offering","floor":16},{"not_picked":["Anger+1","Pommel Strike"],"picked":"Cleave+1","floor":18},{"not_picked":["Berserk","Cleave","Corruption"],"picked":"SKIP","floor":23}],"player_experience":885358,"relics_obtained":[{"floor":7,"key":"Whetstone"},{"floor":9,"key":"Omamori"},{"floor":10,"key":"Mercury Hourglass"},{"floor":12,"key":"MawBank"},{"floor":23,"key":"Eternal Feather"}],"event_choices":[{"cards_removed":["Strike_R"],"damage_healed":0,"gold_gain":0,"player_choice":"Card Removal","damage_taken":7,"max_hp_gain":0,"max_hp_loss":0,"event_name":"Golden Wing","floor":2,"gold_loss":0},{"damage_healed":0,"gold_gain":0,"player_choice":"Entered Light","damage_taken":16,"max_hp_gain":0,"max_hp_loss":0,"event_name":"Shining Light","floor":4,"gold_loss":0,"cards_upgraded":["Strike_R","Defend_R"]},{"damage_healed":0,"gold_gain":0,"player_choice":"Grow","damage_taken":0,"max_hp_gain":0,"max_hp_loss":0,"event_name":"Living Wall","floor":11,"gold_loss":0,"cards_upgraded":["Whirlwind"]},{"damage_healed":40,"gold_gain":0,"player_choice":"Full Heal","damage_taken":0,"max_hp_gain":0,"max_hp_loss":0,"event_name":"Wheel of Change","floor":13,"gold_loss":0},{"damage_healed":0,"gold_gain":0,"player_choice":"Traded Relic","damage_taken":0,"relics_obtained":["Nloth\u0027s Gift"],"max_hp_gain":0,"max_hp_loss":0,"event_name":"N\u0027loth","floor":19,"relics_lost":["Mercury Hourglass"],"gold_loss":0},{"damage_healed":0,"gold_gain":0,"cards_transformed":["Fiend Fire","Strike_R"],"player_choice":"Became Test Subject","damage_taken":0,"max_hp_gain":0,"max_hp_loss":0,"event_name":"Drug Dealer","floor":21,"gold_loss":0,"cards_obtained":["Carnage","Cleave"]}],"is_beta":false,"boss_relics":[{"not_picked":["Ectoplasm","Snecko Eye"],"picked":"SlaversCollar"}],"items_purged_floors":[5,22],"is_endless":false,"potions_floor_spawned":[3,7],"killed_by":"Shell Parasite","ascension_level":5}}