{"host":"i0avyit1s6jb1siw","time":1609655474,"event":{"mods":["BaseMod","DeckTracker","Dota2Spire","Highlight Path","Minty Spire (QoL Compilation)","Quick Restart","StSLib","SuperFastMode"],"gold_per_floor":[113,131,143,143,143,143,168,168,168,93,93,103,120,155,155,234,234,252,252,262,275,305,305,330,341,368,378,88,113,125,125,125,202,202,218,243,243,253,268,268,302,312,337,364,409,284,296,328,328,328,328,328,328,11,41,41,41],"floor_reached":56,"playtime":1921,"items_purged":["Strike_P","Strike_P","Strike_P"],"score":2274,"play_id":"f594a919-da58-45e3-99c0-b6e4c371dce2","local_time":"20210103073114","is_ascension_mode":true,"campfire_choices":[{"data":"Eruption","floor":6.0,"key":"SMITH"},{"data":"Wallop","floor":8.0,"key":"SMITH"},{"data":"Tantrum","floor":11.0,"key":"SMITH"},{"data":"Halt","floor":15.0,"key":"SMITH"},{"data":"DeusExMachina","floor":23.0,"key":"SMITH"},{"floor":32.0,"key":"REST"},{"floor":40.0,"key":"RECALL"},{"floor":49,"key":"REST"},{"floor":53,"key":"REST"}],"circlet_count":0,"master_deck":["AscendersBane","Strike_P","Defend_P","Defend_P","Defend_P","Eruption+1","Vigilance","FlyingSleeves","Tantrum+1","Wallop+1","EmptyBody","FearNoEvil","Halt+1","DeusExMachina","MentalFortress","DeusExMachina+1","SpiritShield","Apotheosis","MasterReality","DevaForm+1"],"relics":["Runic Pyramid","GoldenEye","Dota2Spire:EyeOfSkadi","Dead Branch","VioletLotus","Red Mask","Bag of Preparation","Dota2Spire:PowerTreads","Anchor","Dota2Spire:RefresherOrb","Ice Cream","Turnip","Frozen Egg 2","Torii","Dream Catcher","Gambling Chip","Orichalcum"],"acts_visited":["Exordium","TheCity","TheBeyond","TheEnding"],"potions_floor_usage":[],"damage_taken":[{"damage":0.0,"enemies":"Cultist","floor":1.0,"turns":2.0},{"damage":2.0,"enemies":"Jaw Worm","floor":2.0,"turns":4.0},{"damage":1.0,"enemies":"Small Slimes","floor":3.0,"turns":2.0},{"damage":12.0,"enemies":"Lagavulin","floor":7.0,"turns":5.0},{"damage":0.0,"enemies":"Exordium Thugs","floor":12.0,"turns":2.0},{"damage":7.0,"enemies":"Gremlin Gang","floor":13.0,"turns":3.0},{"damage":0.0,"enemies":"Gremlin Nob","floor":14.0,"turns":2.0},{"damage":0.0,"enemies":"The Guardian","floor":16.0,"turns":6.0},{"damage":0.0,"enemies":"Chosen","floor":18.0,"turns":2.0},{"damage":3.0,"enemies":"Shell Parasite","floor":20.0,"turns":4.0},{"damage":1.0,"enemies":"Shelled Parasite and Fungi","floor":21.0,"turns":4.0},{"damage":0.0,"enemies":"Masked Bandits","floor":22.0,"turns":2.0},{"damage":38.0,"enemies":"Gremlin Leader","floor":24.0,"turns":6.0},{"damage":0.0,"enemies":"3 Cultists","floor":25.0,"turns":2.0},{"damage":0.0,"enemies":"Cultist and Chosen","floor":27.0,"turns":3.0},{"damage":0.0,"enemies":"Book of Stabbing","floor":29.0,"turns":6.0},{"damage":0.0,"enemies":"Chosen and Byrds","floor":30.0,"turns":4.0},{"damage":18.0,"enemies":"Automaton","floor":33.0,"turns":8.0},{"damage":11.0,"enemies":"3 Shapes","floor":35.0,"turns":4.0},{"damage":0.0,"enemies":"Mind Bloom Boss Battle","floor":36.0,"turns":4.0},{"damage":0.0,"enemies":"3 Darklings","floor":38.0,"turns":5.0},{"damage":0.0,"enemies":"Maw","floor":39.0,"turns":6.0},{"damage":0.0,"enemies":"Giant Head","floor":41.0,"turns":5.0},{"damage":0.0,"enemies":"Jaw Worm Horde","floor":42.0,"turns":4.0},{"damage":0,"enemies":"Nemesis","floor":44,"turns":5},{"damage":0,"enemies":"2 Orb Walkers","floor":45,"turns":2},{"damage":0,"enemies":"Writhing Mass","floor":47,"turns":3},{"damage":0,"enemies":"Giant Head","floor":48,"turns":5},{"damage":72,"enemies":"Awakened One","floor":50,"turns":8},{"damage":2,"enemies":"Donu and Deca","floor":51,"turns":7},{"damage":27,"enemies":"Shield and Spear","floor":55,"turns":6},{"damage":125,"enemies":"The Heart","floor":56,"turns":3}],"seed_played":"-3883654564688592066","potions_obtained":[{"floor":3.0,"key":"BottledMiracle"},{"floor":12.0,"key":"Dexterity Potion"},{"floor":16.0,"key":"StancePotion"},{"floor":18.0,"key":"FairyPotion"},{"floor":21.0,"key":"Weak Potion"},{"floor":22.0,"key":"Block Potion"},{"floor":39.0,"key":"Strength Potion"}],"is_trial":false,"path_per_floor":["M","M","M","?","?","R","E","R","T","$","R","M","M","E","R","B",null,"M","?","M","M","?","R","E","M","T","M","$","E","M","?","R","B",null,"M","?","?","M","M","R","E","M","T","E","?","$","M","E","R","B","B",null,"R","$","E","B"],"character_chosen":"WATCHER","items_purchased":["Apotheosis","Gambling Chip"],"campfire_rested":3,"item_purchase_floors":[28,54],"current_hp_per_floor":[61,59,58,51,51,51,39,39,44,44,44,44,37,37,37,37,64,64,64,61,60,60,60,22,22,22,22,22,22,22,1,24,6,60,49,49,49,49,49,49,49,49,49,49,49,49,49,49,72,23,21,64,78,78,51,0,0],"gold":41,"neow_bonus":"BOSS_RELIC","is_daily":false,"chose_seed":false,"campfire_upgraded":5,"win_rate":0.0,"timestamp":1609655474,"path_taken":["M","?","M","?","?","R","E","R","T","$","R","?","?","E","R","BOSS","M","?","?","M","?","R","E","M","T","M","$","E","M","?","R","BOSS","M","?","?","?","M","R","E","M","T","E","?","$","M","E","R","BOSS","BOSS","R","$","E","BOSS"],"items_purchased_type":["Card","Relic"],"build_version":"2020-12-22","purchased_purges":3,"victory":false,"max_hp_per_floor":[68,68,68,68,68,68,68,68,73,73,73,73,73,73,73,73,73,73,73,73,73,73,73,73,73,73,73,73,73,73,78,78,78,78,78,78,78,78,78,78,78,78,78,78,78,78,78,78,78,78,78,78,78,78,78,78,78],"card_choices":[{"not_picked":["JustLucky","PathToVictory"],"picked":"FlyingSleeves","floor":1.0},{"not_picked":["BowlingBash","Adaptation"],"picked":"Tantrum","floor":2.0},{"not_picked":["Ragnarok","ThirdEye"],"picked":"Wallop","floor":3.0},{"not_picked":["Consecrate","FollowUp"],"picked":"FearNoEvil","floor":7.0},{"not_picked":["PathToVictory","Nirvana"],"picked":"Halt","floor":12.0},{"not_picked":["Protect","Establishment","CutThroughFate"],"picked":"SKIP","floor":13.0},{"not_picked":["Crescendo","Prostrate","FlurryOfBlows"],"picked":"SKIP","floor":14.0},{"not_picked":["Ragnarok","MasterReality"],"picked":"DeusExMachina","floor":16.0},{"not_picked":["PathToVictory","Tantrum+1"],"picked":"MentalFortress","floor":18.0},{"not_picked":["BowlingBash","ThirdEye+1","Wallop"],"picked":"SKIP","floor":20.0},{"not_picked":["Protect+1","ClearTheMind","DeceiveReality+1"],"picked":"SKIP","floor":21.0},{"not_picked":["Wallop","LikeWater","ForeignInfluence"],"picked":"SKIP","floor":24.0},{"not_picked":["Consecrate+1","Wallop"],"picked":"SpiritShield","floor":25.0},{"not_picked":["ThirdEye","Study","SandsOfTime"],"picked":"SKIP","floor":27.0},{"not_picked":["SashWhip","Consecrate","Wallop"],"picked":"SKIP","floor":29.0},{"not_picked":["Meditate","FlyingSleeves","Protect"],"picked":"SKIP","floor":30.0},{"not_picked":["Alpha","Blasphemy"],"picked":"MasterReality","floor":33.0},{"not_picked":["BowlingBash","CrushJoints","Pray"],"picked":"SKIP","floor":35.0},{"not_picked":["JustLucky","EmptyFist","Indignation"],"picked":"SKIP","floor":38.0},{"not_picked":["CutThroughFate","BowlingBash","Nirvana"],"picked":"SKIP","floor":39.0},{"not_picked":["WaveOfTheHand","Study","Collect"],"picked":"SKIP","floor":41.0},{"not_picked":["ThirdEye","PathToVictory+1","Consecrate"],"picked":"SKIP","floor":42.0},{"not_picked":["Crescendo","Halt","Prostrate+1"],"picked":"SKIP","floor":44},{"not_picked":["Nirvana+1","Swivel"],"picked":"DevaForm+1","floor":45},{"not_picked":["CarveReality","Meditate","Sanctity"],"picked":"SKIP","floor":47},{"not_picked":["FlyingSleeves","BowlingBash","Brilliance"],"picked":"SKIP","floor":48},{"not_picked":["WindmillStrike","Protect","ReachHeaven"],"picked":"SKIP","floor":55}],"player_experience":2172006,"relics_obtained":[{"floor":7.0,"key":"GoldenEye"},{"floor":9.0,"key":"Dota2Spire:EyeOfSkadi"},{"floor":14.0,"key":"Dead Branch"},{"floor":22.0,"key":"Red Mask"},{"floor":24.0,"key":"Bag of Preparation"},{"floor":26.0,"key":"Dota2Spire:PowerTreads"},{"floor":29.0,"key":"Anchor"},{"floor":36.0,"key":"Ice Cream"},{"floor":41.0,"key":"Turnip"},{"floor":44,"key":"Frozen Egg 2"},{"floor":45,"key":"Torii"},{"floor":48,"key":"Dream Catcher"},{"floor":55,"key":"Orichalcum"}],"event_choices":[{"cards_removed":["Defend_P"],"damage_healed":0.0,"max_hp_gain":0.0,"max_hp_loss":0.0,"gold_gain":0.0,"event_name":"Golden Wing","player_choice":"Card Removal","floor":4.0,"gold_loss":0.0,"damage_taken":7.0},{"damage_healed":0.0,"max_hp_gain":0.0,"max_hp_loss":0.0,"gold_gain":0.0,"event_name":"Match and Keep!","player_choice":"1 cards matched","floor":5.0,"gold_loss":0.0,"damage_taken":0.0,"cards_obtained":["EmptyBody"]},{"damage_healed":0.0,"max_hp_gain":0.0,"max_hp_loss":0.0,"gold_gain":0.0,"event_name":"Duplicator","player_choice":"Copied","floor":19.0,"gold_loss":0.0,"damage_taken":0.0,"cards_obtained":["DeusExMachina"]},{"damage_healed":0.0,"max_hp_gain":0.0,"max_hp_loss":0.0,"gold_gain":0.0,"event_name":"Masked Bandits","player_choice":"Fought Bandits","floor":22.0,"gold_loss":0.0,"damage_taken":0.0},{"damage_healed":0.0,"max_hp_gain":5.0,"max_hp_loss":0.0,"gold_gain":0.0,"event_name":"Forgotten Altar","player_choice":"Shed Blood","floor":31.0,"gold_loss":0.0,"damage_taken":26.0},{"damage_healed":0.0,"max_hp_gain":0.0,"max_hp_loss":0.0,"gold_gain":0.0,"event_name":"MindBloom","player_choice":"Fight","floor":36.0,"gold_loss":0.0,"damage_taken":0.0},{"damage_healed":0.0,"max_hp_gain":0.0,"max_hp_loss":0.0,"gold_gain":0.0,"event_name":"SecretPortal","player_choice":"Ignored","floor":37.0,"gold_loss":0.0,"damage_taken":0.0},{"damage_healed":0,"gold_gain":0,"player_choice":"Fight","damage_taken":0,"max_hp_gain":0,"max_hp_loss":0,"event_name":"Mysterious Sphere","floor":45,"gold_loss":0}],"is_beta":false,"boss_relics":[{"not_picked":["Black Star","Runic Dome"],"picked":"VioletLotus"},{"not_picked":["Velvet Choker","Cursed Key"],"picked":"Dota2Spire:RefresherOrb"}],"items_purged_floors":[10,28,46],"is_endless":false,"potions_floor_spawned":[3,12,13,16,18,21,22,39,42,45,48],"killed_by":"The Heart","ascension_level":20}}