{"host":"0c61l48zxvai1g68","time":1609650509,"event":{"mods":["2.2 Compatiblity","Act Like it!","Arknights The Spire","BaseMod","Challenge The Spire","Hallownest","HololiveMod","KinomotoSakuraMod(木之本樱)","KomeijiMod","Luminous","Minty Spire (QoL Compilation)","MostiFishMod","Prisma Mod","Quick Restart","Replay The Spire","RumiaBox-露米娅的神秘盒子","StSLib","The Alterego","The Animator","UnlockEverythingMod","Waifu the Spire","WarShipGirlsR/战舰少女R mod","Yakumo Yukari mod","【功能Mod】混沌之环修复补丁","【遗物卡牌】REMEMod"],"gold_per_floor":[132,132,132,132,151,151,170,184,208,208,208],"floor_reached":10,"playtime":1503,"items_purged":[],"score":58,"play_id":"53d40eb4-f83c-45a5-a628-603b10c0b2d1","local_time":"20210103130829","is_ascension_mode":false,"campfire_choices":[{"data":"WatchEChange_purple","floor":6,"key":"SMITH"}],"circlet_count":0,"master_deck":["AT_purpleEX","AT_purpleEX","AT_purpleEX","AT_purpleEX","Defend_purpleEX","Defend_purpleEX","Defend_purpleEX","Defend_purpleEX","Observe_purple_1","Observe_purple_2","Luminous:Freud_Wisdom1_Luminous+1","ExternalForce_HighSpeedFlying_purple","WatchEChange_purple+1","Yakumo_Ran_purple","Human_Monster_Realm_purple"],"relics":["Boundary_crack","Memoryfragments_purpleEX","DaveBox","REME_ComplimentaryCards","NeowsBlessing","SynthV:C4","SynthV:TestCard","Lantern"],"acts_visited":["Exordium"],"potions_floor_usage":[8],"damage_taken":[{"damage":0,"enemies":"Jaw Worm","floor":1,"turns":1},{"damage":0,"enemies":"2 Louse","floor":5,"turns":2},{"damage":0,"enemies":"Cultist","floor":7,"turns":1},{"damage":12,"enemies":"Large Slime","floor":8,"turns":8},{"damage":82,"enemies":"Gremlin Nob","floor":10,"turns":6}],"seed_played":"873049341382698370","potions_obtained":[{"floor":7,"key":"Elixir"},{"floor":8,"key":"EntropicBrew"}],"is_trial":false,"path_per_floor":["M","?","?","?","M","R","M","M","T","E"],"character_chosen":"Youkari","items_purchased":[],"campfire_rested":0,"item_purchase_floors":[],"current_hp_per_floor":[70,70,75,75,75,75,75,66,66,0,0],"gold":208,"neow_bonus":"THREE_ENEMY_KILL","is_daily":false,"chose_seed":false,"campfire_upgraded":1,"win_rate":0.0,"timestamp":1609650509,"path_taken":["M","?","?","?","M","R","M","M","T","E"],"items_purchased_type":[],"build_version":"2020-12-22","purchased_purges":0,"victory":false,"max_hp_per_floor":[70,70,75,75,75,75,75,75,75,75,75],"card_choices":[{"not_picked":["Erosivefilter_purple","Shallow_ocean_purpleEX"],"picked":"ExternalForce_HighSpeedFlying_purple","floor":1},{"not_picked":["SharpContractionReality_purple","MeetDecomposer_purple","ExternalForce_HighSpeedFlying_purple","PositiveMatter_Antimatter_Universe_purple"],"picked":"WatchEChange_purple","floor":5},{"not_picked":["StateErode_purple","AdvanceAttack_purple","SfantasyHide_purple","Erosivefilter_purple"],"picked":"Yakumo_Ran_purple","floor":7},{"not_picked":["Worldmountain_purple","MonsterNeedle_purple","SfantasyHide_purple","MeetDecomposer_purple"],"picked":"Human_Monster_Realm_purple","floor":8}],"player_experience":137174,"relics_obtained":[{"floor":1,"key":"SynthV:TestCard"},{"floor":9,"key":"Lantern"}],"event_choices":[{"damage_healed":0,"gold_gain":0,"player_choice":"Ignored","damage_taken":0,"max_hp_gain":0,"max_hp_loss":0,"event_name":"Golden Idol","floor":2,"gold_loss":0},{"damage_healed":0,"gold_gain":0,"player_choice":"Upgraded","damage_taken":0,"max_hp_gain":0,"max_hp_loss":0,"event_name":"Upgrade Shrine","floor":4,"gold_loss":0,"cards_upgraded":["Luminous:Freud_Wisdom1_Luminous"]}],"is_beta":false,"boss_relics":[],"items_purged_floors":[],"is_endless":false,"potions_floor_spawned":[7,8],"killed_by":"Gremlin Nob","ascension_level":0}}