{"host":"n900smz9wr3yo27a","time":1609687141,"event":{"mods":["Arknights The Spire","BaseMod","CapriCore","GungeonMod","Hermit","Koishi","Lobotomy","Marisa£¨Ùöéë¡¡Øª×âÞÞ£©","Minty Spire (QoL Compilation)","Prisma Mod","Replay The Spire","StSLib","Td1madao Mod","The Animator","The Bug Knight","The Cursed","The Dragon Tamer","The Gatherer","The Hierophant","The Immortal","The Jungle","The Necromancer","The Poker Player","The Runesmith","WarShipGirlsR/??á´Ò³R mod"],"gold_per_floor":[118,132,148,164,178,178,212,225,252,267,267,281,306,322,322,426,426,438,353,368,41,53,53,53,83,109,141,165,183,183,198,198,298,298,320,337,354,354,200,200,217,249,322,349,382,122,147,50,50,50],"floor_reached":51,"playtime":2345,"items_purged":["DemoMod:AWP","Normality","DemoMod:SAA+1"],"score":1095,"play_id":"6cadabd7-493d-447f-b34c-5e028bc7d4e5","local_time":"20210104001901","daily_mods":["Draft","Vintage","Heirloom","Time Dilation","Flight","DeadlyEvents","Elite Swarm"],"is_ascension_mode":false,"campfire_choices":[{"floor":6,"key":"REST"},{"floor":11,"key":"REST"},{"floor":15,"key":"REST"},{"data":"DemoMod:FinishedGun","floor":23,"key":"SMITH"},{"data":"DemoMod:ShadowBullets","floor":23,"key":"SMITH"},{"data":"DemoMod:ShadowBullets","floor":24,"key":"SMITH"},{"data":"DemoMod:HungryBullets","floor":24,"key":"SMITH"},{"floor":30,"key":"REST"},{"floor":32,"key":"RECALL"},{"data":"DemoMod:StickyCrossBow","floor":40,"key":"SMITH"},{"data":"DemoMod:TripleGun","floor":40,"key":"SMITH"},{"floor":49,"key":"REST"}],"circlet_count":0,"master_deck":["DemoMod:GunstockTap","DemoMod:SniperShot+1","DemoMod:TripleGun+1","DemoMod:MachoBrace","DemoMod:FastSwitch+1","DemoMod:ShadowBullets+1","DemoMod:Unmoved+1","DemoMod:HungryBullets+1","DemoMod:StrategicReserve","DemoMod:MachoBrace","DemoMod:StickyCrossBow+1","DemoMod:TeaPot+1","DemoMod:ShadowBullets+1","DemoMod:FinishedGun+1","DemoMod:BulletBore","DemoMod:MachoBrace","AbeCurse","DemoMod:HungryBullets+1","DemoMod:HungryBullets+1"],"relics":["DemoMod:Dog","replay:Trail_Library","Prayer Wheel","Matryoshka","Gremlin Food","Regal Pillow","Oddly Smooth Stone","Pantograph","Akabeko","ReplayTheSpireMod:TigerMarble","Dream Catcher","Vajra","Replay:Bottled Flurry","Happy Flower","Incense Burner","DemoMod:BlueGuonStone","Busted Crown","Quantum Egg","Replay:Arrowhead","Replay:WaspNest","DemoMod:OrangeGuonStone","Blue Doll","Ancient Tea Set","Nunchaku","White Beast Statue","DemoMod:PinkGuonStone","Toy Ornithopter","Abe\u0027s Treasure","DemoMod:MeltedRock","Singing Bowl","PreservedInsect","ReplayTheSpireMod:CursedCoin","Sundial","DemoMod:ClearGuonStone","Frozen Egg 2","Bag of Preparation","Orichalcum","Ornamental Fan","Smiling Mask"],"acts_visited":["Exordium","TheCity","TheBeyond"],"potions_floor_usage":[29],"damage_taken":[{"damage":11,"enemies":"Small Slimes","floor":1,"turns":7},{"damage":13,"enemies":"Jaw Worm","floor":2,"turns":4},{"damage":7,"enemies":"2 Louse","floor":3,"turns":3},{"damage":13,"enemies":"2 Fungi Beasts","floor":4,"turns":3},{"damage":19,"enemies":"Looter","floor":5,"turns":3},{"damage":33,"enemies":"3 Sentries","floor":7,"turns":6},{"damage":0,"enemies":"Exordium Thugs","floor":8,"turns":2},{"damage":0,"enemies":"2 Fungi Beasts","floor":10,"turns":1},{"damage":8,"enemies":"Looter","floor":12,"turns":2},{"damage":18,"enemies":"Lagavulin","floor":13,"turns":3},{"damage":4,"enemies":"3 Louse","floor":14,"turns":2},{"damage":15,"enemies":"The Guardian","floor":16,"turns":4},{"damage":0,"enemies":"Chosen","floor":18,"turns":1},{"damage":19,"enemies":"2 Thieves","floor":20,"turns":3},{"damage":0,"enemies":"Centurion and Healer","floor":22,"turns":3},{"damage":30,"enemies":"Slavers","floor":25,"turns":2},{"damage":0,"enemies":"Book of Stabbing","floor":27,"turns":2},{"damage":3,"enemies":"Chosen and Byrds","floor":28,"turns":2},{"damage":0,"enemies":"Cultist and Chosen","floor":29,"turns":2},{"damage":0,"enemies":"Snecko","floor":31,"turns":1},{"damage":0,"enemies":"Pondfish","floor":33,"turns":5},{"damage":0,"enemies":"Orb Walker","floor":35,"turns":1},{"damage":4,"enemies":"3 Shapes","floor":36,"turns":2},{"damage":0,"enemies":"Sphere and 2 Shapes","floor":37,"turns":3},{"damage":0,"enemies":"Maw","floor":41,"turns":4},{"damage":4,"enemies":"Giant Head","floor":42,"turns":4},{"damage":0,"enemies":"Reptomancer","floor":44,"turns":3},{"damage":0,"enemies":"Nemesis","floor":45,"turns":1},{"damage":0,"enemies":"Transient","floor":47,"turns":5},{"damage":1,"enemies":"Replay:Hell Engine","floor":50,"turns":3},{"damage":3,"enemies":"Malkuth","floor":51,"turns":9},{"damage":0,"enemies":"Netzach","floor":51,"turns":3},{"damage":0,"enemies":"Chesed","floor":51,"turns":4}],"seed_played":"631708754962450189","potions_obtained":[{"floor":3,"key":"Fire Potion"},{"floor":4,"key":"Elixir"},{"floor":7,"key":"Toxic Potion"},{"floor":8,"key":"LiquidBronze"},{"floor":29,"key":"AttackPotion"},{"floor":42,"key":"Languid Potion"}],"is_trial":true,"path_per_floor":["M","M","M","M","M","R","E","M","T","M","R","M","E","M","R","B",null,"M","?","M","$","M","R","R","E","T","E","M","M","R","M","R","B",null,"M","M","M","?","$","R","M","E","T","E","E","$","M","$","R","B",null],"character_chosen":"HUNTRESS","items_purchased":["Replay:WaspNest","PreservedInsect","DemoMod:HungryBullets+1","ReplayTheSpireMod:CursedCoin","Ornamental Fan","DemoMod:HungryBullets+1"],"campfire_rested":5,"item_purchase_floors":[21,39,39,39,46,48],"current_hp_per_floor":[59,46,39,26,7,43,10,10,10,10,46,38,20,16,52,55,70,70,70,51,51,51,51,51,21,21,21,18,25,63,63,63,77,77,77,73,73,75,75,75,75,73,73,75,77,77,77,77,87,86],"gold":50,"neow_bonus":"","is_daily":false,"chose_seed":false,"campfire_upgraded":6,"win_rate":0.0,"timestamp":1609687141,"path_taken":["M","M","M","M","M","R","E","M","T","M","R","M","E","M","R","BOSS","M","?","M","$","M","R","R","E","T","E","M","?","R","M","R","BOSS","M","M","M","?","$","R","M","E","T","E","E","$","M","$","R","BOSS"],"items_purchased_type":["Relic","Relic","Card","Relic","Relic","Card"],"build_version":"2020-12-22","purchased_purges":3,"victory":true,"max_hp_per_floor":[70,70,70,70,70,70,70,70,70,70,70,70,70,70,70,70,70,70,70,70,70,70,70,70,70,70,70,70,77,77,77,77,77,77,77,77,77,79,79,79,79,81,81,83,85,85,85,85,87,87],"card_choices":[{"not_picked":["DemoMod:FastSwitch","DemoMod:JK47"],"picked":"DemoMod:GunstockTap","floor":0},{"not_picked":["DemoMod:SkilledReload","DemoMod:Ejector"],"picked":"DemoMod:SAA","floor":0},{"not_picked":["DemoMod:TripleGun","DemoMod:GunstockTap"],"picked":"DemoMod:SniperShot","floor":0},{"not_picked":["DemoMod:HuntsMan","DemoMod:DoubleSwitch"],"picked":"DemoMod:TripleGun","floor":0},{"not_picked":["DemoMod:BoxingGlove","DemoMod:RadGun"],"picked":"DemoMod:MachoBrace","floor":0},{"not_picked":["DemoMod:Unmoved","DemoMod:Casey"],"picked":"DemoMod:DirectionalPad","floor":0},{"not_picked":["DemoMod:Ejector","DemoMod:LifeOrb"],"picked":"DemoMod:FastSwitch","floor":0},{"not_picked":["DemoMod:SkilledReload","DemoMod:SAA"],"picked":"DemoMod:AWP","floor":0},{"not_picked":["DemoMod:Casey","DemoMod:BoxingGlove"],"picked":"DemoMod:ShadowBullets","floor":0},{"not_picked":["DemoMod:BoxingGlove","DemoMod:HuntsMan"],"picked":"DemoMod:Unmoved","floor":0},{"not_picked":["DemoMod:DirectionalPad","DemoMod:Purify"],"picked":"DemoMod:HungryBullets","floor":0},{"not_picked":["DemoMod:TableSutra","DemoMod:Camera"],"picked":"DemoMod:StrategicReserve","floor":0},{"not_picked":["DemoMod:CursedBullets","DemoMod:Replace"],"picked":"DemoMod:MachoBrace","floor":0},{"not_picked":["DemoMod:ChanceBullets","DemoMod:HungryBullets"],"picked":"DemoMod:StickyCrossBow","floor":0},{"not_picked":["DemoMod:StickyCrossBow","DemoMod:Unmoved"],"picked":"DemoMod:TeaPot","floor":0},{"not_picked":["DemoMod:PotionOfGunFriendShip","DemoMod:TeaPot"],"picked":"DemoMod:ShadowBullets","floor":1},{"not_picked":["DemoMod:FightSabre","DemoMod:Eureka"],"picked":"DemoMod:FinishedGun","floor":7},{"not_picked":["DemoMod:DarkMarker","DemoMod:FightSabre","DemoMod:FullFirepower"],"picked":"SKIP","floor":13},{"not_picked":["DemoMod:DarkMarker","DemoMod:FightSabre","DemoMod:FullFirepower"],"picked":"SKIP","floor":13},{"not_picked":["DemoMod:FullFirepower","DemoMod:Gungine"],"picked":"DemoMod:BulletBore","floor":16},{"not_picked":["DemoMod:BSG"],"picked":"SKIP","floor":25},{"not_picked":["DemoMod:BalloonGun"],"picked":"SKIP","floor":27},{"not_picked":["Enlightenment"],"picked":"Singing Bowl","floor":38},{"not_picked":["DemoMod:SuppressiveFire"],"picked":"Singing Bowl","floor":42},{"not_picked":["DemoMod:GunslingerForm+1"],"picked":"Singing Bowl","floor":44},{"not_picked":["DemoMod:Elimentaler"],"picked":"Singing Bowl","floor":45},{"not_picked":["DemoMod:Ejector+1"],"picked":"Singing Bowl","floor":49}],"player_experience":779465,"relics_obtained":[{"floor":1,"key":"Matryoshka"},{"floor":2,"key":"Gremlin Food"},{"floor":3,"key":"Regal Pillow"},{"floor":4,"key":"Oddly Smooth Stone"},{"floor":5,"key":"Pantograph"},{"floor":7,"key":"Akabeko"},{"floor":8,"key":"ReplayTheSpireMod:TigerMarble"},{"floor":9,"key":"Dream Catcher"},{"floor":9,"key":"Vajra"},{"floor":10,"key":"Replay:Bottled Flurry"},{"floor":12,"key":"Happy Flower"},{"floor":13,"key":"Incense Burner"},{"floor":14,"key":"DemoMod:BlueGuonStone"},{"floor":18,"key":"Quantum Egg"},{"floor":22,"key":"DemoMod:OrangeGuonStone"},{"floor":25,"key":"Blue Doll"},{"floor":26,"key":"Ancient Tea Set"},{"floor":27,"key":"Nunchaku"},{"floor":28,"key":"White Beast Statue"},{"floor":29,"key":"DemoMod:PinkGuonStone"},{"floor":31,"key":"Toy Ornithopter"},{"floor":35,"key":"DemoMod:MeltedRock"},{"floor":36,"key":"Singing Bowl"},{"floor":41,"key":"Sundial"},{"floor":42,"key":"DemoMod:ClearGuonStone"},{"floor":43,"key":"Frozen Egg 2"},{"floor":44,"key":"Bag of Preparation"},{"floor":45,"key":"Orichalcum"},{"floor":47,"key":"Smiling Mask"}],"event_choices":[{"damage_healed":0,"gold_gain":0,"player_choice":"Obtained Relic","damage_taken":0,"relics_obtained":["Replay:Arrowhead"],"max_hp_gain":0,"max_hp_loss":0,"event_name":"Addict","floor":19,"gold_loss":85},{"damage_healed":0,"gold_gain":0,"player_choice":"Memory 1","damage_taken":0,"max_hp_gain":0,"max_hp_loss":0,"event_name":"SensoryStone","floor":38,"gold_loss":0}],"is_beta":false,"boss_relics":[{"not_picked":["Tiny House","Black Star"],"picked":"Busted Crown"},{"not_picked":["Philosopher\u0027s Stone","Snecko Eye"],"picked":"Abe\u0027s Treasure"}],"items_purged_floors":[21,39,48],"is_endless":false,"potions_floor_spawned":[3,4,7,8,10,14,16,20,22,25,29,31,33,35,36,37,41,42,44,45,47,51,51,51],"ascension_level":0}}