{"host":"y7sd46uq4xlni546","time":1609701776,"event":{"mods":["AchievementEnabler","BaseMod","Colored Map","Colored Powertips","Curses Come First","Filter the Spire","Minty Spire (QoL Compilation)","Quick Restart","Random Character Button","Rare Cards Sparkle","StSLib"],"gold_per_floor":[110,125,125,125,145,173,173,207,232,248,263,283,21,31,31,129,129,143,242,242,167,92,92,103,103,103,130,130,147,147,159,159,159,159],"floor_reached":33,"playtime":1381,"items_purged":["Defend_R"],"score":352,"play_id":"83af1a39-3dfe-4384-8b55-248912bb0cb1","local_time":"20210103202256","is_ascension_mode":false,"campfire_choices":[{"data":"Shrug It Off","floor":7,"key":"SMITH"},{"data":"Barricade","floor":15,"key":"SMITH"},{"floor":23,"key":"REST"},{"data":"Shrug It Off","floor":25,"key":"SMITH"},{"floor":32,"key":"REST"}],"circlet_count":0,"master_deck":["Strike_R","Strike_R","Strike_R","Strike_R","Strike_R","Defend_R","Defend_R","Bash","CurseOfTheBell","Feed","Shrug It Off+1","Infernal Blade","Shrug It Off+1","Barricade+1","Double Tap"],"relics":["Calling Bell","Akabeko","Shuriken","Dead Branch","Lantern","Ancient Tea Set","Matryoshka","Dream Catcher","Paper Frog","Molten Egg 2","Sozu","CeramicFish","Du-Vu Doll","Ornamental Fan","MutagenicStrength"],"acts_visited":["Exordium","TheCity"],"potions_floor_usage":[8,16],"damage_taken":[{"damage":11,"enemies":"Jaw Worm","floor":1,"turns":3},{"damage":0,"enemies":"Small Slimes","floor":2,"turns":2},{"damage":1,"enemies":"Cultist","floor":5,"turns":3},{"damage":0,"enemies":"Gremlin Nob","floor":6,"turns":2},{"damage":12,"enemies":"3 Sentries","floor":8,"turns":8},{"damage":6,"enemies":"Exordium Thugs","floor":10,"turns":5},{"damage":0,"enemies":"2 Fungi Beasts","floor":11,"turns":3},{"damage":3,"enemies":"Exordium Wildlife","floor":12,"turns":5},{"damage":0,"enemies":"Blue Slaver","floor":14,"turns":1},{"damage":30,"enemies":"Hexaghost","floor":16,"turns":12},{"damage":13,"enemies":"Shell Parasite","floor":18,"turns":7},{"damage":10,"enemies":"Spheric Guardian","floor":24,"turns":5},{"damage":45,"enemies":"Slavers","floor":27,"turns":8},{"damage":1,"enemies":"Cultist and Chosen","floor":29,"turns":6},{"damage":46,"enemies":"3 Cultists","floor":31,"turns":9},{"damage":60,"enemies":"Champ","floor":33,"turns":13}],"seed_played":"-6684107342529016640","potions_obtained":[{"floor":1,"key":"Swift Potion"},{"floor":5,"key":"LiquidBronze"},{"floor":6,"key":"Fire Potion"},{"floor":10,"key":"SmokeBomb"}],"is_trial":false,"path_per_floor":["M","M","?","?","M","E","R","E","T","M","M","M","$","M","R","B",null,"M","?","?","$","?","R","M","R","T","E","?","M","?","M","R","B"],"character_chosen":"IRONCLAD","items_purchased":["Molten Egg 2"],"campfire_rested":2,"item_purchase_floors":[13],"current_hp_per_floor":[69,72,77,77,79,79,79,73,73,70,73,73,73,73,73,43,106,96,96,96,96,96,109,102,102,102,60,60,62,62,19,55,0,0],"gold":159,"neow_bonus":"BOSS_RELIC","is_daily":false,"chose_seed":false,"campfire_upgraded":3,"win_rate":0.0,"timestamp":1609701776,"path_taken":["M","M","?","?","M","E","R","E","T","M","?","M","$","M","R","BOSS","M","?","?","?","?","R","?","R","T","E","?","?","?","M","R","BOSS"],"items_purchased_type":["Relic"],"build_version":"2020-12-22","purchased_purges":1,"victory":false,"max_hp_per_floor":[80,83,88,88,91,91,91,97,97,100,103,106,106,106,106,106,106,109,109,109,109,109,109,112,112,112,115,115,118,118,121,121,121,121],"card_choices":[{"not_picked":["Cleave","Headbutt"],"picked":"Feed","floor":1},{"not_picked":["Thunderclap","Seeing Red"],"picked":"Shrug It Off","floor":2},{"not_picked":["Intimidate","Uppercut"],"picked":"Infernal Blade","floor":5},{"not_picked":["Corruption","Havoc"],"picked":"Shrug It Off","floor":6},{"not_picked":["Heavy Blade","True Grit"],"picked":"Barricade","floor":8},{"not_picked":["Sword Boomerang","Thunderclap","Twin Strike"],"picked":"SKIP","floor":10},{"not_picked":["Flex","Sword Boomerang","Inflame"],"picked":"SKIP","floor":11},{"not_picked":["Rampage","Wild Strike","Iron Wave"],"picked":"SKIP","floor":12},{"not_picked":["Intimidate","Rampage+1","Heavy Blade+1"],"picked":"SKIP","floor":14},{"not_picked":["Limit Break","Demon Form"],"picked":"Double Tap","floor":16},{"not_picked":["Wild Strike+1","Anger+1","Sword Boomerang+1"],"picked":"SKIP","floor":18},{"not_picked":["True Grit","Rupture","Sword Boomerang+1"],"picked":"SKIP","floor":24},{"not_picked":["Cleave+1","Seeing Red","Sentinel+1"],"picked":"SKIP","floor":27},{"not_picked":["Fire Breathing","Clash+1","Perfected Strike+1"],"picked":"SKIP","floor":29},{"not_picked":["Anger+1","Clothesline+1","Fire Breathing"],"picked":"SKIP","floor":31}],"player_experience":592361,"relics_obtained":[{"floor":0.0,"key":"Akabeko"},{"floor":0.0,"key":"Shuriken"},{"floor":0.0,"key":"Dead Branch"},{"floor":6,"key":"Ancient Tea Set"},{"floor":8,"key":"Matryoshka"},{"floor":9,"key":"Dream Catcher"},{"floor":9,"key":"Paper Frog"},{"floor":26,"key":"CeramicFish"},{"floor":26,"key":"Du-Vu Doll"},{"floor":27,"key":"Ornamental Fan"}],"event_choices":[{"damage_healed":0,"gold_gain":0,"player_choice":"Donut","damage_taken":0,"max_hp_gain":5,"max_hp_loss":0,"event_name":"Big Fish","floor":3,"gold_loss":0},{"damage_healed":0,"gold_gain":0,"player_choice":"Gave Potion","damage_taken":0,"relics_obtained":["Lantern"],"max_hp_gain":0,"max_hp_loss":0,"event_name":"WeMeetAgain","floor":4,"gold_loss":0},{"damage_healed":0,"gold_gain":99,"player_choice":"Stole From Cult","damage_taken":0,"max_hp_gain":0,"max_hp_loss":0,"event_name":"Nest","floor":19,"gold_loss":0},{"damage_healed":0,"gold_gain":0,"player_choice":"Ignored","damage_taken":0,"max_hp_gain":0,"max_hp_loss":0,"event_name":"Ghosts","floor":20,"gold_loss":0},{"cards_removed":["Defend_R"],"damage_healed":0,"gold_gain":0,"player_choice":"Gave Gold","damage_taken":0,"max_hp_gain":0,"max_hp_loss":0,"event_name":"Beggar","floor":22,"gold_loss":75},{"damage_healed":0,"gold_gain":0,"player_choice":"0 cards matched","damage_taken":0,"max_hp_gain":0,"max_hp_loss":0,"event_name":"Match and Keep!","floor":28,"gold_loss":0,"cards_obtained":[]},{"damage_healed":0,"gold_gain":0,"player_choice":"Inject Mutagens","damage_taken":0,"relics_obtained":["MutagenicStrength"],"max_hp_gain":0,"max_hp_loss":0,"event_name":"Drug Dealer","floor":30,"gold_loss":0}],"is_beta":false,"boss_relics":[{"not_picked":["SlaversCollar","Velvet Choker"],"picked":"Sozu"}],"items_purged_floors":[21],"is_endless":false,"potions_floor_spawned":[1,5,6,10,29,31],"killed_by":"Champ","ascension_level":0}}