{"host":"ty2cix8xj6r3ad26","time":1609709804,"event":{"mods":["AchievementEnabler","BaseMod","BetterRewards","Minty Spire (QoL Compilation)","StSLib","SuperFastMode"],"gold_per_floor":[116,116,127,137,15,15,15,15,15,15,50,69,89,106,106,210,210,224,259,276,49,49,78,78,90,90,90,124,142,142,170,170,271,271,291,513,326,341,23,48,63,63,143,143,156,156,188,201,201,201],"floor_reached":51,"playtime":3076,"items_purged":["Strike_B","Strike_B","Strike_B","Strike_B"],"score":1159,"play_id":"8439c69c-6f48-4c5e-a2e9-34e72ec06714","local_time":"20210103233644","is_ascension_mode":true,"campfire_choices":[{"data":"Zap","floor":6,"key":"SMITH"},{"data":"Conserve Battery","floor":8,"key":"SMITH"},{"data":"Dualcast","floor":10,"key":"SMITH"},{"data":"Biased Cognition","floor":15,"key":"SMITH"},{"data":"Creative AI","floor":24,"key":"SMITH"},{"data":"RitualDagger","floor":27,"key":"SMITH"},{"data":"Storm","floor":30,"key":"SMITH"},{"data":"Capacitor","floor":32,"key":"SMITH"},{"data":"Echo Form","floor":42,"key":"SMITH"},{"data":"Amplify","floor":44,"key":"SMITH"},{"floor":46,"key":"RECALL"},{"data":"Force Field","floor":49,"key":"SMITH"}],"circlet_count":0,"master_deck":["Defend_B","Defend_B","Defend_B","Zap+1","Dualcast+1","Conserve Battery+1","Capacitor+1","Cold Snap","Machine Learning+1","Coolheaded","Biased Cognition+1","Creative AI+1","Barrage+1","Leap+1","RitualDagger+1","Force Field+1","Storm+1","Amplify+1","Master of Strategy","Echo Form+1","Capacitor+1","Parasite"],"relics":["Cracked Core","StoneCalendar","Centennial Puzzle","Membership Card","Lantern","MealTicket","Blood Vial","Gambling Chip","Question Card","Nuclear Battery","Red Mask","Bird Faced Urn","Anchor","Calipers","Mercury Hourglass","Vajra","DataDisk","Busted Crown","Akabeko","Strawberry","Nunchaku","Ornamental Fan","Happy Flower"],"acts_visited":["Exordium","TheCity","TheBeyond"],"potions_floor_usage":[11,16,19,19,25,28,33,40,40,40,47,47,50],"damage_taken":[{"damage":1,"enemies":"Cultist","floor":1,"turns":3},{"damage":0,"enemies":"2 Louse","floor":3,"turns":3},{"damage":2,"enemies":"Small Slimes","floor":4,"turns":3},{"damage":8,"enemies":"3 Sentries","floor":11,"turns":5},{"damage":1,"enemies":"Looter","floor":12,"turns":3},{"damage":1,"enemies":"Exordium Thugs","floor":13,"turns":5},{"damage":0,"enemies":"3 Louse","floor":14,"turns":2},{"damage":6,"enemies":"Hexaghost","floor":16,"turns":11},{"damage":0,"enemies":"Spheric Guardian","floor":18,"turns":4},{"damage":20,"enemies":"Masked Bandits","floor":19,"turns":3},{"damage":3,"enemies":"Chosen","floor":20,"turns":3},{"damage":20,"enemies":"Slavers","floor":23,"turns":4},{"damage":0,"enemies":"3 Cultists","floor":25,"turns":5},{"damage":23,"enemies":"Gremlin Leader","floor":28,"turns":6},{"damage":6,"enemies":"Snake Plant","floor":29,"turns":3},{"damage":4,"enemies":"Slavers","floor":31,"turns":3},{"damage":0,"enemies":"Collector","floor":33,"turns":6},{"damage":4,"enemies":"3 Darklings","floor":35,"turns":3},{"damage":0,"enemies":"3 Shapes","floor":38,"turns":2},{"damage":8,"enemies":"Reptomancer","floor":40,"turns":4},{"damage":0,"enemies":"3 Darklings","floor":41,"turns":3},{"damage":3,"enemies":"Maw","floor":45,"turns":3},{"damage":0,"enemies":"Nemesis","floor":47,"turns":3},{"damage":0,"enemies":"Writhing Mass","floor":48,"turns":3},{"damage":0,"enemies":"Donu and Deca","floor":50,"turns":4}],"seed_played":"-3525967256514134728","potions_obtained":[{"floor":3,"key":"Explosive Potion"},{"floor":4,"key":"Block Potion"},{"floor":13,"key":"EssenceOfSteel"},{"floor":16,"key":"Swift Potion"},{"floor":23,"key":"DuplicationPotion"},{"floor":25,"key":"Regen Potion"},{"floor":29,"key":"FearPotion"},{"floor":31,"key":"Weak Potion"},{"floor":33,"key":"SteroidPotion"},{"floor":40,"key":"Dexterity Potion"},{"floor":48,"key":"SneckoOil"}],"is_trial":false,"path_per_floor":["M","?","M","M","$","R","?","R","T","R","E","M","M","M","R","B",null,"M","?","M","$","?","E","R","M","T","R","E","M","R","E","R","B",null,"M","?","$","M","$","E","M","R","T","R","M","R","E","M","R","B",null],"character_chosen":"DEFECT","items_purchased":["Centennial Puzzle","Conserve Battery","Membership Card","Lantern","MealTicket","Blood Vial","Bird Faced Urn","Anchor","Akabeko","EntropicBrew","Strawberry","Master of Strategy","Nunchaku"],"campfire_rested":0,"item_purchase_floors":[0,0,0,0,0,5,21,21,37,37,39,39,39],"current_hp_per_floor":[32,32,32,30,45,45,45,45,45,45,39,40,41,43,43,39,66,68,50,49,64,58,50,50,64,64,64,69,75,75,75,75,75,75,75,75,75,75,82,76,82,82,82,82,82,82,82,82,82,82],"gold":201,"neow_bonus":"","is_daily":false,"chose_seed":false,"campfire_upgraded":11,"win_rate":0.0,"timestamp":1609709804,"path_taken":["M","?","?","M","$","R","?","R","T","R","E","M","M","?","R","BOSS","M","?","M","$","?","E","R","M","T","R","E","M","R","E","R","BOSS","M","?","?","M","$","E","M","R","T","R","M","R","E","M","R","BOSS"],"items_purchased_type":["Relic","Card","Relic","Relic","Relic","Relic","Relic","Relic","Relic","Potion","Relic","Card","Relic"],"build_version":"2020-12-22","purchased_purges":4,"victory":true,"max_hp_per_floor":[75,75,75,75,75,75,75,75,75,75,75,75,75,75,75,75,75,75,75,75,75,75,75,75,75,75,75,75,75,75,75,75,75,75,75,75,75,75,82,82,82,82,82,82,82,82,82,82,82,82],"card_choices":[{"not_picked":["Ball Lightning","Stack"],"picked":"Capacitor","floor":1},{"not_picked":["Aggregate","Conserve Battery"],"picked":"Cold Snap","floor":3},{"not_picked":["Barrage","Conserve Battery"],"picked":"Machine Learning","floor":4},{"not_picked":["Conserve Battery","Stack"],"picked":"Coolheaded","floor":11},{"not_picked":["Steam","Static Discharge","Streamline"],"picked":"Biased Cognition","floor":12},{"not_picked":["Hologram","Compile Driver","Tempest","Turbo"],"picked":"SKIP","floor":13},{"not_picked":["Auto Shields","Beam Cell","Skim","Undo"],"picked":"SKIP","floor":14},{"not_picked":["Thunder Strike","Rainbow","Machine Learning"],"picked":"Creative AI","floor":16},{"not_picked":["Cold Snap+1","Stack","Recycle+1"],"picked":"Barrage+1","floor":18},{"not_picked":["Reprogram+1","Auto Shields","Steam+1"],"picked":"Leap+1","floor":20},{"not_picked":["Beam Cell","Turbo+1","Barrage"],"picked":"Force Field","floor":23},{"not_picked":["Reprogram","Steam+1","Steam Power","Static Discharge"],"picked":"SKIP","floor":25},{"not_picked":["Stack","Rebound+1","Streamline+1"],"picked":"Storm","floor":28},{"not_picked":["Doom and Gloom","Leap+1","Beam Cell","Ball Lightning"],"picked":"SKIP","floor":29},{"not_picked":["Auto Shields","Leap+1","Compile Driver","Steam"],"picked":"SKIP","floor":31},{"not_picked":["Thunder Strike","Multi-Cast","Rainbow"],"picked":"Amplify","floor":33},{"not_picked":["Static Discharge+1","Redo"],"picked":"SKIP","floor":35},{"not_picked":["Leap","Hologram"],"picked":"SKIP","floor":38},{"not_picked":["Coolheaded"],"picked":"Echo Form","floor":40},{"not_picked":["Stack","Ball Lightning+1"],"picked":"SKIP","floor":41},{"not_picked":["Beam Cell","Sunder+1"],"picked":"SKIP","floor":45},{"not_picked":["Undo"],"picked":"Capacitor+1","floor":47},{"not_picked":["Genetic Algorithm+1","Beam Cell"],"picked":"SKIP","floor":48}],"player_experience":403443,"relics_obtained":[{"floor":9,"key":"Gambling Chip"},{"floor":11,"key":"Question Card"},{"floor":19,"key":"Red Mask"},{"floor":23,"key":"Calipers"},{"floor":26,"key":"Mercury Hourglass"},{"floor":28,"key":"Vajra"},{"floor":31,"key":"DataDisk"},{"floor":40,"key":"Ornamental Fan"},{"floor":47,"key":"Happy Flower"}],"event_choices":[{"cards_removed":["Defend_B"],"damage_healed":0,"gold_gain":0,"player_choice":"Offered Basic","damage_taken":0,"max_hp_gain":0,"max_hp_loss":0,"event_name":"Bonfire Elementals","floor":2,"gold_loss":0},{"damage_healed":0,"gold_gain":0,"player_choice":"Upgraded","damage_taken":0,"max_hp_gain":0,"max_hp_loss":0,"event_name":"Upgrade Shrine","floor":7,"gold_loss":0,"cards_upgraded":["Machine Learning"]},{"damage_healed":0,"gold_gain":0,"player_choice":"Fought Bandits","damage_taken":0,"max_hp_gain":0,"max_hp_loss":0,"event_name":"Masked Bandits","floor":19,"gold_loss":0},{"damage_healed":0,"gold_gain":0,"player_choice":"Joined the Cult","damage_taken":6,"max_hp_gain":0,"max_hp_loss":0,"event_name":"Nest","floor":22,"gold_loss":0,"cards_obtained":["RitualDagger"]},{"damage_healed":0,"gold_gain":222,"player_choice":"Wore Mask","damage_taken":0,"max_hp_gain":0,"max_hp_loss":0,"event_name":"Tomb of Lord Red Mask","floor":36,"gold_loss":0}],"is_beta":false,"boss_relics":[{"not_picked":["Pandora\u0027s Box","Calling Bell"],"picked":"Nuclear Battery"},{"not_picked":["Fusion Hammer","Astrolabe"],"picked":"Busted Crown"}],"items_purged_floors":[0,5,37,39],"is_endless":false,"potions_floor_spawned":[3,4,13,16,23,25,29,31,33,40,48],"ascension_level":7}}