{"host":"j0vzbnzm6n2ctevn","time":1609666507,"event":{"mods":["AchievementEnabler","BaseMod","Minty Spire (QoL Compilation)","Quick Restart","Shop Mod","Spicy Shops","StSLib"],"gold_per_floor":[110,125,56,66,83,83,110,110,135,155,155,173,187,218,218,317,317,337,24,41,59,59,59,72,72,72,88,88,88,188,113,113,113,113],"floor_reached":33,"playtime":1298,"items_purged":["Bash"],"score":259,"play_id":"7570e61e-4311-45c7-9df2-8ac77db9d939","local_time":"20210103173507","is_ascension_mode":false,"campfire_choices":[{"data":"Armaments","floor":6.0,"key":"SMITH"},{"data":"Infernal Blade","floor":8.0,"key":"SMITH"},{"floor":11.0,"key":"REST"},{"data":"Pommel Strike","floor":15.0,"key":"SMITH"},{"floor":23.0,"key":"REST"},{"data":"Apotheosis","floor":25.0,"key":"SMITH"},{"data":"Searing Blow+1","floor":28.0,"key":"SMITH"},{"data":"Searing Blow+2","floor":32.0,"key":"SMITH"}],"circlet_count":0,"master_deck":["Strike_R+1","Strike_R","Defend_R","Defend_R","Defend_R","Defend_R","Inflame","Headbutt","Searing Blow+3","Infernal Blade+1","Armaments+1","Pommel Strike+1","Feed","Juggernaut","Shrug It Off","Apotheosis+1","Armaments","Necronomicurse","Shrug It Off+1"],"relics":["Burning Blood","NeowsBlessing","Art of War","Membership Card","MerchantsRug","Necronomicon","Eternal Feather","Ice Cream","Bottled Lightning"],"acts_visited":["Exordium","TheCity"],"potions_floor_usage":[],"damage_taken":[{"damage":0.0,"enemies":"Cultist","floor":1.0,"turns":1.0},{"damage":0.0,"enemies":"Small Slimes","floor":2.0,"turns":1.0},{"damage":0.0,"enemies":"Jaw Worm","floor":4.0,"turns":1.0},{"damage":24.0,"enemies":"Large Slime","floor":5.0,"turns":5.0},{"damage":40.0,"enemies":"Lagavulin","floor":7.0,"turns":6.0},{"damage":0.0,"enemies":"Looter","floor":10.0,"turns":3.0},{"damage":9.0,"enemies":"Blue Slaver","floor":12.0,"turns":3.0},{"damage":1.0,"enemies":"3 Louse","floor":13.0,"turns":4.0},{"damage":18.0,"enemies":"3 Sentries","floor":14.0,"turns":5.0},{"damage":42.0,"enemies":"The Guardian","floor":16.0,"turns":10.0},{"damage":10.0,"enemies":"Spheric Guardian","floor":18.0,"turns":3.0},{"damage":5.0,"enemies":"Chosen","floor":20.0,"turns":3.0},{"damage":51.0,"enemies":"Sentry and Sphere","floor":21.0,"turns":6.0},{"damage":14.0,"enemies":"Snecko","floor":24.0,"turns":6.0},{"damage":24.0,"enemies":"Snake Plant","floor":27.0,"turns":3.0},{"damage":15.0,"enemies":"Colosseum Slavers","floor":30.0,"turns":3.0},{"damage":10.0,"enemies":"Colosseum Nobs","floor":30.0,"turns":3.0},{"damage":54,"enemies":"Automaton","floor":33,"turns":8}],"seed_played":"6222084945228985066","potions_obtained":[{"floor":4.0,"key":"BlessingOfTheForge"},{"floor":5.0,"key":"Swift Potion"},{"floor":7.0,"key":"DistilledChaos"},{"floor":14.0,"key":"SkillPotion"},{"floor":16.0,"key":"Block Potion"},{"floor":18.0,"key":"LiquidMemories"},{"floor":21.0,"key":"SkillPotion"},{"floor":24.0,"key":"Regen Potion"}],"is_trial":false,"path_per_floor":["M","M","$","M","M","R","E","R","T","M","R","M","M","E","R","B",null,"M","$","M","M","?","R","M","R","T","M","R","?","?","?","R","B"],"character_chosen":"IRONCLAD","items_purchased":["Searing Blow","Membership Card","MerchantsRug","Apotheosis"],"campfire_rested":2,"item_purchase_floors":[3,19,19,19],"current_hp_per_floor":[80,80,80,80,62,62,28,28,28,34,58,55,60,48,48,12,80,79,79,80,35,19,43,35,35,35,22,31,58,45,45,54,0,0],"gold":113,"neow_bonus":"THREE_ENEMY_KILL","is_daily":false,"chose_seed":false,"campfire_upgraded":6,"win_rate":0.0,"timestamp":1609666507,"path_taken":["M","M","?","?","M","R","E","R","T","M","R","M","M","E","R","BOSS","M","$","M","M","?","R","M","R","T","M","R","?","?","?","R","BOSS"],"items_purchased_type":["Card","Relic","Relic","Card"],"build_version":"2020-12-22","purchased_purges":1,"victory":false,"max_hp_per_floor":[80,80,80,80,80,80,80,80,80,80,80,80,80,80,80,80,80,83,83,83,83,83,83,83,83,83,83,83,83,83,83,83,83,83],"card_choices":[{"not_picked":["Flex","Feel No Pain"],"picked":"Inflame","floor":1.0},{"not_picked":["Feel No Pain","Clothesline"],"picked":"Headbutt","floor":2.0},{"not_picked":["Dropkick","Whirlwind"],"picked":"Infernal Blade","floor":4.0},{"not_picked":["Iron Wave","Shrug It Off"],"picked":"Armaments","floor":5.0},{"not_picked":["Sword Boomerang","Rampage","Disarm"],"picked":"SKIP","floor":7.0},{"not_picked":["Pummel","Dark Embrace","Havoc"],"picked":"SKIP","floor":10.0},{"not_picked":["Intimidate","Heavy Blade"],"picked":"Pommel Strike","floor":12.0},{"not_picked":["Burning Pact","Uppercut"],"picked":"Feed","floor":13.0},{"not_picked":["Wild Strike","Body Slam","Twin Strike"],"picked":"SKIP","floor":14.0},{"not_picked":["Limit Break","Barricade"],"picked":"Juggernaut","floor":16.0},{"not_picked":["Disarm+1","Pummel"],"picked":"Shrug It Off","floor":18.0},{"not_picked":["Body Slam","Clothesline"],"picked":"Armaments","floor":20.0},{"not_picked":["Cleave","Clothesline","Heavy Blade+1"],"picked":"SKIP","floor":21.0},{"not_picked":["Pummel","Rage","Clothesline"],"picked":"SKIP","floor":24.0},{"not_picked":["Ghostly Armor","Inflame","Infernal Blade"],"picked":"SKIP","floor":27.0},{"not_picked":["Perfected Strike+1","Immolate"],"picked":"Shrug It Off+1","floor":30.0}],"player_experience":104657,"relics_obtained":[{"floor":7.0,"key":"Whetstone"},{"floor":14.0,"key":"Art of War"},{"floor":22.0,"key":"Necronomicon"},{"floor":26.0,"key":"Eternal Feather"},{"floor":30.0,"key":"Ice Cream"},{"floor":30.0,"key":"Bottled Lightning"}],"event_choices":[{"damage_healed":0.0,"max_hp_gain":0.0,"max_hp_loss":0.0,"gold_gain":0.0,"event_name":"Cursed Tome","player_choice":"Obtained Book","floor":22.0,"gold_loss":0.0,"damage_taken":16.0},{"damage_healed":27.0,"max_hp_gain":0.0,"max_hp_loss":0.0,"gold_gain":0.0,"event_name":"The Library","player_choice":"Heal","floor":29.0,"gold_loss":0.0,"damage_taken":0.0},{"damage_healed":0.0,"max_hp_gain":0.0,"max_hp_loss":0.0,"gold_gain":0.0,"event_name":"Colosseum","player_choice":"Fight","floor":30.0,"gold_loss":0.0,"damage_taken":0.0},{"damage_healed":0.0,"max_hp_gain":0.0,"max_hp_loss":0.0,"gold_gain":0.0,"event_name":"Colosseum","player_choice":"Fought Nobs","floor":30.0,"gold_loss":0.0,"damage_taken":0.0},{"cards_removed":["Strike_R"],"damage_healed":0.0,"max_hp_gain":0.0,"max_hp_loss":0.0,"gold_gain":0.0,"event_name":"Beggar","player_choice":"Gave Gold","floor":31.0,"gold_loss":75.0,"damage_taken":0.0}],"is_beta":false,"boss_relics":[{"not_picked":["Cursed Key","Runic Cube"],"picked":"Empty Cage"}],"items_purged_floors":[19],"is_endless":false,"potions_floor_spawned":[4,5,7,12,14,16,18,21,24],"killed_by":"Automaton","ascension_level":0}}