{"host":"gkp57zoegrd3f2ij","time":1609703035,"event":{"mods":["BaseMod","Colored Map","Colored Powertips","Downfall","Minty Spire (QoL Compilation)","StSLib"],"gold_per_floor":[117,136,93,104,204,235,252,270,319,319,333,359,359,369,369,466,466,480,98,114,114,128,158,158,158,158,169,169,187,87,103,103,203,203,220,220,236,251,266,266,280,299,299,299,279,299,315,327,327,327,327],"floor_reached":50,"playtime":4119,"items_purged":["Strike_B","Defend_B"],"score":533,"play_id":"06d55dd6-03cd-4c2d-8cfb-64f6dcba136b","local_time":"20210103204355","is_ascension_mode":true,"campfire_choices":[{"floor":10.0,"key":"REST"},{"floor":13.0,"key":"REST"},{"floor":15.0,"key":"REST"},{"data":"Echo Form","floor":24.0,"key":"SMITH"},{"data":"Zap","floor":28.0,"key":"SMITH"},{"floor":32.0,"key":"REST"},{"data":"Barrage","floor":40.0,"key":"SMITH"},{"data":"Buffer","floor":44,"key":"SMITH"},{"data":"Rainbow","floor":49,"key":"SMITH"}],"circlet_count":0,"master_deck":["Defend_B","Defend_B","Defend_B","Zap+1","Dualcast","Consume","Cold Snap","Go for the Eyes","Leap","Redo","Ball Lightning","Echo Form+1","Buffer+1","Loop+1","Steam","Bite","Bite","Bite","Bite","Rainbow+1","Compile Driver","Hologram+1","Barrage+1","Parasite","Normality"],"relics":["Cracked Core","White Beast Statue","Bag of Marbles","Letter Opener","Inserter","Pantograph","Orichalcum","Vajra","Cursed Key","Darkstone Periapt"],"acts_visited":["Exordium","TheCity","TheBeyond"],"potions_floor_usage":[47,48,48,50,50],"damage_taken":[{"damage":0.0,"enemies":"Small Slimes","floor":1.0,"turns":2.0},{"damage":6.0,"enemies":"Cultist","floor":2.0,"turns":3.0},{"damage":9.0,"enemies":"2 Louse","floor":4.0,"turns":3.0},{"damage":28.0,"enemies":"Lagavulin","floor":6.0,"turns":7.0},{"damage":10.0,"enemies":"Exordium Thugs","floor":7.0,"turns":4.0},{"damage":0.0,"enemies":"Looter","floor":8.0,"turns":4.0},{"damage":0.0,"enemies":"Red Slaver","floor":11.0,"turns":3.0},{"damage":14.0,"enemies":"3 Sentries","floor":12.0,"turns":8.0},{"damage":21.0,"enemies":"Exordium Wildlife","floor":14.0,"turns":4.0},{"damage":34.0,"enemies":"The Guardian","floor":16.0,"turns":9.0},{"damage":15.0,"enemies":"Shell Parasite","floor":18.0,"turns":7.0},{"damage":1.0,"enemies":"Chosen","floor":20.0,"turns":7.0},{"damage":17.0,"enemies":"Snecko","floor":22.0,"turns":6.0},{"damage":29.0,"enemies":"Gremlin Leader","floor":23.0,"turns":8.0},{"damage":8.0,"enemies":"Centurion and Healer","floor":27.0,"turns":8.0},{"damage":13.0,"enemies":"3 Cultists","floor":29.0,"turns":6.0},{"damage":33.0,"enemies":"Sentry and Sphere","floor":31.0,"turns":6.0},{"damage":54.0,"enemies":"Automaton","floor":33.0,"turns":12.0},{"damage":5.0,"enemies":"Orb Walker","floor":35.0,"turns":4.0},{"damage":0.0,"enemies":"3 Shapes","floor":37.0,"turns":5.0},{"damage":24.0,"enemies":"Jaw Worm Horde","floor":38.0,"turns":6.0},{"damage":10.0,"enemies":"Sphere and 2 Shapes","floor":39.0,"turns":4.0},{"damage":1.0,"enemies":"Writhing Mass","floor":41.0,"turns":6.0},{"damage":8,"enemies":"Maw","floor":42,"turns":7},{"damage":10,"enemies":"Spire Growth","floor":46,"turns":5},{"damage":13,"enemies":"Jaw Worm Horde","floor":47,"turns":6},{"damage":0,"enemies":"4 Shapes","floor":48,"turns":4},{"damage":79,"enemies":"Donu and Deca","floor":50,"turns":6}],"seed_played":"-8146731196004617629","potions_obtained":[{"floor":2.0,"key":"FearPotion"},{"floor":4.0,"key":"Explosive Potion"},{"floor":7.0,"key":"Explosive Potion"},{"floor":8.0,"key":"Energy Potion"},{"floor":12.0,"key":"PowerPotion"},{"floor":16.0,"key":"Swift Potion"},{"floor":18.0,"key":"Explosive Potion"},{"floor":20.0,"key":"SteroidPotion"},{"floor":22.0,"key":"DuplicationPotion"},{"floor":23.0,"key":"Weak Potion"},{"floor":27.0,"key":"champ:CounterPotion"},{"floor":29.0,"key":"sneckomod:MuddlingPotion"},{"floor":31.0,"key":"AttackPotion"},{"floor":33.0,"key":"SpeedPotion"},{"floor":35.0,"key":"Block Potion"},{"floor":37.0,"key":"Block Potion"},{"floor":38.0,"key":"LiquidMemories"},{"floor":39.0,"key":"SkillPotion"},{"floor":41.0,"key":"DuplicationPotion"},{"floor":42,"key":"Swift Potion"},{"floor":45,"key":"SteroidPotion"},{"floor":46,"key":"Dexterity Potion"},{"floor":47,"key":"SneckoOil"},{"floor":48,"key":"champ:CounterPotion"}],"is_trial":false,"path_per_floor":["M","M","?","M","?","E","M","M","T","R","M","E","R","M","R","B",null,"M","$","M","?","M","E","R","?","T","M","R","M","$","M","R","B",null,"M","?","M","M","M","R","M","M","T","R","?","M","M","M","R","B"],"character_chosen":"DEFECT","items_purchased":["Pantograph","Steam"],"campfire_rested":4,"item_purchase_floors":[19,19],"current_hp_per_floor":[82,76,76,67,67,39,29,29,29,53,53,39,63,42,66,32,82,67,67,66,57,46,37,37,32,32,42,42,41,41,12,29,10,57,56,56,57,43,37,37,46,52,52,52,52,50,49,55,55,0,0],"gold":327,"neow_bonus":"TEN_PERCENT_HP_BONUS","is_daily":false,"chose_seed":false,"campfire_upgraded":5,"win_rate":0.0,"timestamp":1609703035,"path_taken":["M","M","?","M","?","E","M","M","T","R","?","E","R","M","R","BOSS","M","$","M","?","M","E","R","?","T","M","R","M","$","?","R","BOSS","M","?","?","M","M","R","M","M","T","R","?","?","M","M","R","BOSS"],"items_purchased_type":["Relic","Card"],"build_version":"2020-12-22","purchased_purges":2,"victory":false,"max_hp_per_floor":[82,82,82,82,82,82,82,82,82,82,82,82,82,82,82,82,82,82,82,82,57,57,57,57,57,57,57,57,57,57,57,57,57,57,57,57,57,57,57,57,57,57,57,57,57,57,57,57,57,57,57],"card_choices":[{"not_picked":["Conserve Battery","Steam Power"],"picked":"Consume","floor":1.0},{"not_picked":["Coolheaded","Aggregate"],"picked":"Cold Snap","floor":2.0},{"not_picked":["Lockon","Auto Shields"],"picked":"Go for the Eyes","floor":4.0},{"not_picked":["Streamline","Chill"],"picked":"Leap","floor":6.0},{"not_picked":["Melter","Storm"],"picked":"Redo","floor":7.0},{"not_picked":["Rebound","Stack"],"picked":"Ball Lightning","floor":8.0},{"not_picked":["Conserve Battery","Recycle"],"picked":"Echo Form","floor":11.0},{"not_picked":["Cold Snap","Redo","Scrape"],"picked":"SKIP","floor":12.0},{"not_picked":["Leap","Stack","Chaos"],"picked":"SKIP","floor":14.0},{"not_picked":["Creative AI","Seek"],"picked":"Buffer","floor":16.0},{"not_picked":["Melter","Compile Driver"],"picked":"Loop+1","floor":18.0},{"not_picked":["Scrape+1","Hello World","Compile Driver"],"picked":"SKIP","floor":20.0},{"not_picked":["Lockon+1","Gash","Loop"],"picked":"SKIP","floor":22.0},{"not_picked":["Sweeping Beam+1","Consume+1"],"picked":"Rainbow","floor":23.0},{"not_picked":["Ball Lightning","Capacitor"],"picked":"Compile Driver","floor":27.0},{"not_picked":["Compile Driver","Cold Snap"],"picked":"Hologram+1","floor":29.0},{"not_picked":["Go for the Eyes","Conserve Battery","Ball Lightning+1"],"picked":"SKIP","floor":31.0},{"not_picked":["Leap+1","Go for the Eyes","Cold Snap"],"picked":"SKIP","floor":35.0},{"not_picked":["Chill+1","Gash","Skim+1"],"picked":"SKIP","floor":37.0},{"not_picked":["Chill+1","Go for the Eyes","Tempest"],"picked":"SKIP","floor":38.0},{"not_picked":["Hologram","Steam"],"picked":"Barrage","floor":39.0},{"not_picked":["Sunder","Turbo+1","Static Discharge"],"picked":"SKIP","floor":41.0},{"not_picked":["Steam","Sweeping Beam","Gash+1"],"picked":"SKIP","floor":42},{"not_picked":["BootSequence","Chaos","Stack+1"],"picked":"SKIP","floor":46},{"not_picked":["Go for the Eyes+1","Sunder","Consume+1"],"picked":"SKIP","floor":47},{"not_picked":["Static Discharge","Hologram","Skim"],"picked":"SKIP","floor":48}],"player_experience":211613,"relics_obtained":[{"floor":6.0,"key":"White Beast Statue"},{"floor":9.0,"key":"Bag of Marbles"},{"floor":12.0,"key":"Letter Opener"},{"floor":23.0,"key":"Orichalcum"},{"floor":26.0,"key":"Vajra"},{"floor":43,"key":"Darkstone Periapt"}],"event_choices":[{"damage_healed":0.0,"max_hp_gain":0.0,"max_hp_loss":0.0,"gold_gain":0.0,"event_name":"World of Goop","player_choice":"Left Gold","floor":3.0,"gold_loss":43.0,"damage_taken":0.0},{"damage_healed":0.0,"max_hp_gain":0.0,"max_hp_loss":0.0,"gold_gain":100.0,"event_name":"Golden Shrine","player_choice":"Pray","floor":5.0,"gold_loss":0.0,"damage_taken":0.0},{"damage_healed":0.0,"max_hp_gain":0.0,"max_hp_loss":25.0,"gold_gain":0.0,"event_name":"Vampires","player_choice":"Became a vampire","floor":21.0,"gold_loss":0.0,"damage_taken":0.0,"cards_obtained":["Bite","Bite","Bite","Bite","Bite"]},{"damage_healed":0.0,"max_hp_gain":0.0,"max_hp_loss":0.0,"gold_gain":0.0,"event_name":"Wheel of Change","player_choice":"Damaged","floor":25.0,"gold_loss":0.0,"damage_taken":5.0},{"cards_removed":["Bite"],"damage_healed":0.0,"max_hp_gain":0.0,"max_hp_loss":0.0,"gold_gain":0.0,"event_name":"Purifier","player_choice":"Purged","floor":36.0,"gold_loss":0.0,"damage_taken":0.0},{"damage_healed":0,"gold_gain":0,"player_choice":"Bought 1 Potion","damage_taken":0,"max_hp_gain":0,"max_hp_loss":0,"event_name":"The Woman in Blue","floor":45,"gold_loss":0}],"is_beta":false,"boss_relics":[{"not_picked":["SlaversCollar","Fusion Hammer"],"picked":"Inserter"},{"not_picked":["Snecko Eye","FrozenCore"],"picked":"Cursed Key"}],"items_purged_floors":[19,30],"is_endless":false,"potions_floor_spawned":[2,4,7,8,11,12,14,16,18,20,22,23,27,29,31,33,35,37,38,39,41,42,46,47,48],"killed_by":"Donu and Deca","ascension_level":1}}