{"host":"1u4zr9vl8my47i07","time":1609637293,"event":{"mods":["AchievementEnabler","BaseMod","DeckTracker","Filter the Spire","Highlight Path","Keyboard Shortcuts","Minty Spire (QoL Compilation)","Relic Stats","StSLib","SuperFastMode","The Animator","Uncapped","Waifu the Spire","everything is the same but u backflip on backflip"],"gold_per_floor":[109,124,140,157,176,176,176,204,204,204,204,231,43,73,73,170,170,181,181,200,200,10,10,35,35,35,135,165,165,165,181,181,282,282,295,295,295,295,345,345,150,160,160,180,39,64,64,64,64,64,64,64,25,51,51,51],"floor_reached":55,"playtime":1866,"items_purged":["Defend_R"],"score":1233,"play_id":"e2dc3361-7249-4b0d-baba-d088106e013b","local_time":"20210103102813","is_ascension_mode":true,"campfire_choices":[{"data":"Perfected Strike","floor":6.0,"key":"SMITH"},{"floor":11.0,"key":"REST"},{"data":"Perfected Strike","floor":15.0,"key":"SMITH"},{"data":"Perfected Strike","floor":23.0,"key":"SMITH"},{"data":"Perfected Strike","floor":25.0,"key":"SMITH"},{"data":"Shrug It Off","floor":29.0,"key":"SMITH"},{"data":"Rage","floor":32.0,"key":"SMITH"},{"data":"Apotheosis","floor":40.0,"key":"SMITH"},{"floor":47.0,"key":"RECALL"},{"data":"Bash","floor":49.0,"key":"PURGE"},{"data":"Rage","floor":52.0,"key":"SMITH"}],"circlet_count":0,"master_deck":["AscendersBane","Strike_R","Strike_R","Strike_R","Strike_R","Strike_R","Defend_R+1","Defend_R","Defend_R","Perfected Strike+1","Wild Strike","Dual Wield","Shrug It Off+1","Evolve","Rage+1","Twin Strike","Perfected Strike+1","Feed","Immolate","Perfected Strike+1","Shrug It Off+1","Perfected Strike+1","Body Slam+1","Cleave","Necronomicurse","Ghostly Armor","Barricade+1","Twin Strike","Apotheosis+1","Mayhem+1","Wild Strike","Wild Strike","Shrug It Off","Thunderclap","Clothesline+1","Pommel Strike","Rage+1","Bludgeon","Wild Strike","Shockwave"],"relics":["Burning Blood","Happy Flower","Toy Ornithopter","Akabeko","Membership Card","Frozen Egg 2","Sozu","Shuriken","Pen Nib","Eternal Feather","Peace Pipe","StrikeDummy","War Paint","Necronomicon","Velvet Choker","Bird Faced Urn","CaptainsWheel","Bottled Tornado","Ancient Tea Set","Art of War"],"acts_visited":["Exordium","TheCity","TheBeyond","TheEnding"],"potions_floor_usage":[],"damage_taken":[{"damage":0.0,"enemies":"Small Slimes","floor":1.0,"turns":3.0},{"damage":12.0,"enemies":"Jaw Worm","floor":2.0,"turns":2.0},{"damage":1.0,"enemies":"Cultist","floor":3.0,"turns":3.0},{"damage":17.0,"enemies":"Looter","floor":4.0,"turns":3.0},{"damage":10.0,"enemies":"3 Louse","floor":5.0,"turns":4.0},{"damage":52.0,"enemies":"Gremlin Nob","floor":8.0,"turns":6.0},{"damage":7.0,"enemies":"Lagavulin","floor":12.0,"turns":7.0},{"damage":15.0,"enemies":"3 Sentries","floor":14.0,"turns":5.0},{"damage":26.0,"enemies":"Hexaghost","floor":16.0,"turns":8.0},{"damage":0.0,"enemies":"Chosen","floor":18.0,"turns":3.0},{"damage":6.0,"enemies":"2 Thieves","floor":20.0,"turns":2.0},{"damage":33.0,"enemies":"Book of Stabbing","floor":24.0,"turns":4.0},{"damage":0.0,"enemies":"Colosseum Slavers","floor":27.0,"turns":2.0},{"damage":6.0,"enemies":"Colosseum Nobs","floor":27.0,"turns":3.0},{"damage":18.0,"enemies":"Slavers","floor":28.0,"turns":4.0},{"damage":1.0,"enemies":"Centurion and Healer","floor":31.0,"turns":3.0},{"damage":43.0,"enemies":"Champ","floor":33.0,"turns":6.0},{"damage":0.0,"enemies":"Orb Walker","floor":35.0,"turns":3.0},{"damage":34.0,"enemies":"Mind Bloom Boss Battle","floor":39.0,"turns":4.0},{"damage":3.0,"enemies":"3 Darklings","floor":42.0,"turns":3.0},{"damage":0.0,"enemies":"Maw","floor":44.0,"turns":4.0},{"damage":0.0,"enemies":"Reptomancer","floor":46.0,"turns":2.0},{"damage":37.0,"enemies":"Time Eater","floor":50.0,"turns":5.0},{"damage":68.0,"enemies":"Shield and Spear","floor":54.0,"turns":5.0},{"damage":0,"enemies":"The Heart","floor":55,"turns":1}],"seed_played":"7376407948860771017","potions_obtained":[{"floor":2.0,"key":"Block Potion"},{"floor":3.0,"key":"SkillPotion"},{"floor":14.0,"key":"Weak Potion"}],"is_trial":false,"path_per_floor":["M","M","M","M","M","R","?","E","T","?","R","E","$","E","R","B",null,"M","?","M","?","$","R","E","R","T","?","E","R","?","M","R","B",null,"M","?","?","?","?","R","$","M","T","M","$","E","R","T","R","B",null,"R","$","E","B"],"character_chosen":"IRONCLAD","items_purchased":["Membership Card","Perfected Strike","PowerPotion","Shuriken","Perfected Strike","Wild Strike","Shrug It Off","CaptainsWheel","Pommel Strike","Rage","Bludgeon","Shockwave"],"campfire_rested":1,"item_purchase_floors":[13,13,13,22,22,41,41,41,45,45,45,53],"current_hp_per_floor":[78,72,77,66,62,62,62,16,16,16,40,44,44,35,35,28,69,75,83,86,86,86,86,59,59,59,68,59,74,58,63,78,41,79,85,85,75,75,47,65,65,72,72,86,86,92,92,92,92,63,85,92,92,30,30,30],"gold":51,"neow_bonus":"THREE_CARDS","is_daily":false,"chose_seed":false,"campfire_upgraded":8,"win_rate":0.0,"timestamp":1609637293,"path_taken":["M","M","M","M","M","R","?","E","T","?","R","E","$","E","R","BOSS","M","?","?","?","$","R","E","R","T","?","E","R","?","M","R","BOSS","M","?","?","?","?","R","$","M","T","M","$","E","R","?","R","BOSS","R","$","E","BOSS"],"items_purchased_type":["Relic","Card","Potion","Relic","Card","Card","Card","Relic","Card","Card","Card","Card"],"build_version":"2020-12-22","purchased_purges":1,"victory":false,"max_hp_per_floor":[80,80,80,80,80,80,80,80,80,80,80,80,80,80,80,83,83,83,83,86,86,86,86,86,86,86,89,92,92,92,92,92,92,92,92,92,92,92,92,92,92,92,92,92,92,92,92,92,92,92,92,92,92,92,92,92],"relic_stats":{"Happy Flower":[24],"counters":[25,95],"Eternal Feather":55,"Pen Nib":[10],"War Paint":["Defend_R","Shrug It Off"],"Burning Blood":142,"Sozu":6,"Peace Pipe":1,"Shuriken":[21],"Bird Faced Urn":[16],"Necronomicon":[26],"Art of War":[0],"obtain_stats":[{"Happy Flower":8,"Velvet Choker":34,"Eternal Feather":26,"Pen Nib":24,"Frozen Egg 2":14,"War Paint":28,"Bottled Tornado":43,"Ancient Tea Set":46,"Burning Blood":0,"Akabeko":12,"Sozu":17,"Peace Pipe":27,"CaptainsWheel":41,"Shuriken":22,"Bird Faced Urn":39,"Necronomicon":30,"Art of War":54,"Membership Card":13,"StrikeDummy":27,"Toy Ornithopter":9},{"Happy Flower":6,"Velvet Choker":17,"Eternal Feather":12,"Pen Nib":12,"Frozen Egg 2":8,"War Paint":15,"Bottled Tornado":20,"Ancient Tea Set":22,"Burning Blood":0,"Akabeko":7,"Sozu":9,"Peace Pipe":14,"CaptainsWheel":19,"Shuriken":11,"Bird Faced Urn":19,"Necronomicon":15,"Art of War":24,"Membership Card":7,"StrikeDummy":14,"Toy Ornithopter":6},{"Happy Flower":21,"Velvet Choker":68,"Eternal Feather":50,"Pen Nib":50,"Frozen Egg 2":33,"War Paint":59,"Bottled Tornado":78,"Ancient Tea Set":84,"Burning Blood":0,"Akabeko":28,"Sozu":41,"Peace Pipe":55,"CaptainsWheel":75,"Shuriken":46,"Bird Faced Urn":75,"Necronomicon":59,"Art of War":94,"Membership Card":28,"StrikeDummy":55,"Toy Ornithopter":21}],"Toy Ornithopter":15},"card_choices":[{"not_picked":["Iron Wave","True Grit"],"picked":"Perfected Strike","floor":0.0},{"not_picked":["Thunderclap","Headbutt"],"picked":"Wild Strike","floor":1.0},{"not_picked":["Corruption","Iron Wave"],"picked":"Dual Wield","floor":2.0},{"not_picked":["Cleave","Havoc"],"picked":"Thunderclap","floor":3.0},{"not_picked":["Searing Blow","Blood for Blood"],"picked":"Shrug It Off","floor":4.0},{"not_picked":["Reaper","Flex"],"picked":"Evolve","floor":5.0},{"not_picked":["Rampage","Heavy Blade"],"picked":"Rage","floor":8.0},{"not_picked":["Heavy Blade","Metallicize"],"picked":"Twin Strike","floor":12.0},{"not_picked":["Pummel","Metallicize+1"],"picked":"Feed","floor":14.0},{"not_picked":["Berserk+1","Juggernaut+1"],"picked":"Immolate","floor":16.0},{"not_picked":["Dropkick","Wild Strike"],"picked":"Perfected Strike","floor":18.0},{"not_picked":["Metallicize+1","Clothesline"],"picked":"Shrug It Off","floor":20.0},{"not_picked":["True Grit","Sentinel"],"picked":"Body Slam+1","floor":24.0},{"not_picked":["Armaments","Burning Pact"],"picked":"Cleave","floor":28.0},{"not_picked":["Thunderclap","Rupture+1"],"picked":"Ghostly Armor","floor":31.0},{"not_picked":["Fiend Fire","Berserk+1"],"picked":"Barricade+1","floor":33.0},{"not_picked":["Havoc","Sword Boomerang+1"],"picked":"Twin Strike","floor":35.0},{"not_picked":["Mind Blast","Master of Strategy"],"picked":"Apotheosis","floor":37.0},{"not_picked":["Dark Shackles","Discovery"],"picked":"Mayhem+1","floor":37.0},{"not_picked":["True Grit+1","Rampage+1"],"picked":"Wild Strike","floor":39.0},{"not_picked":["Evolve+1","Whirlwind"],"picked":"Thunderclap","floor":42.0},{"not_picked":["Feel No Pain+1","Burning Pact+1","Clothesline+1"],"picked":"SKIP","floor":44.0},{"not_picked":["Feel No Pain+1","Burning Pact+1"],"picked":"Clothesline+1","floor":44.0},{"not_picked":["Clash+1","Evolve+1"],"picked":"Wild Strike","floor":46.0},{"not_picked":["Entrench","Headbutt","Clothesline"],"picked":"SKIP","floor":54.0}],"player_experience":250243,"relics_obtained":[{"floor":8.0,"key":"Happy Flower"},{"floor":9.0,"key":"Toy Ornithopter"},{"floor":12.0,"key":"Akabeko"},{"floor":14.0,"key":"Frozen Egg 2"},{"floor":24.0,"key":"Pen Nib"},{"floor":26.0,"key":"Eternal Feather"},{"floor":27.0,"key":"Peace Pipe"},{"floor":27.0,"key":"StrikeDummy"},{"floor":28.0,"key":"War Paint"},{"floor":30.0,"key":"Necronomicon"},{"floor":39.0,"key":"Bird Faced Urn"},{"floor":43.0,"key":"Bottled Tornado"},{"floor":46.0,"key":"Ancient Tea Set"},{"floor":54.0,"key":"Art of War"}],"event_choices":[{"damage_healed":0.0,"max_hp_gain":0.0,"max_hp_loss":0.0,"gold_gain":0.0,"event_name":"Liars Game","player_choice":"Ignored","floor":7.0,"gold_loss":0.0,"damage_taken":0.0},{"damage_healed":0.0,"max_hp_gain":0.0,"max_hp_loss":0.0,"gold_gain":0.0,"event_name":"Shining Light","player_choice":"Ignored","floor":10.0,"gold_loss":0.0,"damage_taken":0.0},{"damage_healed":8.0,"max_hp_gain":0.0,"max_hp_loss":0.0,"gold_gain":0.0,"event_name":"Wheel of Change","player_choice":"Full Heal","floor":19.0,"gold_loss":0.0,"damage_taken":0.0},{"damage_healed":0.0,"max_hp_gain":0.0,"max_hp_loss":0.0,"gold_gain":0.0,"event_name":"Beggar","player_choice":"Ignored","floor":21.0,"gold_loss":0.0,"damage_taken":0.0},{"damage_healed":0.0,"max_hp_gain":0.0,"max_hp_loss":0.0,"gold_gain":0.0,"event_name":"Colosseum","player_choice":"Fight","floor":27.0,"gold_loss":0.0,"damage_taken":0.0},{"damage_healed":0.0,"max_hp_gain":0.0,"max_hp_loss":0.0,"gold_gain":0.0,"event_name":"Colosseum","player_choice":"Fought Nobs","floor":27.0,"gold_loss":0.0,"damage_taken":0.0},{"damage_healed":0.0,"max_hp_gain":0.0,"max_hp_loss":0.0,"gold_gain":0.0,"event_name":"Cursed Tome","player_choice":"Obtained Book","floor":30.0,"gold_loss":0.0,"damage_taken":16.0},{"damage_healed":0.0,"max_hp_gain":0.0,"max_hp_loss":0.0,"gold_gain":0.0,"event_name":"Tomb of Lord Red Mask","player_choice":"Ignored","floor":36.0,"gold_loss":0.0,"damage_taken":0.0},{"damage_healed":0.0,"max_hp_gain":0.0,"max_hp_loss":0.0,"gold_gain":0.0,"event_name":"SensoryStone","player_choice":"Memory 3","floor":37.0,"gold_loss":0.0,"damage_taken":10.0},{"cards_removed":["Thunderclap"],"damage_healed":0.0,"max_hp_gain":0.0,"max_hp_loss":0.0,"gold_gain":0.0,"event_name":"Falling","player_choice":"Removed Attack","floor":38.0,"gold_loss":0.0,"damage_taken":0.0},{"damage_healed":0.0,"max_hp_gain":0.0,"max_hp_loss":0.0,"gold_gain":0.0,"event_name":"MindBloom","player_choice":"Fight","floor":39.0,"gold_loss":0.0,"damage_taken":0.0}],"is_beta":false,"boss_relics":[{"not_picked":["SacredBark","Fusion Hammer"],"picked":"Sozu"},{"not_picked":["Tiny House","Philosopher\u0027s Stone"],"picked":"Velvet Choker"}],"items_purged_floors":[22],"is_endless":false,"potions_floor_spawned":[2,3,4,14,18,20,27,28,39,42,54],"killed_by":"The Heart","ascension_level":11}}