{"host":"dgf4n6lo35jtjz0c","time":1609671420,"event":{"mods":["AchievementEnabler","BaseMod","Bestiary","Colored Powertips","Minty Spire (QoL Compilation)"],"gold_per_floor":[112,131,144,159,159,159,55,83,83,83,83,83,99,115,115,220,220,231,241,258,258,258,293,293,10,63,6,6,37,51,62,62,158,158,171,23,36,50,68,68,80,80,80,96,115,115,165,182,182,182],"floor_reached":51,"playtime":5946,"items_purged":[],"score":893,"play_id":"c614fec4-4e04-4cdf-9c66-19b64b74a455","local_time":"20210103215700","is_ascension_mode":false,"campfire_choices":[{"data":"Footwork","floor":6,"key":"SMITH"},{"floor":10,"key":"REST"},{"data":"Dramatic Entrance","floor":12,"key":"SMITH"},{"data":"Bouncing Flask","floor":15,"key":"SMITH"},{"floor":24,"key":"REST"},{"floor":28,"key":"REST"},{"floor":32,"key":"REST"},{"floor":40,"key":"REST"},{"floor":42,"key":"REST"},{"floor":46,"key":"REST"},{"floor":49,"key":"REST"}],"circlet_count":0,"master_deck":["Strike_G","Strike_G","Strike_G","Strike_G","Strike_G","Defend_G","Defend_G","Defend_G","Defend_G","Defend_G","Survivor","Neutralize","Footwork+1","Poisoned Stab","Deflect","Deadly Poison","Dramatic Entrance+1","Blade Dance","Footwork+1","Deadly Poison","Bouncing Flask+1","Corpse Explosion","Crippling Poison+1","Footwork+1","Bouncing Flask","Catalyst","Mayhem","Noxious Fumes","Backflip","Dash","Backflip","Noxious Fumes","Dodge and Roll","Backflip+1","Bouncing Flask","Leg Sweep+1","Deadly Poison","Envenom","Blade Dance","Parasite","Infinite Blades"],"relics":["Sozu","InkBottle","Letter Opener","Black Star","MutagenicStrength","Matryoshka","Shuriken","Lantern","Blood Vial","Orichalcum","Mercury Hourglass","Darkstone Periapt","Fusion Hammer","Bronze Scales","Smiling Mask","Blue Candle","TungstenRod"],"acts_visited":["TheCity","TheBeyond"],"potions_floor_usage":[],"damage_taken":[{"damage":0,"enemies":"Small Slimes","floor":1,"turns":3},{"damage":0,"enemies":"Jaw Worm","floor":2,"turns":6},{"damage":0,"enemies":"2 Louse","floor":3,"turns":2},{"damage":8,"enemies":"Gremlin Gang","floor":4,"turns":7},{"damage":9,"enemies":"3 Sentries","floor":8,"turns":8},{"damage":0,"enemies":"Exordium Wildlife","floor":13,"turns":2},{"damage":0,"enemies":"Blue Slaver","floor":14,"turns":2},{"damage":6,"enemies":"Hexaghost","floor":16,"turns":7},{"damage":10,"enemies":"Spheric Guardian","floor":18,"turns":5},{"damage":7,"enemies":"Shell Parasite","floor":19,"turns":4},{"damage":7,"enemies":"Snecko","floor":20,"turns":4},{"damage":27,"enemies":"Gremlin Leader","floor":23,"turns":6},{"damage":19,"enemies":"Slavers","floor":29,"turns":4},{"damage":14,"enemies":"Shelled Parasite and Fungi","floor":30,"turns":3},{"damage":6,"enemies":"Centurion and Healer","floor":31,"turns":3},{"damage":24,"enemies":"Champ","floor":33,"turns":10},{"damage":0,"enemies":"3 Shapes","floor":35,"turns":1},{"damage":20,"enemies":"Orb Walker","floor":37,"turns":4},{"damage":20,"enemies":"3 Darklings","floor":38,"turns":3},{"damage":12,"enemies":"Sphere and 2 Shapes","floor":39,"turns":3},{"damage":9,"enemies":"Transient","floor":41,"turns":5},{"damage":0,"enemies":"3 Darklings","floor":44,"turns":2},{"damage":8,"enemies":"Spire Growth","floor":45,"turns":5},{"damage":0,"enemies":"Mind Bloom Boss Battle","floor":47,"turns":6},{"damage":0,"enemies":"Writhing Mass","floor":48,"turns":4},{"damage":21,"enemies":"Donu and Deca","floor":50,"turns":7}],"seed_played":"1736810175329906652","potions_obtained":[],"is_trial":false,"path_per_floor":["M","M","M","M","?","R","$","E","T","R","?","R","M","M","R","B",null,"M","M","M","?","?","E","R","$","T","?","R","E","M","M","R","B",null,"M","$","M","M","M","R","M","R","T","M","M","R","?","M","R","B",null],"character_chosen":"THE_SILENT","items_purchased":["Dramatic Entrance","Blade Dance","Mayhem","Noxious Fumes","Backflip","Bronze Scales"],"campfire_rested":8,"item_purchase_floors":[7,7,25,25,25,36],"current_hp_per_floor":[70,70,70,62,62,62,62,53,53,70,70,70,70,70,70,64,70,60,53,46,46,46,19,40,40,40,40,61,44,32,28,49,27,70,70,70,50,32,22,43,36,57,57,59,53,70,70,76,76,55],"gold":182,"neow_bonus":"BOSS_RELIC","is_daily":false,"chose_seed":false,"campfire_upgraded":3,"win_rate":0.0,"timestamp":1609671420,"path_taken":["M","M","M","M","?","R","$","E","T","R","?","R","M","M","R","BOSS","M","M","M","?","?","E","R","$","T","?","R","E","M","?","R","BOSS","M","$","M","M","?","R","M","R","T","M","M","R","?","M","R","BOSS"],"items_purchased_type":["Card","Card","Card","Card","Card","Relic"],"build_version":"2020-12-22","purchased_purges":0,"victory":true,"max_hp_per_floor":[70,70,70,70,70,70,70,70,70,70,70,70,70,70,70,70,70,70,70,70,70,70,70,70,70,70,70,70,70,70,70,70,70,70,70,70,70,70,70,70,70,70,70,70,70,70,70,76,76,76],"card_choices":[{"not_picked":["Tactician","Backflip"],"picked":"Footwork","floor":1},{"not_picked":["All Out Attack","Underhanded Strike"],"picked":"Poisoned Stab","floor":2},{"not_picked":["Prepared","Dagger Spray"],"picked":"Deflect","floor":3},{"not_picked":["Riddle With Holes","Dagger Throw"],"picked":"Deadly Poison","floor":4},{"not_picked":["Underhanded Strike","Poisoned Stab"],"picked":"Footwork","floor":8},{"not_picked":["Finisher","Poisoned Stab"],"picked":"Deadly Poison","floor":13},{"not_picked":["Tactician","Tools of the Trade"],"picked":"Bouncing Flask","floor":14},{"not_picked":["Malaise","Wraith Form v2"],"picked":"Corpse Explosion","floor":16},{"not_picked":["Dagger Throw+1","Riddle With Holes"],"picked":"Crippling Poison+1","floor":18},{"not_picked":["Slice","Masterful Stab"],"picked":"Footwork+1","floor":19},{"not_picked":["Sucker Punch","Bane+1"],"picked":"Bouncing Flask","floor":20},{"not_picked":["Quick Slash","Dodge and Roll"],"picked":"Catalyst","floor":23},{"not_picked":["Underhanded Strike","Heel Hook"],"picked":"Dash","floor":29},{"not_picked":["Choke","Endless Agony+1"],"picked":"Backflip","floor":30},{"not_picked":["Skewer+1","Prepared"],"picked":"Noxious Fumes","floor":31},{"not_picked":["Flying Knee+1","Deadly Poison"],"picked":"Dodge and Roll","floor":35},{"not_picked":["Dagger Throw","Acrobatics"],"picked":"Backflip+1","floor":37},{"not_picked":["Tactician","Deadly Poison+1"],"picked":"Bouncing Flask","floor":38},{"not_picked":["Outmaneuver+1","Acrobatics+1"],"picked":"Leg Sweep+1","floor":39},{"not_picked":["Dagger Throw","Prepared"],"picked":"Deadly Poison","floor":41},{"not_picked":["Acrobatics","Masterful Stab","Underhanded Strike+1"],"picked":"SKIP","floor":44},{"not_picked":["Backflip+1","Infinite Blades+1"],"picked":"Envenom","floor":45},{"not_picked":["Sucker Punch+1","Flying Knee+1"],"picked":"Blade Dance","floor":47},{"not_picked":["Prepared+1","Backflip+1"],"picked":"Infinite Blades","floor":48}],"player_experience":41565,"relics_obtained":[{"floor":8,"key":"InkBottle"},{"floor":9,"key":"Letter Opener"},{"floor":23,"key":"Matryoshka"},{"floor":23,"key":"Shuriken"},{"floor":26,"key":"Lantern"},{"floor":26,"key":"Blood Vial"},{"floor":29,"key":"Mercury Hourglass"},{"floor":29,"key":"Darkstone Periapt"},{"floor":43,"key":"Smiling Mask"},{"floor":43,"key":"Blue Candle"},{"floor":47,"key":"TungstenRod"}],"event_choices":[{"damage_healed":0,"gold_gain":0,"player_choice":"Leave","damage_taken":0,"max_hp_gain":0,"max_hp_loss":0,"event_name":"The Cleric","floor":5,"gold_loss":0},{"damage_healed":0,"gold_gain":0,"player_choice":"Grow","damage_taken":0,"max_hp_gain":0,"max_hp_loss":0,"event_name":"Living Wall","floor":11,"gold_loss":0,"cards_upgraded":["Footwork"]},{"damage_healed":0,"gold_gain":0,"player_choice":"Ignored","damage_taken":0,"max_hp_gain":0,"max_hp_loss":0,"event_name":"Ghosts","floor":21,"gold_loss":0},{"damage_healed":0,"gold_gain":0,"player_choice":"Inject Mutagens","damage_taken":0,"relics_obtained":["MutagenicStrength"],"max_hp_gain":0,"max_hp_loss":0,"event_name":"Drug Dealer","floor":22,"gold_loss":0},{"damage_healed":0,"gold_gain":0,"player_choice":"Paid Gold","damage_taken":0,"relics_obtained":["Orichalcum"],"max_hp_gain":0,"max_hp_loss":0,"event_name":"WeMeetAgain","floor":27,"gold_loss":57},{"damage_healed":0,"gold_gain":0,"player_choice":"Fight","damage_taken":0,"max_hp_gain":0,"max_hp_loss":0,"event_name":"MindBloom","floor":47,"gold_loss":0}],"is_beta":false,"boss_relics":[{"not_picked":["Tiny House","Velvet Choker"],"picked":"Black Star"},{"not_picked":["Snecko Eye","Astrolabe"],"picked":"Fusion Hammer"}],"items_purged_floors":[],"is_endless":false,"potions_floor_spawned":[1,8,13,16,18,19,23,33,38,41,44,45,47],"ascension_level":0}}