{"host":"rt0td7aa3g170xdl","time":1609672522,"event":{"mods":["2.2 Compatiblity","AchievementEnabler","BaseMod","Colored Map","DeckTracker","Keyboard Shortcuts","Minty Spire (QoL Compilation)","Permanent Neow","Quick Restart","SuperFastMode","everything is the same but u backflip on backflip"],"gold_per_floor":[112,126,51,70,145,145,198,198,198,223,242,282,301,321,321,428,491,507,517,534,449,349,349,367,367,417,292,292,292,306,306,306,416,475,494,512,528,555,574,574,591,591,617,629,643,671,671,688,688,688],"floor_reached":51,"playtime":1792,"items_purged":["Strike_R","Combust","Warcry"],"score":734,"play_id":"662272b7-e79a-47f5-a2f9-e967385a51b5","local_time":"20210103201522","is_ascension_mode":false,"campfire_choices":[{"data":"Seeing Red","floor":6.0,"key":"SMITH"},{"data":"Spot Weakness","floor":8.0,"key":"SMITH"},{"data":"1","floor":15.0,"key":"LIFT"},{"data":"Body Slam","floor":23.0,"key":"SMITH"},{"data":"Limit Break","floor":25.0,"key":"SMITH"},{"data":"Limit Break","floor":28.0,"key":"SMITH"},{"data":"Barricade","floor":32.0,"key":"SMITH"},{"data":"Entrench","floor":40.0,"key":"SMITH"},{"data":"Body Slam","floor":42.0,"key":"SMITH"},{"data":"2","floor":47.0,"key":"LIFT"},{"data":"3","floor":49.0,"key":"LIFT"}],"circlet_count":0,"master_deck":["Bash","Seeing Red+1","Spot Weakness+1","Shrug It Off","Intimidate","Body Slam+1","Impervious","Sword Boomerang+1","Barricade+1","Limit Break+1","Sentinel","Limit Break+1","Body Slam+1","Uppercut","Reaper","Body Slam+1","Entrench+1","Parasite","Shrug It Off"],"relics":["Burning Blood","CeramicFish","Vajra","Girya","Pandora\u0027s Box","Tiny Chest","Anchor","Tiny House","Bag of Marbles"],"acts_visited":["Exordium","TheCity","TheBeyond"],"potions_floor_usage":[],"damage_taken":[{"damage":5.0,"enemies":"Jaw Worm","floor":1.0,"turns":4.0},{"damage":0.0,"enemies":"2 Louse","floor":2.0,"turns":3.0},{"damage":6.0,"enemies":"Small Slimes","floor":4.0,"turns":3.0},{"damage":11.0,"enemies":"Red Slaver","floor":10.0,"turns":3.0},{"damage":9.0,"enemies":"Blue Slaver","floor":11.0,"turns":4.0},{"damage":31.0,"enemies":"3 Sentries","floor":12.0,"turns":8.0},{"damage":5.0,"enemies":"2 Fungi Beasts","floor":13.0,"turns":5.0},{"damage":2.0,"enemies":"Large Slime","floor":14.0,"turns":3.0},{"damage":29.0,"enemies":"Slime Boss","floor":16.0,"turns":13.0},{"damage":27.0,"enemies":"Spheric Guardian","floor":18.0,"turns":4.0},{"damage":7.0,"enemies":"Chosen","floor":19.0,"turns":5.0},{"damage":1.0,"enemies":"Snake Plant","floor":20.0,"turns":2.0},{"damage":2.0,"enemies":"Snecko","floor":24.0,"turns":4.0},{"damage":3.0,"enemies":"Cultist and Chosen","floor":30.0,"turns":6.0},{"damage":0.0,"enemies":"Automaton","floor":33.0,"turns":4.0},{"damage":0.0,"enemies":"3 Darklings","floor":35.0,"turns":5.0},{"damage":11.0,"enemies":"Orb Walker","floor":36.0,"turns":3.0},{"damage":5.0,"enemies":"4 Shapes","floor":37.0,"turns":4.0},{"damage":58.0,"enemies":"Jaw Worm Horde","floor":38.0,"turns":5.0},{"damage":35.0,"enemies":"Maw","floor":39.0,"turns":6.0},{"damage":27.0,"enemies":"Writhing Mass","floor":41.0,"turns":4.0},{"damage":0.0,"enemies":"Spire Growth","floor":44.0,"turns":8.0},{"damage":15.0,"enemies":"Sphere and 2 Shapes","floor":45.0,"turns":6.0},{"damage":0.0,"enemies":"Writhing Mass","floor":46.0,"turns":3.0},{"damage":0.0,"enemies":"Transient","floor":48.0,"turns":5.0},{"damage":30,"enemies":"Time Eater","floor":50,"turns":7}],"seed_played":"-3447955735583499686","potions_obtained":[{"floor":1.0,"key":"Dexterity Potion"},{"floor":4.0,"key":"SteroidPotion"},{"floor":10.0,"key":"Ancient Potion"},{"floor":13.0,"key":"DistilledChaos"},{"floor":19.0,"key":"EssenceOfSteel"},{"floor":20.0,"key":"DistilledChaos"},{"floor":31.0,"key":"PowerPotion"},{"floor":33.0,"key":"AttackPotion"},{"floor":34.0,"key":"Fire Potion"},{"floor":39.0,"key":"SkillPotion"},{"floor":45.0,"key":"AttackPotion"},{"floor":48.0,"key":"Fruit Juice"}],"is_trial":false,"path_per_floor":["M","M","$","M","?","R","T","R","T","M","M","E","M","M","R","B",null,"M","M","M","?","$","R","M","R","T","$","R","$","M","?","R","B",null,"M","M","M","M","M","R","M","R","T","M","M","M","R","M","R","B",null],"character_chosen":"IRONCLAD","items_purchased":[],"campfire_rested":0,"item_purchase_floors":[],"current_hp_per_floor":[80,80,80,80,69,69,69,69,69,64,61,36,37,41,41,18,80,59,58,63,63,63,63,67,67,67,67,67,67,70,70,70,76,85,85,80,81,49,56,56,35,35,35,45,68,74,74,85,85,61],"gold":688,"neow_bonus":"TRANSFORM_CARD","is_daily":false,"chose_seed":false,"campfire_upgraded":8,"win_rate":0.0,"timestamp":1609672522,"path_taken":["M","M","$","M","?","R","?","R","T","M","?","E","M","M","R","BOSS","M","M","M","?","?","R","M","R","T","$","R","$","M","?","R","BOSS","M","M","M","M","M","R","M","R","T","M","M","M","R","M","R","BOSS"],"items_purchased_type":[],"build_version":"2020-12-22","purchased_purges":3,"victory":true,"max_hp_per_floor":[80,80,80,80,80,80,80,80,80,80,80,80,80,80,80,80,80,80,80,80,80,80,80,80,80,80,80,80,80,80,80,80,80,85,85,85,85,85,85,85,85,85,85,85,85,85,85,90,90,90],"card_choices":[{"not_picked":["Whirlwind","Clash"],"picked":"Spot Weakness","floor":1.0},{"not_picked":["Wild Strike","Dark Embrace"],"picked":"Shrug It Off","floor":2.0},{"not_picked":["Iron Wave","Spot Weakness","Armaments"],"picked":"SKIP","floor":4.0},{"not_picked":["Iron Wave","Burning Pact"],"picked":"Intimidate","floor":10.0},{"not_picked":["Clash","Shrug It Off"],"picked":"Body Slam","floor":11.0},{"not_picked":["Double Tap","Pummel"],"picked":"Impervious","floor":12.0},{"not_picked":["Intimidate","Pommel Strike","Wild Strike"],"picked":"SKIP","floor":13.0},{"not_picked":["Wild Strike","Clothesline"],"picked":"Sword Boomerang","floor":14.0},{"not_picked":["Double Tap","Corruption"],"picked":"Barricade","floor":16.0},{"not_picked":["Spot Weakness","Uppercut","Combust"],"picked":"SKIP","floor":18.0},{"not_picked":["Thunderclap","Heavy Blade","Hemokinesis"],"picked":"SKIP","floor":19.0},{"not_picked":["Body Slam","Sword Boomerang","Intimidate+1"],"picked":"SKIP","floor":20.0},{"not_picked":["Heavy Blade","Twin Strike","Flex"],"picked":"SKIP","floor":24.0},{"not_picked":["Bludgeon","Intimidate","Pommel Strike"],"picked":"SKIP","floor":30.0},{"not_picked":["Limit Break","Double Tap"],"picked":"Reaper","floor":33.0},{"not_picked":["Warcry","Burning Pact"],"picked":"Body Slam+1","floor":34.0},{"not_picked":["Armaments","Thunderclap","Feed"],"picked":"SKIP","floor":35.0},{"not_picked":["True Grit","Dropkick+1","Body Slam"],"picked":"SKIP","floor":36.0},{"not_picked":["Clash+1","Headbutt","Disarm"],"picked":"SKIP","floor":37.0},{"not_picked":["Havoc","Pummel"],"picked":"Entrench","floor":38.0},{"not_picked":["Cleave+1","Flex","Spot Weakness"],"picked":"SKIP","floor":39.0},{"not_picked":["Wild Strike+1","Anger","Dual Wield"],"picked":"SKIP","floor":41.0},{"not_picked":["Disarm+1","Reckless Charge","Demon Form"],"picked":"SKIP","floor":44.0},{"not_picked":["Warcry+1","Body Slam","Uppercut"],"picked":"SKIP","floor":45.0},{"not_picked":["Warcry","Heavy Blade+1"],"picked":"Shrug It Off","floor":46.0},{"not_picked":["Reckless Charge","Wild Strike","Iron Wave+1"],"picked":"SKIP","floor":48.0}],"player_experience":321428,"relics_obtained":[{"floor":7.0,"key":"CeramicFish"},{"floor":9.0,"key":"Vajra"},{"floor":12.0,"key":"Girya"},{"floor":26.0,"key":"Anchor"},{"floor":43.0,"key":"Bag of Marbles"}],"event_choices":[{"damage_healed":0.0,"max_hp_gain":0.0,"max_hp_loss":0.0,"gold_gain":75.0,"event_name":"World of Goop","player_choice":"Gather Gold","floor":5.0,"gold_loss":0.0,"damage_taken":11.0},{"damage_healed":0.0,"max_hp_gain":0.0,"max_hp_loss":0.0,"gold_gain":0.0,"event_name":"Addict","player_choice":"Obtained Relic","floor":21.0,"gold_loss":85.0,"damage_taken":0.0,"relics_obtained":["Tiny Chest"]},{"damage_healed":0.0,"max_hp_gain":0.0,"max_hp_loss":0.0,"gold_gain":0.0,"event_name":"Lab","player_choice":"Got Potions","floor":31.0,"gold_loss":0.0,"damage_taken":0.0}],"is_beta":false,"boss_relics":[{"not_picked":["Snecko Eye","Coffee Dripper"],"picked":"Pandora\u0027s Box"},{"not_picked":["SacredBark","Empty Cage"],"picked":"Tiny House"}],"items_purged_floors":[3,22,27],"is_endless":false,"potions_floor_spawned":[1,4,10,13,19,20,33,39,45,48],"ascension_level":0}}