{"host":"mmqs5ul2bvb60kyc","time":1609638240,"event":{"mods":["AchievementEnabler","BaseMod","Minty Spire (QoL Compilation)","StSLib"],"gold_per_floor":[118,118,136,86,102,137,137,168,168,187,200,200,221,242,242,363,363,382,382,398,422,440,479,479,514,589,589,623,294,294,119,119,239,239,264,279,297,297,155,195,207,258,318,349,379,416,448,495,507,519,531,543,83,117,117],"floor_reached":56,"playtime":3247,"items_purged":["Strike_R","Strike_R","Carnage","Defend_R"],"score":1900,"play_id":"1e0a9625-2cc2-4d13-b595-aba28a09bcce","local_time":"20210103094400","is_ascension_mode":true,"campfire_choices":[{"data":"Battle Trance","floor":7.0,"key":"SMITH"},{"data":"Bloodletting","floor":12.0,"key":"SMITH"},{"data":"Armaments","floor":15.0,"key":"SMITH"},{"data":"Demon Form","floor":24.0,"key":"SMITH"},{"floor":27.0,"key":"REST"},{"floor":30.0,"key":"RECALL"},{"data":"Bash","floor":32.0,"key":"SMITH"},{"data":"Limit Break","floor":41.0,"key":"SMITH"},{"data":"Burning Pact","floor":49.0,"key":"SMITH"},{"data":"Battle Trance","floor":52.0,"key":"SMITH"}],"circlet_count":0,"master_deck":["Defend_R","Defend_R+1","Defend_R","Bash+1","Battle Trance+1","Bloodletting+1","Shockwave","Limit Break+1","Whirlwind","Sword Boomerang","Shrug It Off","Armaments+1","Demon Form+1","Power Through+1","Fiend Fire","Feel No Pain","Impervious+1","Reaper","Battle Trance+1","Burning Pact+1","Dark Embrace"],"relics":["Burning Blood","NeowsBlessing","Golden Idol","Ice Cream","Question Card","Runic Pyramid","Nloth\u0027s Gift","Toy Ornithopter","InkBottle","Meat on the Bone","Vajra","Membership Card","Self Forming Clay","Singing Bowl","Empty Cage","Lantern","MawBank","Nunchaku","War Paint","Boot","Lizard Tail","Anchor","HandDrill","Champion Belt"],"acts_visited":["Exordium","TheCity","TheBeyond","TheEnding"],"potions_floor_usage":[55,55],"damage_taken":[{"damage":7.0,"enemies":"2 Louse","floor":1.0,"turns":2.0},{"damage":0.0,"enemies":"Jaw Worm","floor":3.0,"turns":1.0},{"damage":0.0,"enemies":"Cultist","floor":5.0,"turns":1.0},{"damage":33.0,"enemies":"3 Sentries","floor":6.0,"turns":8.0},{"damage":19.0,"enemies":"Lagavulin","floor":8.0,"turns":7.0},{"damage":6.0,"enemies":"Red Slaver","floor":10.0,"turns":5.0},{"damage":11.0,"enemies":"Blue Slaver","floor":11.0,"turns":4.0},{"damage":5.0,"enemies":"3 Louse","floor":13.0,"turns":3.0},{"damage":4.0,"enemies":"Exordium Thugs","floor":14.0,"turns":3.0},{"damage":3.0,"enemies":"Slime Boss","floor":16.0,"turns":6.0},{"damage":14.0,"enemies":"Shell Parasite","floor":18.0,"turns":4.0},{"damage":8.0,"enemies":"Spheric Guardian","floor":20.0,"turns":5.0},{"damage":30.0,"enemies":"Snake Plant","floor":21.0,"turns":4.0},{"damage":3.0,"enemies":"3 Cultists","floor":22.0,"turns":4.0},{"damage":14.0,"enemies":"Gremlin Leader","floor":23.0,"turns":7.0},{"damage":27.0,"enemies":"Slavers","floor":25.0,"turns":6.0},{"damage":17.0,"enemies":"Book of Stabbing","floor":28.0,"turns":4.0},{"damage":16.0,"enemies":"Champ","floor":33.0,"turns":5.0},{"damage":6.0,"enemies":"3 Shapes","floor":35.0,"turns":9.0},{"damage":18.0,"enemies":"3 Darklings","floor":36.0,"turns":5.0},{"damage":3.0,"enemies":"Sphere and 2 Shapes","floor":37.0,"turns":6.0},{"damage":3.0,"enemies":"Giant Head","floor":40.0,"turns":5.0},{"damage":73.0,"enemies":"Reptomancer","floor":42.0,"turns":6.0},{"damage":3.0,"enemies":"Jaw Worm Horde","floor":44.0,"turns":5.0},{"damage":22.0,"enemies":"Spire Growth","floor":45.0,"turns":6.0},{"damage":8.0,"enemies":"Sphere and 2 Shapes","floor":46.0,"turns":5.0},{"damage":26.0,"enemies":"Transient","floor":47.0,"turns":5.0},{"damage":15.0,"enemies":"Giant Head","floor":48.0,"turns":5.0},{"damage":59.0,"enemies":"Awakened One","floor":50.0,"turns":6.0},{"damage":24.0,"enemies":"Shield and Spear","floor":54.0,"turns":4.0},{"damage":73,"enemies":"The Heart","floor":55,"turns":6}],"seed_played":"-6588426159030762613","potions_obtained":[{"floor":1.0,"key":"PowerPotion"},{"floor":10.0,"key":"BlessingOfTheForge"},{"floor":11.0,"key":"PowerPotion"},{"floor":14.0,"key":"EssenceOfSteel"},{"floor":16.0,"key":"Strength Potion"},{"floor":21.0,"key":"Block Potion"},{"floor":23.0,"key":"EntropicBrew"},{"floor":28.0,"key":"BloodPotion"},{"floor":33.0,"key":"DuplicationPotion"},{"floor":44.0,"key":"Block Potion"},{"floor":46.0,"key":"DuplicationPotion"},{"floor":54.0,"key":"DuplicationPotion"}],"is_trial":false,"path_per_floor":["M","?","M","?","M","E","R","E","T","M","M","R","M","M","R","B",null,"M","?","M","M","M","E","R","E","T","R","E","$","R","$","R","B",null,"M","M","M","T","$","E","R","E","T","M","M","M","M","E","R","B",null,"R","$","E","B",null],"character_chosen":"IRONCLAD","items_purchased":["Membership Card","Self Forming Clay","AttackPotion","Singing Bowl","Lantern","Lizard Tail","Anchor","HandDrill","Dark Embrace","PowerPotion","GamblersBrew"],"campfire_rested":1,"item_purchase_floors":[29,29,29,31,39,53,53,53,53,53,53],"current_hp_per_floor":[71,51,57,57,63,36,36,23,23,23,18,18,19,21,21,24,66,58,58,56,32,35,27,27,16,16,40,46,46,46,46,46,48,72,74,64,67,67,67,86,86,33,33,50,82,80,94,94,94,53,84,84,84,73,28],"gold":117,"neow_bonus":"THREE_ENEMY_KILL","is_daily":false,"chose_seed":false,"campfire_upgraded":8,"win_rate":0.0,"timestamp":1609638240,"path_taken":["M","?","M","?","M","E","R","E","T","M","M","R","M","M","R","BOSS","M","?","M","M","M","E","R","E","T","R","E","$","R","?","R","BOSS","M","M","M","?","$","E","R","E","T","M","M","M","M","E","R","BOSS","R","$","E","BOSS"],"items_purchased_type":["Relic","Relic","Potion","Relic","Relic","Relic","Relic","Relic","Card","Potion","Potion"],"build_version":"2020-12-22","purchased_purges":4,"victory":true,"max_hp_per_floor":[80,80,80,80,80,80,80,80,80,80,80,80,80,80,80,80,80,80,80,80,80,80,80,80,80,80,80,80,80,80,80,80,80,80,82,84,84,84,84,86,86,88,88,90,92,92,94,94,94,94,94,94,94,96,96],"card_choices":[{"not_picked":["Evolve","Body Slam"],"picked":"Battle Trance","floor":1.0},{"not_picked":["Warcry","True Grit"],"picked":"Bloodletting","floor":3.0},{"not_picked":["Battle Trance","Wild Strike"],"picked":"Shockwave","floor":5.0},{"not_picked":["Headbutt","Sever Soul"],"picked":"Limit Break","floor":6.0},{"not_picked":["Hemokinesis","Sever Soul"],"picked":"Whirlwind","floor":8.0},{"not_picked":["Sentinel","Anger","Flex"],"picked":"Sword Boomerang","floor":10.0},{"not_picked":["Sword Boomerang","Reckless Charge","Twin Strike"],"picked":"Shrug It Off","floor":11.0},{"not_picked":["Bloodletting","Thunderclap","Iron Wave"],"picked":"Armaments","floor":13.0},{"not_picked":["Heavy Blade","Havoc","Sever Soul"],"picked":"Carnage","floor":14.0},{"not_picked":["Juggernaut","Barricade","Feed"],"picked":"Demon Form","floor":16.0},{"not_picked":["Clash+1","True Grit","Combust","Anger"],"picked":"SKIP","floor":18.0},{"not_picked":["Iron Wave","Warcry","Clash+1","Heavy Blade"],"picked":"SKIP","floor":20.0},{"not_picked":["Combust","Fire Breathing+1","Wild Strike","Pommel Strike"],"picked":"SKIP","floor":21.0},{"not_picked":["Rage","Sword Boomerang","Reckless Charge"],"picked":"Power Through+1","floor":22.0},{"not_picked":["Flex+1","True Grit+1","Rupture"],"picked":"Fiend Fire","floor":23.0},{"not_picked":["Dual Wield","Barricade","Uppercut"],"picked":"Feel No Pain","floor":25.0},{"not_picked":["Clash","Iron Wave","Wild Strike+1","Perfected Strike+1"],"picked":"SKIP","floor":28.0},{"not_picked":["Feed","Berserk","Corruption"],"picked":"Impervious","floor":33.0},{"not_picked":["Flex+1","True Grit","Pummel+1","Uppercut"],"picked":"Singing Bowl","floor":35.0},{"not_picked":["True Grit","Double Tap","Shrug It Off","Exhume"],"picked":"Singing Bowl","floor":36.0},{"not_picked":["Thunderclap","Twin Strike","Blood for Blood"],"picked":"Reaper","floor":37.0},{"not_picked":["Bludgeon","Combust","Searing Blow","Whirlwind"],"picked":"Singing Bowl","floor":40.0},{"not_picked":["Armaments","Bludgeon","Shockwave","Brutality"],"picked":"Singing Bowl","floor":42.0},{"not_picked":["True Grit","Sword Boomerang","Sever Soul+1","Entrench"],"picked":"Singing Bowl","floor":44.0},{"not_picked":["Sever Soul","Clash+1","Flame Barrier","Pommel Strike+1"],"picked":"Singing Bowl","floor":45.0},{"not_picked":["Berserk","Clash+1","Dropkick+1"],"picked":"Battle Trance","floor":46.0},{"not_picked":["Brutality","Intimidate","Seeing Red+1","Inflame+1"],"picked":"Singing Bowl","floor":47.0},{"not_picked":["Heavy Blade","Blood for Blood","Shockwave+1"],"picked":"Burning Pact","floor":48.0},{"not_picked":["Rampage+1","Disarm","Clothesline","Corruption"],"picked":"Singing Bowl","floor":54.0}],"player_experience":222553,"relics_obtained":[{"floor":6.0,"key":"Ice Cream"},{"floor":8.0,"key":"Question Card"},{"floor":9.0,"key":"Blue Candle"},{"floor":23.0,"key":"Toy Ornithopter"},{"floor":25.0,"key":"InkBottle"},{"floor":26.0,"key":"Meat on the Bone"},{"floor":28.0,"key":"Vajra"},{"floor":40.0,"key":"MawBank"},{"floor":42.0,"key":"Nunchaku"},{"floor":43.0,"key":"War Paint"},{"floor":48.0,"key":"Boot"},{"floor":54.0,"key":"Champion Belt"}],"event_choices":[{"damage_healed":0.0,"max_hp_gain":0.0,"max_hp_loss":0.0,"gold_gain":0.0,"event_name":"Golden Idol","player_choice":"Take Damage","floor":2.0,"gold_loss":0.0,"damage_taken":20.0,"relics_obtained":["Golden Idol"]},{"cards_removed":["Strike_R"],"damage_healed":0.0,"max_hp_gain":0.0,"max_hp_loss":0.0,"gold_gain":0.0,"event_name":"The Cleric","player_choice":"Card Removal","floor":4.0,"gold_loss":50.0,"damage_taken":0.0},{"damage_healed":0.0,"max_hp_gain":0.0,"max_hp_loss":0.0,"gold_gain":0.0,"event_name":"N\u0027loth","player_choice":"Traded Relic","floor":19.0,"relics_lost":["Blue Candle"],"gold_loss":0.0,"damage_taken":0.0,"relics_obtained":["Nloth\u0027s Gift"]}],"is_beta":false,"boss_relics":[{"not_picked":["Runic Cube","Black Blood"],"picked":"Runic Pyramid"},{"not_picked":["Calling Bell","Cursed Key"],"picked":"Empty Cage"}],"items_purged_floors":[29,31,39,53],"is_endless":false,"potions_floor_spawned":[1,10,11,14,16,21,23,28,33,37,44,45,46,47,54],"ascension_level":9}}