{"host":"kev6uqotw4tlyx8l","time":1609685321,"event":{"mods":["Act Like it!","Aspiration","BaseMod","Colored Powertips","Dota2Spire","Downfall","Hallownest","Infinite Spire","Marisa????????","Minty Spire (QoL Compilation)","Quick Restart","Remilia??????","Replay The Spire","StSLib","The Cursed","The Jungle","The Marked","The Mystic","The Servant 0.9.4"],"gold_per_floor":[118,203,221,221,221,261,261,285,309,107,132,132,132,146,146,274,274,288,82,105,105,118,153,203,203,226,236,236],"floor_reached":27,"playtime":592,"items_purged":["Defend_R"],"score":307,"play_id":"d27ee928-b2a7-462f-b923-bd76ca512b4c","local_time":"20210103214841","is_ascension_mode":true,"campfire_choices":[{"data":"Perfected Strike","floor":12,"key":"SMITH"},{"data":"Cleave","floor":15,"key":"SMITH"},{"data":"ReplayTheSpireMod:Muscle Training","floor":25,"key":"SMITH"}],"circlet_count":0,"master_deck":["Strike_R+1","Strike_R+1","Strike_R+1","Strike_R+1","Strike_R+1","Defend_R+1","Defend_R+1","Defend_R+1","Bash","Anger","Twin Strike","Clash","Warcry","Perfected Strike+1","Limit Break+1","Anger","Perfected Strike+1","Pommel Strike","Cleave+1","Reaper","Pommel Strike","ReplayTheSpireMod:Stacked","Inflame","Run Through","expansioncontent:LastStand","Thunderclap+1","Armaments+1","ReplayTheSpireMod:Muscle Training+1"],"relics":["Burning Blood","NeowsBlessing","Pen Nib","Golden Idol","FossilizedHelix","infinitespire:ShieldingShard","ScarletDevilRocket","BargainBundle","Boot","Replay:Bandana","Dota2Spire:ArmletOfMordiggian"],"acts_visited":["Exordium","TheCity"],"potions_floor_usage":[11,19,22,23],"damage_taken":[{"damage":0,"enemies":"2 Louse","floor":1,"turns":1},{"damage":0,"enemies":"Small Slimes","floor":3,"turns":1},{"damage":0,"enemies":"3 Sentries","floor":6,"turns":1},{"damage":0,"enemies":"Cultist","floor":8,"turns":2},{"damage":0,"enemies":"Blue Slaver","floor":11,"turns":3},{"damage":0,"enemies":"Exordium Wildlife","floor":14,"turns":3},{"damage":12,"enemies":"Slime Boss","floor":16,"turns":6},{"damage":10,"enemies":"3 Byrds","floor":18,"turns":5},{"damage":0,"enemies":"Spheric Guardian","floor":20,"turns":2},{"damage":0,"enemies":"Snecko","floor":22,"turns":4},{"damage":23,"enemies":"Slavers","floor":23,"turns":6},{"damage":68,"enemies":"Book of Stabbing","floor":27,"turns":5}],"seed_played":"-985188323480198987","potions_obtained":[{"floor":1,"key":"Ancient Potion"},{"floor":6,"key":"ColorlessPotion"},{"floor":14,"key":"Dota2Spire:HealingSalve"},{"floor":18,"key":"AttackPotion"},{"floor":23,"key":"Slimebound:ThreeZeroPotion"}],"is_trial":false,"path_per_floor":["M","?","M","?","?","E","T","M","T","$","M","R","?","M","R","B",null,"M","$","M","?","M","E","T","R","T","E"],"character_chosen":"IRONCLAD","items_purchased":["Limit Break+1","Anger","Perfected Strike","BargainBundle","ReplayTheSpireMod:Stacked","Inflame","Run Through","expansioncontent:LastStand","Fruit Juice","PowerPotion"],"campfire_rested":0,"item_purchase_floors":[10,10,10,19,19,19,19,19,19,19],"current_hp_per_floor":[80,80,80,60,60,66,66,72,72,72,80,80,80,80,80,74,80,76,81,85,85,85,68,68,68,68,0,0],"gold":236,"neow_bonus":"THREE_ENEMY_KILL","is_daily":false,"chose_seed":false,"campfire_upgraded":3,"win_rate":0.0,"timestamp":1609685321,"path_taken":["M","?","M","?","?","E","?","M","T","$","M","R","?","M","R","BOSS","M","$","?","?","M","E","?","R","T","E"],"items_purchased_type":["Card","Card","Card","Relic","Card","Card","Card","Card","Potion","Potion"],"build_version":"2020-12-22","purchased_purges":1,"victory":false,"max_hp_per_floor":[80,80,80,80,80,80,80,80,80,80,80,80,80,80,80,80,80,80,85,85,85,85,85,85,85,85,85,85],"card_choices":[{"not_picked":["Body Slam","Clothesline","Havoc"],"picked":"SKIP","floor":1},{"not_picked":["Flex","Intimidate"],"picked":"Anger","floor":2},{"not_picked":["True Grit","Ghostly Armor"],"picked":"Twin Strike","floor":2},{"not_picked":["Wild Strike","Body Slam"],"picked":"Clash","floor":3},{"not_picked":["Juggernaut","Flex"],"picked":"Warcry","floor":6},{"not_picked":["Havoc","Entrench"],"picked":"Perfected Strike","floor":8},{"not_picked":["Warcry","Sever Soul"],"picked":"Pommel Strike","floor":11},{"not_picked":["Burning Pact","Barricade"],"picked":"Cleave","floor":14},{"not_picked":["Berserk","Brutality"],"picked":"Reaper","floor":16},{"not_picked":["Heavy Blade","Whirlwind+1"],"picked":"Pommel Strike","floor":18},{"not_picked":["Wild Strike","Shrug It Off"],"picked":"Thunderclap+1","floor":20},{"not_picked":["Body Slam","Heavy Blade"],"picked":"Armaments+1","floor":22},{"not_picked":["Body Slam","Carnage"],"picked":"ReplayTheSpireMod:Muscle Training","floor":23}],"player_experience":85124,"relics_obtained":[{"floor":2,"key":"Pen Nib"},{"floor":6,"key":"FossilizedHelix"},{"floor":7,"key":"infinitespire:ShieldingShard"},{"floor":9,"key":"ScarletDevilRocket"},{"floor":23,"key":"Boot"},{"floor":24,"key":"Replay:Bandana"},{"floor":26,"key":"Dota2Spire:ArmletOfMordiggian"}],"event_choices":[{"damage_healed":0,"gold_gain":0,"player_choice":"Take Damage","damage_taken":20,"relics_obtained":["Golden Idol"],"max_hp_gain":0,"max_hp_loss":0,"event_name":"Golden Idol","floor":4,"gold_loss":0},{"cards_removed":["ReplayTheSpireMod:Splinters"],"damage_healed":0,"gold_gain":0,"player_choice":"Forget","damage_taken":0,"max_hp_gain":0,"max_hp_loss":0,"event_name":"Living Wall","floor":5,"gold_loss":0},{"damage_healed":0,"gold_gain":0,"player_choice":"Upgraded","damage_taken":0,"max_hp_gain":0,"max_hp_loss":0,"event_name":"Upgrade Shrine","floor":13,"gold_loss":0,"cards_upgraded":["Perfected Strike"]},{"damage_healed":0,"gold_gain":0,"player_choice":"Simplicity","damage_taken":0,"max_hp_gain":0,"max_hp_loss":0,"event_name":"Back to Basics","floor":21,"gold_loss":0,"cards_upgraded":["Strike_R","Strike_R","Strike_R","Strike_R","Strike_R","Defend_R","Defend_R","Defend_R"]}],"is_beta":false,"boss_relics":[{"not_picked":["Replay:Grab Bag","Snecko Eye","Ectoplasm"]}],"items_purged_floors":[19],"is_endless":false,"potions_floor_spawned":[1,6,14,18,20,23],"killed_by":"Book of Stabbing","ascension_level":4}}