{"host":"b0dcklafnoly879c","time":1609712615,"event":{"mods":["BaseMod","Minty Spire (QoL Compilation)","StSLib","The Dragon Tamer","The Jungle"],"gold_per_floor":[119,196,2,2,15,45,45,45,113,63,74,107,107,141,141,238,238,248,265,265,137,152,180,180,180],"floor_reached":24,"playtime":1082,"items_purged":["Strike_G"],"score":333,"play_id":"0bdc3c2d-8085-4546-ad63-1697d123902e","local_time":"20210104072335","is_ascension_mode":true,"campfire_choices":[{"data":"Tools of the Trade","floor":8.0,"key":"SMITH"},{"data":"Prepared","floor":13.0,"key":"SMITH"},{"data":"Bouncing Flask","floor":15.0,"key":"SMITH"}],"circlet_count":0,"master_deck":["Strike_G","Strike_G","Strike_G","Defend_G","Defend_G","Defend_G","Defend_G","Defend_G","Survivor","Neutralize","Acrobatics","Deadly Poison+1","Noxious Fumes","Tools of the Trade+1","Bouncing Flask+1","Prepared+1","Backflip","PiercingWail","Catalyst","Dagger Throw"],"relics":["Ring of the Snake","NeowsBlessing","Paper Crane","TwistedFunnel","Omamori","Frozen Egg 2","Dead Branch","Anchor","HoveringKite","theJungle:WildMango","Smiling Mask"],"acts_visited":["Exordium","theJungle:Jungle"],"potions_floor_usage":[24,24],"damage_taken":[{"damage":0.0,"enemies":"Cultist","floor":1.0,"turns":1.0},{"damage":0.0,"enemies":"Jaw Worm","floor":5.0,"turns":1.0},{"damage":0.0,"enemies":"3 Sentries","floor":6.0,"turns":1.0},{"damage":3.0,"enemies":"Small Slimes","floor":11.0,"turns":4.0},{"damage":10.0,"enemies":"Gremlin Nob","floor":12.0,"turns":4.0},{"damage":22.0,"enemies":"3 Sentries","floor":14.0,"turns":5.0},{"damage":6.0,"enemies":"The Guardian","floor":16.0,"turns":7.0},{"damage":12.0,"enemies":"theJungle:MUSHROOMGANG","floor":18.0,"turns":4.0},{"damage":14.0,"enemies":"theJungle:5_Spyders","floor":19.0,"turns":6.0},{"damage":12.0,"enemies":"theJungle:Lyon","floor":22.0,"turns":3.0},{"damage":39.0,"enemies":"theJungle:MamaSnecko","floor":23.0,"turns":5.0},{"damage":14,"enemies":"theJungle:JungleHuntersEncounter","floor":24,"turns":3}],"seed_played":"7387675019110680440","potions_obtained":[{"floor":1.0,"key":"Fruit Juice"},{"floor":11.0,"key":"Swift Potion"},{"floor":12.0,"key":"Strength Potion"},{"floor":16.0,"key":"SkillPotion"},{"floor":18.0,"key":"Dexterity Potion"}],"is_trial":false,"path_per_floor":["M","T","$","?","M","E","?","R","T","?","M","E","R","E","R","B",null,"M","M","?","$","M","E","M"],"character_chosen":"THE_SILENT","items_purchased":["TwistedFunnel","Deadly Poison","Dagger Throw"],"campfire_rested":0,"item_purchase_floors":[3,3,21],"current_hp_per_floor":[75,75,75,75,75,75,75,75,75,75,72,62,62,40,40,34,75,63,49,63,63,51,12,0,0],"gold":180,"neow_bonus":"THREE_ENEMY_KILL","is_daily":false,"chose_seed":false,"campfire_upgraded":3,"win_rate":0.0,"timestamp":1609712615,"path_taken":["M","?","$","?","M","E","?","R","T","?","M","E","R","E","R","BOSS","M","M","?","$","M","E","M"],"items_purchased_type":["Relic","Card","Card"],"build_version":"2020-12-22","purchased_purges":1,"victory":false,"max_hp_per_floor":[75,75,75,75,75,75,75,75,75,75,75,75,75,75,75,75,75,75,75,89,89,89,89,89,89],"card_choices":[{"not_picked":["Outmaneuver","Underhanded Strike"],"picked":"Acrobatics","floor":1.0},{"not_picked":["Caltrops","Deflect"],"picked":"Noxious Fumes","floor":5.0},{"not_picked":["Backstab","Dash"],"picked":"Tools of the Trade","floor":6.0},{"not_picked":["Well Laid Plans+1","Sucker Punch"],"picked":"Bouncing Flask","floor":11.0},{"not_picked":["Deadly Poison","Unload"],"picked":"Prepared","floor":12.0},{"not_picked":["Flying Knee","Blur"],"picked":"Backflip","floor":14.0},{"not_picked":["Quick Slash","Bouncing Flask"],"picked":"PiercingWail","floor":18.0},{"not_picked":["Leg Sweep","Noxious Fumes+1"],"picked":"Catalyst","floor":19.0},{"not_picked":["Distraction","Dagger Throw+1","Backflip"],"picked":"SKIP","floor":22.0},{"not_picked":["Sucker Punch+1","Dagger Throw","Predator"],"picked":"SKIP","floor":23.0}],"player_experience":237160,"relics_obtained":[{"floor":2.0,"key":"Paper Crane"},{"floor":6.0,"key":"Omamori"},{"floor":9.0,"key":"Frozen Egg 2"},{"floor":12.0,"key":"Dead Branch"},{"floor":14.0,"key":"Anchor"},{"floor":23.0,"key":"Smiling Mask"}],"event_choices":[{"damage_healed":0.0,"max_hp_gain":0.0,"max_hp_loss":0.0,"gold_gain":0.0,"event_name":"Living Wall","player_choice":"Grow","floor":4.0,"gold_loss":0.0,"damage_taken":0.0,"cards_upgraded":["Deadly Poison"]},{"damage_healed":0.0,"max_hp_gain":0.0,"max_hp_loss":0.0,"gold_gain":0.0,"event_name":"Liars Game","player_choice":"Ignored","floor":7.0,"gold_loss":0.0,"damage_taken":0.0},{"cards_removed":["Strike_G"],"damage_healed":0.0,"max_hp_gain":0.0,"max_hp_loss":0.0,"gold_gain":0.0,"event_name":"The Cleric","player_choice":"Card Removal","floor":10.0,"gold_loss":50.0,"damage_taken":0.0}],"is_beta":false,"boss_relics":[{"not_picked":["Tiny House","Coffee Dripper"],"picked":"HoveringKite"}],"items_purged_floors":[21],"is_endless":false,"potions_floor_spawned":[1,11,12,16,18,23],"killed_by":"theJungle:JungleHuntersEncounter","ascension_level":4}}