{"host":"jpzdg3po3tjxdjri","time":1609692927,"event":{"mods":["BaseMod","Better Third Choice","Colored Map","Colored Powertips","Minty Spire (QoL Compilation)","StSLib"],"gold_per_floor":[114,125,125,125,143,183,202,202,202],"floor_reached":8,"playtime":266,"items_purged":[],"score":99,"play_id":"7faadea3-f737-4f36-95e2-b19dde2920e0","local_time":"20210103165527","is_ascension_mode":true,"campfire_choices":[],"circlet_count":0,"master_deck":["AscendersBane","Strike_R","Strike_R","Strike_R","Strike_R","Strike_R","Defend_R","Defend_R","Defend_R","Defend_R","Bash","Pommel Strike","Pummel","Clothesline","Body Slam","Flame Barrier"],"relics":["Burning Blood","Golden Idol","The Courier"],"acts_visited":["Exordium"],"potions_floor_usage":[6,8,8],"damage_taken":[{"damage":1,"enemies":"Cultist","floor":1,"turns":4},{"damage":0,"enemies":"Small Slimes","floor":2,"turns":3},{"damage":1,"enemies":"2 Louse","floor":5,"turns":2},{"damage":37,"enemies":"3 Sentries","floor":6,"turns":9},{"damage":10,"enemies":"2 Fungi Beasts","floor":7,"turns":6},{"damage":34,"enemies":"Lagavulin","floor":8,"turns":6}],"seed_played":"38302946877865962","potions_obtained":[{"floor":0,"key":"LiquidMemories"},{"floor":0,"key":"Energy Potion"},{"floor":7,"key":"DuplicationPotion"}],"is_trial":false,"path_per_floor":["M","M","?","?","M","E","M","E"],"character_chosen":"IRONCLAD","items_purchased":[],"campfire_rested":0,"item_purchase_floors":[],"current_hp_per_floor":[73,75,57,62,67,36,32,0,0],"gold":202,"neow_bonus":"THREE_SMALL_POTIONS","is_daily":false,"chose_seed":false,"campfire_upgraded":0,"win_rate":0.0,"timestamp":1609692927,"path_taken":["M","M","?","?","M","E","M","E"],"items_purchased_type":[],"build_version":"2020-12-22","purchased_purges":0,"victory":false,"max_hp_per_floor":[75,75,75,80,80,80,80,80,80],"card_choices":[{"not_picked":["Whirlwind","Reckless Charge"],"picked":"Pommel Strike","floor":1},{"not_picked":["Heavy Blade","Reckless Charge"],"picked":"Pummel","floor":2},{"not_picked":["Wild Strike","Power Through"],"picked":"Clothesline","floor":5},{"not_picked":["Wild Strike","Heavy Blade"],"picked":"Body Slam","floor":6},{"not_picked":["Thunderclap","Sword Boomerang"],"picked":"Flame Barrier","floor":7}],"player_experience":819101,"relics_obtained":[{"floor":6,"key":"The Courier"}],"event_choices":[{"damage_healed":0,"gold_gain":0,"player_choice":"Take Damage","damage_taken":18,"relics_obtained":["Golden Idol"],"max_hp_gain":0,"max_hp_loss":0,"event_name":"Golden Idol","floor":3,"gold_loss":0},{"damage_healed":0,"gold_gain":0,"player_choice":"Donut","damage_taken":0,"max_hp_gain":5,"max_hp_loss":0,"event_name":"Big Fish","floor":4,"gold_loss":0}],"is_beta":false,"boss_relics":[],"items_purged_floors":[],"is_endless":false,"potions_floor_spawned":[1,2,7],"killed_by":"Lagavulin","ascension_level":14}}