{"host":"1u4zr9vl8my47i07","time":1609702764,"event":{"mods":["AchievementEnabler","BaseMod","DeckTracker","Highlight Path","Keyboard Shortcuts","Minty Spire (QoL Compilation)","Relic Stats","StSLib","SuperFastMode","The Animator","Uncapped","Waifu the Spire","everything is the same but u backflip on backflip"],"gold_per_floor":[111,111,111,122,122,453,453,486,541,541,551,551,343,418,418,519,519,536,552,552,467,467,467,481,228,254,254,254,254,271,120,120,225,225,245,27,77,77,77,104,29,29,29,55,70,70,20,0,0,0,0,0,0,25,25],"floor_reached":56,"playtime":3318,"items_purged":["Strike_R","Strike_R","Defend_R+1","Hemokinesis+1"],"score":1802,"play_id":"a91b06d6-1603-42d0-ada1-fc9566a58bcc","local_time":"20210104043924","is_ascension_mode":true,"campfire_choices":[{"data":"Uppercut","floor":7.0,"key":"SMITH"},{"data":"Power Through","floor":10.0,"key":"SMITH"},{"data":"Shrug It Off","floor":12.0,"key":"SMITH"},{"data":"True Grit","floor":15.0,"key":"SMITH"},{"data":"Dropkick","floor":23.0,"key":"SMITH"},{"data":"Body Slam","floor":27.0,"key":"SMITH"},{"data":"Defend_R","floor":29.0,"key":"SMITH"},{"data":"True Grit","floor":32.0,"key":"SMITH"},{"data":"Purity","floor":46.0,"key":"SMITH"},{"floor":49.0,"key":"RECALL"},{"data":"Finesse","floor":52.0,"key":"SMITH"}],"circlet_count":0,"master_deck":["AscendersBane","Defend_R+1","Defend_R+1","Bash","Sword Boomerang+1","Uppercut+1","Power Through+1","Dropkick+1","Shrug It Off+1","Dropkick+1","True Grit+1","Body Slam+1","True Grit+1","Brutality","Feel No Pain+1","Pommel Strike+1","Finesse+1","Purity+1","Second Wind","Dark Embrace"],"relics":["Burning Blood","NeowsBlessing","Juzu Bracelet","Old Coin","Red Skull","Blood Vial","Sozu","Dream Catcher","Medical Kit","War Paint","Bag of Preparation","Astrolabe","CaptainsWheel","Smiling Mask","Meat on the Bone","Red Mask","Mummified Hand","Calipers"],"acts_visited":[],"potions_floor_usage":[],"damage_taken":[{"damage":0.0,"enemies":"Small Slimes","floor":1.0,"turns":1.0},{"damage":0.0,"enemies":"Jaw Worm","floor":4.0,"turns":1.0},{"damage":0.0,"enemies":"3 Sentries","floor":6.0,"turns":2.0},{"damage":16.0,"enemies":"Gremlin Nob","floor":8.0,"turns":5.0},{"damage":0.0,"enemies":"2 Louse","floor":11.0,"turns":5.0},{"damage":4.0,"enemies":"The Guardian","floor":16.0,"turns":13.0},{"damage":25.0,"enemies":"2 Thieves","floor":18.0,"turns":5.0},{"damage":0.0,"enemies":"Shell Parasite","floor":19.0,"turns":6.0},{"damage":10.0,"enemies":"Snecko","floor":24.0,"turns":4.0},{"damage":9.0,"enemies":"Shelled Parasite and Fungi","floor":30.0,"turns":5.0},{"damage":29.0,"enemies":"Champ","floor":33.0,"turns":8.0},{"damage":6.0,"enemies":"3 Darklings","floor":35.0,"turns":5.0},{"damage":6.0,"enemies":"Mind Bloom Boss Battle","floor":37.0,"turns":7.0},{"damage":15.0,"enemies":"Nemesis","floor":40.0,"turns":7.0},{"damage":0.0,"enemies":"Orb Walker","floor":45.0,"turns":3.0},{"damage":21.0,"enemies":"Time Eater","floor":50.0,"turns":13.0},{"damage":17.0,"enemies":"Shield and Spear","floor":54.0,"turns":7.0},{"damage":25,"enemies":"The Heart","floor":55,"turns":8}],"seed_played":"5757638780391025769","potions_obtained":[{"floor":6.0,"key":"Block Potion"},{"floor":8.0,"key":"SneckoOil"},{"floor":11.0,"key":"DistilledChaos"}],"is_trial":false,"path_per_floor":["M","?","?","M","?","E","R","E","T","R","M","R","$","?","R","B",null,"M","M","?","?","?","R","M","$","T","R","?","R","M","$","R","B",null,"M","$","?","?","?","E","$","?","T","T","M","R","$","?","R","B",null,"R","$","E","B",null],"character_chosen":"IRONCLAD","items_purchased":["Dropkick","True Grit","Medical Kit","Bag of Preparation","Finesse","Second Wind"],"campfire_rested":0,"item_purchase_floors":[13,13,25,31,36,41],"current_hp_per_floor":[78,62,50,56,49,55,55,45,45,45,53,53,53,42,42,46,72,55,63,63,63,63,63,61,61,61,61,61,61,60,60,60,39,70,72,72,74,74,64,57,57,57,57,57,65,65,65,65,65,52,70,70,70,61,56],"gold":25,"neow_bonus":"THREE_ENEMY_KILL","is_daily":false,"chose_seed":false,"campfire_upgraded":10,"win_rate":0.0,"timestamp":1609702764,"path_taken":["M","?","?","M","?","E","R","E","T","R","M","R","$","?","R","BOSS","M","M","?","?","?","R","M","$","T","R","?","R","M","$","R","BOSS","M","$","?","?","?","E","$","?","T","?","M","R","?","?","R","BOSS","R","$","E","BOSS"],"items_purchased_type":["Card","Card","Relic","Relic","Card","Card"],"build_version":"2020-12-22","purchased_purges":4,"victory":true,"max_hp_per_floor":[80,80,80,80,80,80,80,80,80,80,80,80,80,80,80,80,80,80,80,80,80,80,80,80,80,80,80,80,80,80,80,80,80,80,80,80,80,76,76,76,76,76,76,76,76,76,76,76,76,76,76,76,76,76,76],"relic_stats":{"counters":[1,8],"Astrolabe":[],"Juzu Bracelet":0,"Bag of Preparation":[2],"War Paint":[],"Medical Kit":[13],"Smiling Mask":0,"Burning Blood":6,"Blood Vial":2,"Sozu":0,"Dream Catcher":0,"Mummified Hand":[4],"obtain_stats":[{"Calipers":55,"NeowsBlessing":0,"Astrolabe":0,"Juzu Bracelet":0,"Bag of Preparation":0,"War Paint":0,"Medical Kit":0,"Smiling Mask":0,"Burning Blood":0,"Old Coin":0,"Blood Vial":0,"Sozu":0,"Dream Catcher":0,"CaptainsWheel":0,"Mummified Hand":0,"Red Mask":0,"Red Skull":0,"Meat on the Bone":0},{"Calipers":1,"NeowsBlessing":0,"Astrolabe":0,"Juzu Bracelet":0,"Bag of Preparation":0,"War Paint":0,"Medical Kit":0,"Smiling Mask":0,"Burning Blood":0,"Old Coin":0,"Blood Vial":0,"Sozu":0,"Dream Catcher":0,"CaptainsWheel":0,"Mummified Hand":0,"Red Mask":0,"Red Skull":0,"Meat on the Bone":0},{"Calipers":1,"NeowsBlessing":0,"Astrolabe":0,"Juzu Bracelet":0,"Bag of Preparation":0,"War Paint":0,"Medical Kit":0,"Smiling Mask":0,"Burning Blood":0,"Old Coin":0,"Blood Vial":0,"Sozu":0,"Dream Catcher":0,"CaptainsWheel":0,"Mummified Hand":0,"Red Mask":0,"Red Skull":0,"Meat on the Bone":0}],"Meat on the Bone":12},"card_choices":[{"not_picked":["Headbutt","Clash"],"picked":"Sword Boomerang","floor":1.0},{"not_picked":["Intimidate","Pummel"],"picked":"Uppercut","floor":4.0},{"not_picked":["Armaments","Feel No Pain"],"picked":"Power Through","floor":6.0},{"not_picked":["Anger","Berserk"],"picked":"Dropkick","floor":8.0},{"not_picked":["Clash","Headbutt"],"picked":"Shrug It Off","floor":11.0},{"not_picked":["Uppercut","Reckless Charge+1","Sentinel"],"picked":"SKIP","floor":18.0},{"not_picked":["Heavy Blade+1","Thunderclap","Perfected Strike"],"picked":"SKIP","floor":19.0},{"not_picked":["Rupture+1","Exhume"],"picked":"Body Slam","floor":24.0},{"not_picked":["Pummel+1","Hemokinesis+1"],"picked":"True Grit","floor":30.0},{"not_picked":["Barricade","Corruption"],"picked":"Brutality","floor":33.0},{"not_picked":["Wild Strike+1","Pommel Strike","Perfected Strike"],"picked":"SKIP","floor":35.0},{"not_picked":["Forethought","Enlightenment"],"picked":"Purity","floor":39.0},{"not_picked":["The Bomb","Metamorphosis"],"picked":"Impatience","floor":39.0},{"not_picked":["Headbutt","Twin Strike","Exhume"],"picked":"SKIP","floor":40.0},{"not_picked":["Cleave","Armaments","Perfected Strike"],"picked":"SKIP","floor":45.0},{"not_picked":["Limit Break","Thunderclap"],"picked":"Dark Embrace","floor":54.0}],"player_experience":252109,"relics_obtained":[{"floor":6.0,"key":"Old Coin"},{"floor":8.0,"key":"Red Skull"},{"floor":9.0,"key":"Blood Vial"},{"floor":26.0,"key":"War Paint"},{"floor":37.0,"key":"CaptainsWheel"},{"floor":40.0,"key":"Smiling Mask"},{"floor":43.0,"key":"Meat on the Bone"},{"floor":54.0,"key":"Mummified Hand"}],"event_choices":[{"damage_healed":0.0,"max_hp_gain":0.0,"max_hp_loss":0.0,"gold_gain":0.0,"event_name":"Shining Light","player_choice":"Entered Light","floor":2.0,"gold_loss":0.0,"damage_taken":16.0,"cards_upgraded":["Sword Boomerang","Strike_R"]},{"damage_healed":0.0,"max_hp_gain":0.0,"max_hp_loss":0.0,"gold_gain":0.0,"event_name":"Scrap Ooze","player_choice":"Success","floor":3.0,"gold_loss":0.0,"damage_taken":12.0,"relics_obtained":["Juzu Bracelet"]},{"cards_removed":["Strike_R"],"damage_healed":0.0,"max_hp_gain":0.0,"max_hp_loss":0.0,"gold_gain":0.0,"event_name":"Golden Wing","player_choice":"Card Removal","floor":5.0,"gold_loss":0.0,"damage_taken":7.0},{"damage_healed":0.0,"max_hp_gain":0.0,"max_hp_loss":0.0,"gold_gain":75.0,"event_name":"World of Goop","player_choice":"Gather Gold","floor":14.0,"gold_loss":0.0,"damage_taken":11.0},{"damage_healed":0.0,"max_hp_gain":0.0,"max_hp_loss":0.0,"gold_gain":0.0,"event_name":"Vampires","player_choice":"Ignored","floor":20.0,"gold_loss":0.0,"damage_taken":0.0},{"damage_healed":0.0,"max_hp_gain":0.0,"max_hp_loss":0.0,"gold_gain":0.0,"event_name":"Addict","player_choice":"Obtained Relic","floor":21.0,"gold_loss":85.0,"damage_taken":0.0,"relics_obtained":["Dream Catcher"]},{"damage_healed":0.0,"max_hp_gain":0.0,"max_hp_loss":0.0,"gold_gain":0.0,"event_name":"Upgrade Shrine","player_choice":"Upgraded","floor":22.0,"gold_loss":0.0,"damage_taken":0.0,"cards_upgraded":["Dropkick"]},{"damage_healed":0.0,"max_hp_gain":0.0,"max_hp_loss":0.0,"gold_gain":0.0,"event_name":"Ghosts","player_choice":"Ignored","floor":28.0,"gold_loss":0.0,"damage_taken":0.0},{"damage_healed":0.0,"max_hp_gain":0.0,"max_hp_loss":0.0,"gold_gain":0.0,"event_name":"MindBloom","player_choice":"Fight","floor":37.0,"gold_loss":0.0,"damage_taken":0.0},{"damage_healed":0.0,"max_hp_gain":0.0,"max_hp_loss":4.0,"gold_gain":0.0,"event_name":"Winding Halls","player_choice":"Max HP","floor":38.0,"gold_loss":0.0,"damage_taken":0.0},{"damage_healed":0.0,"max_hp_gain":0.0,"max_hp_loss":0.0,"gold_gain":0.0,"event_name":"SensoryStone","player_choice":"Memory 3","floor":39.0,"gold_loss":0.0,"damage_taken":10.0},{"cards_removed":["Impatience"],"damage_healed":0.0,"max_hp_gain":0.0,"max_hp_loss":0.0,"gold_gain":0.0,"event_name":"Falling","player_choice":"Removed Skill","floor":42.0,"gold_loss":0.0,"damage_taken":0.0},{"damage_healed":0.0,"max_hp_gain":0.0,"max_hp_loss":0.0,"gold_gain":0.0,"event_name":"Tomb of Lord Red Mask","player_choice":"Paid","floor":48.0,"gold_loss":20.0,"damage_taken":0.0,"relics_obtained":["Red Mask"]}],"is_beta":false,"boss_relics":[{"not_picked":["SacredBark","Velvet Choker"],"picked":"Sozu"},{"not_picked":["Snecko Eye","Mark of Pain"],"picked":"Astrolabe"}],"items_purged_floors":[13,25,36,47],"is_endless":false,"potions_floor_spawned":[6,8,11,19,24,40,45],"ascension_level":12}}