{"host":"szp1d6dso4pv7ddl","time":1609653497,"event":{"mods":["AchievementEnabler","Alarm Clock","BaseMod","Bestiary","Block Reminder","Colored Map","Colored Powertips","Curses Come First","Displayed Cursed Tome","Highlight Path","Minty Spire (QoL Compilation)","Permanent Neow","Quick Restart","Relic Sorter","Relic Stats","StSLib","Synergy Search"],"gold_per_floor":[113,113,123,298,308,308,289,289,361,361,29,57,75,75,75,75,75],"floor_reached":16,"playtime":459,"items_purged":[],"score":160,"play_id":"89ae4664-200e-48b6-8420-dabbbfa3c9ff","local_time":"20210102215817","is_ascension_mode":true,"campfire_choices":[{"data":"Bash","floor":6.0,"key":"SMITH"},{"floor":8.0,"key":"REST"},{"data":"Twin Strike","floor":10.0,"key":"SMITH"},{"floor":15,"key":"REST"}],"circlet_count":0,"master_deck":["AscendersBane","Strike_R","Strike_R","Strike_R","Strike_R","Strike_R","Defend_R","Defend_R","Defend_R","Defend_R","Bash+1","Twin Strike+1","Shrug It Off","Doubt","Dropkick+1","Iron Wave","Dropkick+1","Sword Boomerang","Iron Wave"],"relics":["Burning Blood","Shuriken","Kunai","Art of War","Smiling Mask"],"acts_visited":["Exordium"],"potions_floor_usage":[13],"damage_taken":[{"damage":13.0,"enemies":"Jaw Worm","floor":1.0,"turns":4.0},{"damage":8.0,"enemies":"Small Slimes","floor":3.0,"turns":3.0},{"damage":6.0,"enemies":"Cultist","floor":5.0,"turns":3.0},{"damage":32.0,"enemies":"Exordium Thugs","floor":7.0,"turns":4.0},{"damage":18.0,"enemies":"Gremlin Nob","floor":12.0,"turns":4.0},{"damage":20,"enemies":"Lots of Slimes","floor":13,"turns":4},{"damage":43,"enemies":"The Guardian","floor":16,"turns":4}],"seed_played":"-2736988545189001478","potions_obtained":[{"floor":12.0,"key":"SpeedPotion"}],"is_trial":false,"path_per_floor":["M","$","M","?","M","R","M","R","T","R","$","E","M","?","R","B"],"character_chosen":"IRONCLAD","items_purchased":["Kunai","Dropkick"],"campfire_rested":2,"item_purchase_floors":[11,11],"current_hp_per_floor":[65,65,63,63,63,63,37,61,61,61,61,49,35,19,43,0,0],"gold":75,"neow_bonus":"RANDOM_COMMON_RELIC","is_daily":false,"chose_seed":false,"campfire_upgraded":2,"win_rate":0.0,"timestamp":1609653497,"path_taken":["M","$","M","?","M","R","M","R","T","R","$","E","M","?","R","BOSS"],"items_purchased_type":["Relic","Card"],"build_version":"2020-12-22","purchased_purges":0,"victory":false,"max_hp_per_floor":[80,80,80,80,80,80,80,80,80,80,80,80,80,80,80,80,80],"relic_stats":{"counters":[7,26],"Shuriken":[6],"Art of War":[0],"Kunai":[6],"Smiling Mask":0,"obtain_stats":[{"Shuriken":9,"Art of War":0,"Kunai":11,"Smiling Mask":12,"Burning Blood":0},{"Shuriken":4,"Art of War":0,"Kunai":4,"Smiling Mask":5,"Burning Blood":0},{"Shuriken":14,"Art of War":0,"Kunai":14,"Smiling Mask":18,"Burning Blood":0}],"Burning Blood":36},"card_choices":[{"not_picked":["Bloodletting","True Grit"],"picked":"Twin Strike","floor":1.0},{"not_picked":["Searing Blow","Anger"],"picked":"Shrug It Off","floor":3.0},{"not_picked":["Havoc","Heavy Blade"],"picked":"Dropkick","floor":5.0},{"not_picked":["Whirlwind","Warcry"],"picked":"Iron Wave","floor":7.0},{"not_picked":["Havoc","Barricade"],"picked":"Sword Boomerang","floor":12.0},{"not_picked":["Perfected Strike","Armaments"],"picked":"Iron Wave","floor":13}],"player_experience":1106592,"relics_obtained":[{"floor":9.0,"key":"Shuriken"},{"floor":12.0,"key":"Smiling Mask"}],"event_choices":[{"damage_healed":0.0,"max_hp_gain":0.0,"max_hp_loss":0.0,"gold_gain":175.0,"event_name":"Liars Game","player_choice":"AGREE","floor":4.0,"gold_loss":0.0,"damage_taken":0.0,"cards_obtained":["Doubt"]},{"damage_healed":0,"gold_gain":0,"player_choice":"Entered Light","damage_taken":16,"max_hp_gain":0,"max_hp_loss":0,"event_name":"Shining Light","floor":14,"gold_loss":0,"cards_upgraded":["Dropkick","Dropkick"]}],"is_beta":false,"boss_relics":[],"items_purged_floors":[],"is_endless":false,"potions_floor_spawned":[12],"killed_by":"The Guardian","ascension_level":12}}