{"host":"1cd1aqaox6jesai3","time":1609706159,"event":{"mods":["Act Like it!","Arknights The Spire","Astrologer","Bartender","BaseMod","Colored Powertips","Downfall","Googly Eyes","Hallownest","Infinite Spire","Mimic Mod","Minty Spire (QoL Compilation)","Replay The Spire","StSLib","The Bug Knight","The Construct","The Factory"],"gold_per_floor":[117,63,77,77,25,50,4,19,42,42,42],"floor_reached":10,"playtime":351,"items_purged":[],"score":73,"play_id":"1519c80d-91c2-4794-b9ff-81d533eef833","local_time":"20210103153559","is_ascension_mode":true,"campfire_choices":[],"circlet_count":0,"master_deck":["ats:Strike C","ats:Strike G","ats:Strike S","ats:Strike V","ats:Armor Crushing Shot","ats:Defend","ats:Defend","ats:Defend","ats:Defend","ats:Emotion Absorption","expansioncontent:DarkVoid","ats:Powerful Strike","ats:Sunburst","ats:Consecutive Shot Auto","ats:Apocalypse","ats:Powerful Strike"],"relics":["ats:Sanity","ats:Originium","Toy Ornithopter","Potion Belt"],"acts_visited":["Exordium"],"potions_floor_usage":[10],"damage_taken":[{"damage":10,"enemies":"Small Slimes","floor":1,"turns":4},{"damage":6,"enemies":"Cultist","floor":3,"turns":3},{"damage":31,"enemies":"3 Sentries","floor":6,"turns":5},{"damage":12,"enemies":"Jaw Worm","floor":8,"turns":2},{"damage":25,"enemies":"Gremlin Nob","floor":10,"turns":3}],"seed_played":"9125330899074653986","potions_obtained":[{"floor":6,"key":"SkillPotion"}],"is_trial":false,"path_per_floor":["M","$","M","?","$","E","$","M","T","E"],"character_chosen":"DOCTOR_CLASS","items_purchased":["ats:Powerful Strike","ats:Consecutive Shot Auto","ats:Powerful Strike"],"campfire_rested":0,"item_purchase_floors":[2,5,7],"current_hp_per_floor":[62,62,56,56,56,25,25,13,13,0,0],"gold":42,"neow_bonus":"RANDOM_COLORLESS","is_daily":false,"chose_seed":false,"campfire_upgraded":0,"win_rate":0.0,"timestamp":1609706159,"path_taken":["M","$","M","?","?","E","$","M","T","E"],"items_purchased_type":["Card","Card","Card"],"build_version":"2020-12-22","purchased_purges":0,"victory":false,"max_hp_per_floor":[72,72,72,72,72,72,72,72,72,72,72],"card_choices":[{"not_picked":["Survey Options","Deep Breath"],"picked":"expansioncontent:DarkVoid","floor":0},{"not_picked":["ats:Leaping Hammer","ats:Assault Order","ats:Collapsing Strike"],"picked":"SKIP","floor":1},{"not_picked":["ats:Assault Order","ats:Echo Reverb"],"picked":"ats:Sunburst","floor":3},{"not_picked":["ats:Overload","ats:Rapid Magazine"],"picked":"ats:Apocalypse","floor":6},{"not_picked":["ats:Leaping Hammer","ats:Shell Defense","ats:Hammer On"],"picked":"SKIP","floor":8}],"player_experience":163955,"relics_obtained":[{"floor":6,"key":"ats:Originium"},{"floor":6,"key":"Toy Ornithopter"},{"floor":9,"key":"Potion Belt"}],"event_choices":[{"damage_healed":0,"gold_gain":0,"player_choice":"Bought 0 Potions","damage_taken":0,"max_hp_gain":0,"max_hp_loss":0,"event_name":"The Woman in Blue","floor":4,"gold_loss":0}],"is_beta":false,"boss_relics":[],"items_purged_floors":[],"is_endless":false,"potions_floor_spawned":[6],"killed_by":"Gremlin Nob","ascension_level":2}}