{"host":"Noah","time":1609705933,"event":{"mods":["BaseMod","Colored Map","Custom Start","Hermit","Jorbs\u0027s Wanderer Trilogy","Minty Spire (QoL Compilation)","Replay The Spire","StSLib","The Blue Laboratory"],"gold_per_floor":[112,125,194,3,22,48,48,78,78,78,107,119,183,183,183,283,283,296,236,236,18,52,52,52,52],"floor_reached":24,"playtime":1786,"items_purged":["hermit:Strike_Hermit","hermit:Strike_Hermit"],"score":221,"play_id":"ca05fd01-c425-4048-9718-947187203eab","local_time":"20210103153213","is_ascension_mode":true,"campfire_choices":[{"data":"hermit:Vantage","floor":7,"key":"SMITH"},{"floor":10,"key":"REST"},{"data":"hermit:Combo","floor":15,"key":"SMITH"},{"data":"hermit:Adapt","floor":23,"key":"SMITH"}],"circlet_count":0,"master_deck":["hermit:Strike_Hermit","hermit:Strike_Hermit","hermit:Defend_Hermit","hermit:Defend_Hermit","hermit:Defend_Hermit","hermit:Defend_Hermit","hermit:Snapshot","hermit:Covet","hermit:Roulette","hermit:Desperado","hermit:Vantage+1","hermit:HoleUp","hermit:TrackingShot","hermit:Combo+1","hermit:GhostlyPresence","hermit:Adapt+1","hermit:Manifest+1","Secret Weapon"],"relics":["hermit:Momento","Ginger","Membership Card","Meat on the Bone","Singing Bowl","Garlic","Torii","Centennial Puzzle","Simple Rune","ChewingGum","Enchiridion","War Paint","Red Mask"],"acts_visited":["Exordium","TheCity"],"potions_floor_usage":[6,16,16,24,24],"damage_taken":[{"damage":7,"enemies":"2 Louse","floor":1,"turns":2},{"damage":0,"enemies":"Small Slimes","floor":2,"turns":3},{"damage":0,"enemies":"Cultist","floor":5,"turns":2},{"damage":12,"enemies":"Lagavulin","floor":6,"turns":5},{"damage":32,"enemies":"Gremlin Nob","floor":8,"turns":4},{"damage":2,"enemies":"3 Sentries","floor":11,"turns":6},{"damage":0,"enemies":"Large Slime","floor":12,"turns":5},{"damage":3,"enemies":"3 Sentries","floor":13,"turns":10},{"damage":8,"enemies":"Fading Forest","floor":16,"turns":11},{"damage":8,"enemies":"2 Thieves","floor":18,"turns":3},{"damage":0,"enemies":"Masked Bandits","floor":22,"turns":4},{"damage":63,"enemies":"Gremlin Leader","floor":24,"turns":10}],"seed_played":"4703989611605053043","potions_obtained":[{"floor":2,"key":"blueLaboratory:StoneskinPotion"},{"floor":6,"key":"LiquidMemories"},{"floor":12,"key":"AttackPotion"},{"floor":13,"key":"blueLaboratory:TrueEctoplasm"},{"floor":16,"key":"blueLaboratory:BottleOfVodka"}],"is_trial":false,"path_per_floor":["M","M","?","$","M","E","R","E","T","R","E","M","?","?","R","B",null,"M","?","?","$","?","R","E"],"character_chosen":"HERMIT","items_purchased":["Membership Card","War Paint","Secret Weapon"],"campfire_rested":1,"item_purchase_floors":[4,21,21],"current_hp_per_floor":[47,47,47,47,47,35,35,15,15,37,47,47,46,46,46,48,77,69,69,53,53,55,55,0,0],"gold":52,"neow_bonus":"ONE_RARE_RELIC","is_daily":false,"chose_seed":false,"campfire_upgraded":3,"win_rate":0.0,"timestamp":1609705933,"path_taken":["M","M","?","$","M","E","R","E","T","R","E","M","?","?","R","BOSS","M","?","?","?","?","R","E"],"items_purchased_type":["Relic","Relic","Card"],"build_version":"2020-12-18","purchased_purges":2,"victory":false,"max_hp_per_floor":[75,75,75,75,75,75,75,75,75,75,75,75,77,77,77,77,77,77,77,77,77,79,79,79,79],"card_choices":[{"not_picked":["hermit:Headshot","hermit:Quickdraw"],"picked":"hermit:Roulette","floor":1},{"not_picked":["hermit:DeadMansHand","hermit:Dive"],"picked":"hermit:Desperado","floor":2},{"not_picked":["hermit:Feint","hermit:Virtue"],"picked":"hermit:Vantage","floor":5},{"not_picked":["hermit:LowProfile","hermit:Headshot"],"picked":"hermit:HoleUp","floor":6},{"not_picked":["hermit:Virtue","hermit:EyeOfTheStorm"],"picked":"hermit:TrackingShot","floor":8},{"not_picked":["hermit:BlackWind","hermit:Maintenance"],"picked":"hermit:Combo","floor":11},{"not_picked":["hermit:Misfire","hermit:Quickdraw"],"picked":"hermit:GhostlyPresence","floor":12},{"not_picked":["hermit:CalledShot","hermit:Showdown","hermit:Grudge"],"picked":"Singing Bowl","floor":13},{"not_picked":["hermit:Magnum","hermit:FinalCanter"],"picked":"hermit:Adapt","floor":16},{"not_picked":["hermit:HighCaliber","hermit:Misfire"],"picked":"hermit:Manifest","floor":18},{"not_picked":["hermit:Feint","hermit:Glare","hermit:Gestalt+1"],"picked":"Singing Bowl","floor":22}],"player_experience":838801,"relics_obtained":[{"floor":6,"key":"Meat on the Bone"},{"floor":8,"key":"Singing Bowl"},{"floor":9,"key":"Garlic"},{"floor":11,"key":"Torii"},{"floor":13,"key":"Centennial Puzzle"},{"floor":14,"key":"Simple Rune"},{"floor":20,"key":"Enchiridion"},{"floor":22,"key":"Red Mask"}],"event_choices":[{"damage_healed":0,"gold_gain":69,"player_choice":"Gained Gold","damage_taken":0,"max_hp_gain":0,"max_hp_loss":0,"event_name":"Golden Wing","floor":3,"gold_loss":0},{"damage_healed":0,"gold_gain":30,"player_choice":"Searched \u00272\u0027 times","damage_taken":0,"max_hp_gain":0,"max_hp_loss":0,"event_name":"Dead Adventurer","floor":13,"gold_loss":0},{"damage_healed":0,"gold_gain":0,"player_choice":"Relic","damage_taken":0,"max_hp_gain":0,"max_hp_loss":0,"event_name":"Wheel of Change","floor":14,"gold_loss":0},{"damage_healed":0,"gold_gain":0,"player_choice":"Obtained Book","damage_taken":16,"max_hp_gain":0,"max_hp_loss":0,"event_name":"Cursed Tome","floor":20,"gold_loss":0},{"damage_healed":0,"gold_gain":0,"player_choice":"Fought Bandits","damage_taken":0,"max_hp_gain":0,"max_hp_loss":0,"event_name":"Masked Bandits","floor":22,"gold_loss":0}],"is_beta":true,"boss_relics":[{"not_picked":["Runic Pyramid","Honey Jar"],"picked":"ChewingGum"}],"items_purged_floors":[4,21],"is_endless":false,"potions_floor_spawned":[2,6,12,13,16],"killed_by":"Gremlin Leader","ascension_level":1}}