{"host":"w5vfr18i2ft1pzo2","time":1609673724,"event":{"mods":["Act Like it!","Aspiration","BaseMod","Better Third Choice","BetterRewards","Colored Map","Colored Powertips","Conspire","Curses Come First","DNKmod","Defuse TimeMaze Blight","Dota2Spire","Energized Spire","Evolution","Force Act Four","Friendly Minions","Gensokyo","GifTheSpireLib","Gold Saver","Halation","Hubris","Hyrulean Relics","Infinite Spire","Jedi Mod","Marisa????????","Minty Spire (QoL Compilation)","MostiFishMod","Prisma Mod","Remilia??????","Replay The Spire","SacredBarkPlus","Small Relic Pack","Spicy Shops","Spikes Relics","StSLib","Stuff the Spire","Synergy Search","The Blue Laboratory","The Servant 0.9.4","Trackpad","Treasure Hunter","Uncapped","Wandering Minibosses","Yakumo Yukari mod","noobMod","vexMod","??????REMEMod"],"gold_per_floor":[754,368,386,418,418,468,483,483,530,551,551,577,612,630,630,725,725,741,279,289,25,25,51,51,66,66,143,166,166,266,285,285,409,409,428,428,108,127,155,155,181,181,181,181,220,220,76,125,125,130,130,130,130,158,172],"floor_reached":56,"playtime":4092,"items_purged":["Defend_RM","Defend_RM","Defend_RM","Pain"],"score":1830,"play_id":"953aad89-cec8-4ccd-9308-12e6afb03c00","local_time":"20210103193524","is_ascension_mode":false,"campfire_choices":[{"floor":11,"key":"RECALL"},{"data":"Defend_RM","floor":15,"key":"PURGE"},{"data":"conspire:Banana","floor":29,"key":"SMITH"},{"data":"MostiFishMod:SparklingWater","floor":32,"key":"SMITH"},{"data":"Reboot","floor":40,"key":"SMITH"},{"data":"EternalNight","floor":42,"key":"SMITH"},{"floor":49,"key":"DIG"},{"data":"TricksterDevil","floor":52,"key":"SMITH"}],"circlet_count":0,"master_deck":["Strike_RM","Strike_RM","Strike_RM","Strike_RM","RedMoon+1","ScarletShoot","MostiFishMod:Neptune","MostiFishMod:TheEndOfMoonlight","MostiFishMod:SparklingWater+1","MostiFishMod:FantasySummer","MostiFishMod:NightSea","Reboot+1","UnderTheZenith","GlobalNightmare","Stigmanizer","FavorOfDestiny","RedRainbow","TH:CursedSword","BatForm","ScarletImprint","TH:DeckOfManyThings","MastersStateliness","TH:ArmorSpikes","DemonKingCradle","BombardNight","ScarletDevil","TH:CursedSword","BloodySeventeenLaser","Ultimatum","ScarletDevil+1","conspire:Banana+1","BloodHunter","ScarletDevil","ScarletCoffin","StuffTheSpire:FreeRealEstate","TH:DeckOfManyThings","ScarletDream","EternalNight+1","TH:CursedSword","TH:TreasureMap","ScarletDevil","HunterOfTheNight","Stigmanizer+1","TH:TreasureMap","BloodRain","wanderingMiniBosses:FinaleOfPromise","RedMagic","Foresight+1","Madness","Madness","Secret Weapon","CeilingFear","TH:DeckOfManyThings","ScarletSymphony+1","TH:CursedSword","TheWorld+1","ShiftingGears+1","TH:DeckOfManyThings+1","TricksterDevil+1","TH:CursedSword"],"relics":["ScarletHat","EVO:Axolotl","DaveBox","ice","REME_ComplimentaryCards","NeowsBlessing","MoonlightInvasionPlan","SynthV:TestCard","trackpad:IceCube","REME_LimitBreaker","Odd Mushroom","halation:WeightlessCrab","Cauldron","halation:EternalFortune","hubris:Metronome","WarpedTongs","ReplayTheSpireMod:Ninjato","infinitespire:Magic Flask","Juzu Bracelet","vexMod:MysteryBossChallenge","aspiration:ServantSkillbook","wanderingMiniBosses:Blackblade","Gambling Chip","Toxic Egg 2","conspire:Dentures","halation:PapillonHeart","Vajra","Omamori","Dota2Spire:Vanguard","Mercury Hourglass"],"acts_visited":["Exordium","TheCity","TheBeyond","TheEnding"],"potions_floor_usage":[10,10,10,10,10,10,10,10,13,14,19,23,25,25,27,27,27,28,35,35,35,39,55,55,55,55,55],"damage_taken":[{"damage":0.0,"enemies":"Jaw Worm","floor":1.0,"turns":1.0},{"damage":0.0,"enemies":"Small Slimes","floor":3.0,"turns":1.0},{"damage":0,"enemies":"2 Louse","floor":4,"turns":1},{"damage":17,"enemies":"3 Sentries","floor":6,"turns":3},{"damage":0,"enemies":"Large Slime","floor":7,"turns":1},{"damage":0,"enemies":"The Mushroom Lair","floor":10,"turns":2},{"damage":0,"enemies":"Gremlin Nob","floor":12,"turns":2},{"damage":0,"enemies":"Red Slaver","floor":13,"turns":2},{"damage":0,"enemies":"Exordium Thugs","floor":14,"turns":4},{"damage":31,"enemies":"The Guardian","floor":16,"turns":6},{"damage":0,"enemies":"3 Byrds","floor":18,"turns":2},{"damage":0,"enemies":"conspire:FuzzyDice","floor":20,"turns":3},{"damage":0,"enemies":"REME_1_Revenger","floor":23,"turns":3},{"damage":0,"enemies":"Chosen and Byrds","floor":25,"turns":2},{"damage":0,"enemies":"Replay:Snechameleon","floor":27,"turns":3},{"damage":4,"enemies":"Centurion and Healer","floor":28,"turns":3},{"damage":13,"enemies":"Snake Plant","floor":31,"turns":1},{"damage":1,"enemies":"Champ","floor":33,"turns":4},{"damage":0,"enemies":"Orb Walker","floor":35,"turns":6},{"damage":12,"enemies":"3 Shapes","floor":38,"turns":3},{"damage":0,"enemies":"Transient","floor":39,"turns":5},{"damage":0,"enemies":"R_Hoarder","floor":41,"turns":5},{"damage":4,"enemies":"Spire Growth","floor":45,"turns":2},{"damage":0,"enemies":"Giant Head","floor":48,"turns":3},{"damage":0,"enemies":"Donu and Deca","floor":50,"turns":2},{"damage":0,"enemies":"Shield and Spear","floor":54,"turns":2},{"damage":81,"enemies":"The Heart","floor":55,"turns":6}],"seed_played":"-368322857135370761","potions_obtained":[{"floor":10,"key":"Dota2Spire:Clarity"},{"floor":12,"key":"LifebloodPotion"},{"floor":13,"key":"Venom Potion"},{"floor":14,"key":"DistilledChaos"},{"floor":16,"key":"ColorlessPotion"},{"floor":18,"key":"SmokeBomb"},{"floor":19,"key":"EntropicBrew"},{"floor":19,"key":"blueLaboratory:ExaltedPotion"},{"floor":19,"key":"jedi:tentaclejuice"},{"floor":19,"key":"blueLaboratory:ExaltedPotion"},{"floor":19,"key":"blueLaboratory:PyrophylliteBrew"},{"floor":20,"key":"blueLaboratory:ArtificerPotion"},{"floor":23,"key":"Toxic Potion"},{"floor":25,"key":"Explosive Potion"},{"floor":25,"key":"REME_GoldPotion"},{"floor":31,"key":"Weak Potion"},{"floor":33,"key":"SkillPotion"},{"floor":35,"key":"PowerPotion"},{"floor":38,"key":"blueLaboratory:CorrosionFlask"},{"floor":39,"key":"Regen Potion"},{"floor":39,"key":"Dota2Spire:HealingSalve"},{"floor":48,"key":"ColorlessPotion"}],"is_trial":false,"path_per_floor":["M","$","M","M","?","E","M","?","T","?","R","E","M","M","R_BF","B",null,"M","$","M","$","?","E","?","M","T","E","M","R","?","M","R_BF","B",null,"M","?","$","M","M","R","E","R","T","?","M","?","$","E","R_BF","B",null,"R","$","E","B",null],"character_chosen":"REMILIA","items_purchased":["GlobalNightmare","Stigmanizer","trackpad:IceCube","conspire:Banana","Cauldron","ScarletCoffin","StuffTheSpire:FreeRealEstate","Secret Weapon","Vajra"],"campfire_rested":0,"item_purchase_floors":[2,2,2,19,19,21,21,37,47],"current_hp_per_floor":[75,75,75,75,75,59,59,59,59,65,65,65,66,75,75,50,75,75,75,76,76,79,79,79,80,80,80,78,78,78,67,67,87,87,89,78,78,69,94,94,94,94,94,94,90,89,89,91,91,91,91,91,91,91,93],"gold":172,"neow_bonus":"THREE_ENEMY_KILL","is_daily":false,"chose_seed":false,"campfire_upgraded":5,"win_rate":0.0,"timestamp":1609673724,"path_taken":["M","$","M","M","?","E","M","?","T","?","R","E","M","M","R_BF","BOSS","M","$","M","$","?","E","?","M","T","E","?","R","?","M","R_BF","BOSS","M","?","?","M","M","R","E","R","T","?","M","?","$","E","R_BF","BOSS","R","$","E","BOSS"],"items_purchased_type":["Card","Card","Relic","Card","Relic","Card","Card","Card","Relic"],"build_version":"2020-12-22","purchased_purges":4,"victory":true,"max_hp_per_floor":[75,75,75,75,75,75,75,75,75,75,75,75,75,75,75,75,75,75,75,76,76,79,79,79,80,80,80,80,80,80,82,82,87,87,89,89,89,92,94,94,94,94,94,94,94,89,89,91,91,91,91,91,91,91,93],"card_choices":[{"not_picked":["VampireKiss","MastersStateliness"],"picked":"UnderTheZenith","floor":1.0},{"not_picked":["UnderTheZenith","BombardNight","MastersStateliness","RedRainbow"],"picked":"FavorOfDestiny","floor":3},{"not_picked":["StarOfDavid","UltimateOffering","MastersStateliness","DiffusionOfMisfortune"],"picked":"RedRainbow","floor":4},{"not_picked":["TH:PixieDust","TH:ElvenBoots","TH:BikiniMail"],"picked":"TH:CursedSword","floor":6},{"not_picked":["UnderTheZenith","BlasphemousPunishment","ForbiddenFruit","CurseOfVladTepes"],"picked":"BatForm","floor":6},{"not_picked":["TwelveNightmare","CharismaGuard","BlasphemousPunishment","UnstableMagic"],"picked":"ScarletImprint","floor":7},{"not_picked":["TH:ArmorSpikes","TH:EnergyPotion","TH:TreasureMap"],"picked":"TH:DeckOfManyThings","floor":9},{"not_picked":["BloodHunter","ScarletImprint","UnderTheZenith","RedRainbow"],"picked":"MastersStateliness","floor":10},{"not_picked":["TH:EnergyPotion","TH:CopperCoins","TH:Mimic"],"picked":"TH:ArmorSpikes","floor":12},{"not_picked":["RedNightlessCastle","BombardNight","BloodyMagicSquare","ScarletDream"],"picked":"DemonKingCradle","floor":12},{"not_picked":["UnstableMagic","BlasphemousPunishment","MastersStateliness","LeisurelyOfLord"],"picked":"BombardNight","floor":13},{"not_picked":["FavorOfDestiny","UltimateOffering","MiserableFate","DevilSight"],"picked":"ScarletDevil","floor":14},{"not_picked":["TH:EnergyPotion","TH:CopperCoins","TH:PixieDust"],"picked":"TH:CursedSword","floor":16},{"not_picked":["HeartBreak","BatForm","KillingBlow","ForecastOfChange"],"picked":"BloodySeventeenLaser","floor":16},{"not_picked":["SuperhumanBloodyKnife","StarOfDavid+1","Stigmanizer","VampireKiss+1"],"picked":"Ultimatum","floor":18},{"not_picked":["Stigmanizer","ScarletImprint","FavorOfDestiny","UnderTheZenith"],"picked":"ScarletDevil+1","floor":18},{"not_picked":["MastersStateliness","CharismaGuard","LeisurelyOfLord","FavorOfDestiny+1"],"picked":"BloodHunter","floor":20},{"not_picked":["Ultimatum","EndlessAdversity","StarOfDavid","BloodyMagicSquare"],"picked":"ScarletDevil","floor":20},{"not_picked":["TH:PixieDust","TH:CursedSword","TH:EnergyPotion"],"picked":"TH:DeckOfManyThings","floor":23},{"not_picked":["NightDance","DemonKingCradle","Maim","DevilSight"],"picked":"ScarletDream","floor":23},{"not_picked":["Stigmanizer","Maim","UnderTheZenith+1","BlasphemousPunishment"],"picked":"EternalNight","floor":25},{"not_picked":["TH:ElvenBoots","TH:EnergyPotion","TH:Mimic"],"picked":"TH:CursedSword","floor":26},{"not_picked":["TH:ArmorSpikes","TH:CopperCoins","TH:PixieDust"],"picked":"TH:TreasureMap","floor":27},{"not_picked":["GlobalNightmare","RedRainbow","UnstableMagic","SuperhumanBloodyKnife"],"picked":"ScarletDevil","floor":27},{"not_picked":["BlasphemousPunishment+1","VampireClaw","VampireSweep","NightDance"],"picked":"HunterOfTheNight","floor":28},{"not_picked":["BloodyMagicSquare","ChainGang","BatForm","DiffusionOfMisfortune+1"],"picked":"Stigmanizer+1","floor":31},{"not_picked":["TH:CopperCoins","TH:ArmorSpikes","TH:EnergyPotion"],"picked":"TH:TreasureMap","floor":33},{"not_picked":["CeilingFear","HellCatastrophe","TransientEternity","QueenOfMidnight"],"picked":"BloodRain","floor":33},{"not_picked":[],"picked":"wanderingMiniBosses:FinaleOfPromise","floor":35},{"not_picked":["Replace+1","Orbit","Defy","RedRainbow","Sabotage+1"],"picked":"RedMagic","floor":35},{"not_picked":["Rewind+1","DoubleEdge+1","MillenniumVampire+1","BloodAndWine","Deadline"],"picked":"Foresight+1","floor":35},{"not_picked":["Starlight+1","BlasphemousPunishment","FastForward+1","CharismaGuard","SpecialFormula","VampireKiss+1"],"picked":"SKIP","floor":38},{"not_picked":["BlasphemousPunishment","InstantArmor+1","BottledTime+1","Unruled+1","GearUp"],"picked":"CeilingFear","floor":39},{"not_picked":["TH:ElvenBoots","TH:BikiniMail","TH:CopperCoins","TH:Mimic"],"picked":"TH:DeckOfManyThings","floor":41},{"not_picked":["DualDimension+1","FastForward+1","Misdirection+1","ScarletDevil","RedRainbow"],"picked":"ScarletSymphony+1","floor":41},{"not_picked":["TH:TreasureMap","TH:ElvenBoots","TH:ArmorSpikes","TH:EnergyPotion"],"picked":"TH:CursedSword","floor":43},{"not_picked":["Spin+1","UnstableMagic+1","Hightail+1","VampireKiss+1","TimeWarp"],"picked":"ShiftingGears+1","floor":45},{"not_picked":["TH:ArmorSpikes","TH:TreasureMap","TH:PixieDust","TH:Mimic"],"picked":"TH:DeckOfManyThings","floor":48},{"not_picked":["Revamp+1","Starlight","ShatteredReality","Contraction+1","RealityMarble+1"],"picked":"TricksterDevil","floor":48},{"not_picked":["TH:BikiniMail","TH:EnergyPotion","TH:ArmorSpikes","TH:TreasureMap"],"picked":"TH:CursedSword","floor":54},{"not_picked":["Defy+1","Starlight+1","TimeWarp+1","Advance+1","BlasphemousPunishment+1","BombardNight+1"],"picked":"SKIP","floor":54}],"player_experience":189205,"relics_obtained":[{"floor":1.0,"key":"SynthV:TestCard"},{"floor":6,"key":"REME_LimitBreaker"},{"floor":10,"key":"Odd Mushroom"},{"floor":12,"key":"halation:WeightlessCrab"},{"floor":23,"key":"hubris:Metronome"},{"floor":26,"key":"ReplayTheSpireMod:Ninjato"},{"floor":27,"key":"infinitespire:Magic Flask"},{"floor":28,"key":"Juzu Bracelet"},{"floor":33,"key":"halation:EternalFortune"},{"floor":35,"key":"wanderingMiniBosses:Blackblade"},{"floor":38,"key":"halation:EternalFortune"},{"floor":41,"key":"Gambling Chip"},{"floor":41,"key":"Toxic Egg 2"},{"floor":43,"key":"conspire:Dentures"},{"floor":48,"key":"Omamori"},{"floor":49,"key":"Dota2Spire:Vanguard"},{"floor":54,"key":"Mercury Hourglass"}],"event_choices":[{"damage_healed":0,"gold_gain":0,"player_choice":"Fought Mushrooms","damage_taken":0,"max_hp_gain":0,"max_hp_loss":0,"event_name":"Mushrooms","floor":10,"gold_loss":0},{"damage_healed":0,"gold_gain":0,"player_choice":"Rummage","damage_taken":0,"relics_obtained":["WarpedTongs"],"max_hp_gain":0,"max_hp_loss":0,"event_name":"Accursed Blacksmith","floor":24,"gold_loss":0,"cards_obtained":["Pain"]},{"damage_healed":0,"gold_gain":100,"player_choice":"Pray","damage_taken":0,"max_hp_gain":0,"max_hp_loss":0,"event_name":"Golden Shrine","floor":30,"gold_loss":0},{"damage_healed":0,"gold_gain":0,"player_choice":"Embrace Madness","damage_taken":11,"max_hp_gain":0,"max_hp_loss":0,"event_name":"Winding Halls","floor":36,"gold_loss":0,"cards_obtained":["Madness","Madness"]}],"is_beta":false,"boss_relics":[{"not_picked":["ReplayTheSpireMod:DimensionalGlitch","Abe\u0027s Treasure","energizedSpire:EnergizedDie"]},{"not_picked":["energizedSpire:DeadBattery","REME_DemonsWealth"],"picked":"vexMod:MysteryBossChallenge"}],"items_purged_floors":[2,19,19,37],"is_endless":false,"potions_floor_spawned":[1,6,10,12,13,20,25,31,39],"ascension_level":0}}