{"host":"sct5htsgcw1q318k","time":1609694215,"event":{"mods":["BaseMod","Colored Map","Minty Spire (QoL Compilation)","Permanent Neow"],"gold_per_floor":[218,168,168,25,42,42,72,72,98,98,121,155,173,206,206,309,309,325,340,340,27,27,53,64,64,64,80,80,113,123,123,123,123,123],"floor_reached":33,"playtime":2738,"items_purged":[],"score":527,"play_id":"7c1fcdf0-ff89-4e65-ba2e-7fe125ca93fd","local_time":"20210103111655","is_ascension_mode":true,"campfire_choices":[{"data":"Sweeping Beam","floor":6.0,"key":"SMITH"},{"floor":8.0,"key":"REST"},{"data":"Zap","floor":10.0,"key":"SMITH"},{"data":"Coolheaded","floor":15.0,"key":"SMITH"},{"floor":25.0,"key":"REST"},{"floor":28.0,"key":"REST"},{"floor":32,"key":"REST"}],"circlet_count":0,"master_deck":["AscendersBane","Strike_B","Strike_B","Strike_B","Defend_B","Defend_B","Defend_B","Defend_B","Zap+1","Dualcast","Gash","Sweeping Beam+1","Gash","Steam","All For One","Genetic Algorithm","Coolheaded+1","Echo Form","Gash","Writhe","BootSequence+1","Go for the Eyes+1","Rebound+1","RitualDagger+1"],"relics":["Cracked Core","Bag of Preparation","TheAbacus","Oddly Smooth Stone","Anchor","Odd Mushroom","Letter Opener","Bottled Lightning","Fusion Hammer","Gremlin Horn","Toy Ornithopter","Molten Egg 2","The Courier","Juzu Bracelet"],"acts_visited":["Exordium","TheCity"],"potions_floor_usage":[33],"damage_taken":[{"damage":7.0,"enemies":"Small Slimes","floor":1.0,"turns":4.0},{"damage":1.0,"enemies":"2 Louse","floor":5.0,"turns":3.0},{"damage":29.0,"enemies":"Gremlin Nob","floor":7.0,"turns":4.0},{"damage":8.0,"enemies":"The Mushroom Lair","floor":11.0,"turns":3.0},{"damage":16.0,"enemies":"Lagavulin","floor":12.0,"turns":6.0},{"damage":0.0,"enemies":"Jaw Worm","floor":13.0,"turns":2.0},{"damage":0.0,"enemies":"3 Sentries","floor":14.0,"turns":3.0},{"damage":2.0,"enemies":"Hexaghost","floor":16.0,"turns":8.0},{"damage":12.0,"enemies":"Shell Parasite","floor":18.0,"turns":4.0},{"damage":3.0,"enemies":"2 Thieves","floor":19.0,"turns":4.0},{"damage":26.0,"enemies":"Slavers","floor":23.0,"turns":5.0},{"damage":0.0,"enemies":"Snecko","floor":24.0,"turns":5.0},{"damage":0.0,"enemies":"Shelled Parasite and Fungi","floor":27.0,"turns":3.0},{"damage":0.0,"enemies":"Book of Stabbing","floor":29.0,"turns":4.0},{"damage":4.0,"enemies":"Centurion and Healer","floor":30.0,"turns":6.0},{"damage":87,"enemies":"Automaton","floor":33,"turns":8}],"seed_played":"8697351152362675799","potions_obtained":[{"floor":5.0,"key":"SkillPotion"},{"floor":7.0,"key":"FearPotion"},{"floor":12.0,"key":"BlessingOfTheForge"},{"floor":16.0,"key":"FearPotion"},{"floor":24.0,"key":"Weak Potion"},{"floor":27.0,"key":"FocusPotion"},{"floor":30.0,"key":"Strength Potion"}],"is_trial":false,"path_per_floor":["M","?","?","$","M","R","E","R","T","R","?","E","M","E","R","B",null,"M","M","?","$","?","E","M","R","T","M","R","E","M","?","R","B"],"character_chosen":"DEFECT","items_purchased":["TheAbacus","Gremlin Horn","FearPotion"],"campfire_rested":4,"item_purchase_floors":[4,21,21],"current_hp_per_floor":[61,61,58,58,57,57,28,50,50,50,42,26,26,26,26,24,62,50,47,33,33,33,12,12,36,36,36,60,70,66,60,80,0,0],"gold":123,"neow_bonus":"HUNDRED_GOLD","is_daily":false,"chose_seed":false,"campfire_upgraded":3,"win_rate":0.0,"timestamp":1609694215,"path_taken":["M","?","?","$","M","R","E","R","T","R","?","E","M","E","R","BOSS","M","M","?","$","?","E","M","R","T","M","R","E","M","?","R","BOSS"],"items_purchased_type":["Relic","Relic","Potion"],"build_version":"2020-12-22","purchased_purges":0,"victory":false,"max_hp_per_floor":[75,75,75,75,75,75,75,75,75,75,75,75,75,75,75,75,75,75,75,80,80,80,80,80,80,80,80,80,80,80,80,80,80,80],"card_choices":[{"not_picked":["Beam Cell","Heatsinks"],"picked":"Gash","floor":1.0},{"not_picked":["Beam Cell","Turbo"],"picked":"Sweeping Beam","floor":5.0},{"not_picked":["Fusion","Storm"],"picked":"Gash","floor":7.0},{"not_picked":["Auto Shields","Chill"],"picked":"Steam","floor":11.0},{"not_picked":["Streamline","Stack"],"picked":"All For One","floor":12.0},{"not_picked":["Coolheaded","Double Energy"],"picked":"Genetic Algorithm","floor":13.0},{"not_picked":["Scrape","Compile Driver"],"picked":"Coolheaded","floor":14.0},{"not_picked":["Buffer","Creative AI"],"picked":"Echo Form","floor":16.0},{"not_picked":["Ball Lightning","Redo","Barrage"],"picked":"SKIP","floor":18.0},{"not_picked":["Ball Lightning","FTL+1"],"picked":"Gash","floor":19.0},{"not_picked":["Sweeping Beam","Melter+1"],"picked":"BootSequence+1","floor":23.0},{"not_picked":["Seek","Ball Lightning+1"],"picked":"Go for the Eyes+1","floor":24.0},{"not_picked":["Aggregate","FTL+1"],"picked":"Rebound+1","floor":27.0},{"not_picked":["Barrage+1","Ball Lightning+1","Leap"],"picked":"SKIP","floor":29.0},{"not_picked":["Hologram","Force Field","Turbo+1"],"picked":"SKIP","floor":30.0}],"player_experience":814754,"relics_obtained":[{"floor":7.0,"key":"Oddly Smooth Stone"},{"floor":9.0,"key":"Anchor"},{"floor":11.0,"key":"Odd Mushroom"},{"floor":12.0,"key":"Letter Opener"},{"floor":14.0,"key":"Bottled Lightning"},{"floor":23.0,"key":"Molten Egg 2"},{"floor":26.0,"key":"The Courier"},{"floor":29.0,"key":"Juzu Bracelet"}],"event_choices":[{"cards_removed":["Strike_B"],"damage_healed":0.0,"max_hp_gain":0.0,"max_hp_loss":0.0,"gold_gain":0.0,"event_name":"The Cleric","player_choice":"Card Removal","floor":2.0,"gold_loss":50.0,"damage_taken":0.0},{"damage_healed":0.0,"max_hp_gain":0.0,"max_hp_loss":0.0,"gold_gain":0.0,"event_name":"Scrap Ooze","player_choice":"Success","floor":3.0,"gold_loss":0.0,"damage_taken":3.0,"relics_obtained":["Bag of Preparation"]},{"damage_healed":0.0,"max_hp_gain":0.0,"max_hp_loss":0.0,"gold_gain":0.0,"event_name":"Mushrooms","player_choice":"Fought Mushrooms","floor":11.0,"gold_loss":0.0,"damage_taken":0.0},{"damage_healed":0.0,"max_hp_gain":5.0,"max_hp_loss":0.0,"gold_gain":0.0,"event_name":"Forgotten Altar","player_choice":"Shed Blood","floor":20.0,"gold_loss":0.0,"damage_taken":19.0},{"damage_healed":0.0,"max_hp_gain":0.0,"max_hp_loss":0.0,"gold_gain":0.0,"event_name":"The Mausoleum","player_choice":"Opened","floor":22.0,"gold_loss":0.0,"damage_taken":0.0,"relics_obtained":["Toy Ornithopter"],"cards_obtained":["Writhe"]},{"damage_healed":0.0,"max_hp_gain":0.0,"max_hp_loss":0.0,"gold_gain":0.0,"event_name":"Nest","player_choice":"Joined the Cult","floor":31.0,"gold_loss":0.0,"damage_taken":6.0,"cards_obtained":["RitualDagger"]}],"is_beta":false,"boss_relics":[{"not_picked":["Runic Pyramid","Inserter"],"picked":"Fusion Hammer"}],"items_purged_floors":[],"is_endless":false,"potions_floor_spawned":[5,7,12,16,24,27,30],"killed_by":"Automaton","ascension_level":10}}