{"host":"5s7sm4h73jkd9266","time":1609700630,"event":{"mods":["AchievementEnabler","Bartender","BaseMod","Better Match","Better Vampires","BetterRewards","Colored Map","Colored Powertips","Conspire","Downfall","Energized Spire","GifTheSpireLib","Hermit","Hubris","Magitek Elite","Marisa????????","Melee Mod","Minty Spire (QoL Compilation)","Potion Indicator Mod","Rare Cards Sparkle","Relic Stats","Replay The Spire","Robot Space Explorer","Shop Mod","StSLib","Stuff the Spire","The Bladedancer","The Blue Laboratory","The Cursed","The Disciple","The Dragon Tamer","The Forsaken","The Necromancer","The Wild Card","The Witch","Virulent Crown","everything is the same but u backflip on backflip","slay the spire mod where everything is the same but ironclad has a cowboy hat","vexMod"],"gold_per_floor":[119,130,146,97,112,112,132,132,132,163,190,190,190,0,0,75,75,88,113,113,12,31,31,31,31],"floor_reached":24,"playtime":1600,"items_purged":["hubris:Compulsion"],"score":613,"play_id":"737de384-0a1d-4873-83b1-588eb0557ec4","local_time":"20210103140350","is_ascension_mode":true,"campfire_choices":[{"floor":6.0,"key":"REST"},{"floor":13.0,"key":"REST"},{"data":"vexMod:StairwayStrike","floor":15.0,"key":"SMITH"},{"floor":23,"key":"REST"}],"circlet_count":0,"master_deck":["AscendersBane","Strike_R","Strike_R","Strike_R","Strike_R","Strike_R","Defend_R","Defend_R","Defend_R","Defend_R","Bash","Magnetism","Run Through","Havoc","Sword Boomerang","ReplayTheSpireMod:LeadingStrike","Uppercut","Feel No Pain","Run Through","Feel No Pain","Limit Break","Pain","Intimidate","Fire Breathing","vexMod:StairwayStrike+1","Demon Form","Replay:Undeath\u0027s Touch","Clash","Replay:Sluggish","StuffTheSpire:Harmony","StuffTheSpire:Ambrosia","Cleave","Ghostly Armor","Burning Pact","Feel No Pain","Headbutt","Wild Strike","Wild Strike+1"],"relics":["Burning Blood","Membership Card","The Courier","vexMod:MemoryStick","Prayer Wheel","StuffTheSpire:Saxophone","Cursed Key","StuffTheSpire:Barrel","conspire:BottledYoYo","Orrery"],"acts_visited":["Exordium","TheCity"],"potions_floor_usage":[22],"damage_taken":[{"damage":1.0,"enemies":"Cultist","floor":1.0,"turns":3.0},{"damage":7.0,"enemies":"Small Slimes","floor":2.0,"turns":4.0},{"damage":7.0,"enemies":"2 Louse","floor":3.0,"turns":2.0},{"damage":13.0,"enemies":"2 Fungi Beasts","floor":5.0,"turns":4.0},{"damage":9.0,"enemies":"Blue Slaver","floor":7.0,"turns":6.0},{"damage":23.0,"enemies":"Replay:BlueRogue","floor":10.0,"turns":5.0},{"damage":43.0,"enemies":"Fading Forest","floor":16.0,"turns":13.0},{"damage":23.0,"enemies":"conspire:FuzzyDice","floor":18.0,"turns":9.0},{"damage":25,"enemies":"Shell Parasite","floor":22,"turns":3},{"damage":84,"enemies":"Book of Stabbing","floor":24,"turns":5}],"seed_played":"-5900836358661632592","potions_obtained":[{"floor":2.0,"key":"blueLaboratory:FruitPunch"},{"floor":3.0,"key":"blueLaboratory:BottleOfRum"},{"floor":10.0,"key":"blueLaboratory:AbyssPotion"},{"floor":16.0,"key":"blueLaboratory:NullPotion"},{"floor":18.0,"key":"champ:CounterPotion"}],"is_trial":false,"path_per_floor":["M","M","M","?","M","R","M","?","T","E","?","?","R","$","R","B",null,"M","T","?","$","M","R","E"],"character_chosen":"IRONCLAD","items_purchased":["Membership Card","Strawberry","Magnetism","Run Through","Sword Boomerang","blueLaboratory:PhilterOfMotion","StuffTheSpire:Saxophone","Fire Breathing","vexMod:StairwayStrike","Fire Potion","Orrery"],"campfire_rested":3,"item_purchase_floors":[0,0,0,0,0,0,14,14,14,14,21],"current_hp_per_floor":[63,62,63,63,56,81,78,84,84,67,67,67,84,84,84,47,75,58,58,58,58,51,76,0,0],"gold":31,"neow_bonus":"","is_daily":false,"chose_seed":false,"campfire_upgraded":1,"win_rate":0.0,"timestamp":1609700630,"path_taken":["M","M","?","?","M","R","M","?","T","E","?","?","R","?","R","BOSS","M","?","?","$","?","R","E"],"items_purchased_type":["Relic","Relic","Card","Card","Card","Potion","Relic","Card","Card","Potion","Relic"],"build_version":"2020-12-22","purchased_purges":1,"victory":false,"max_hp_per_floor":[82,82,84,84,84,84,84,84,84,84,84,84,84,84,84,84,84,84,84,84,84,85,85,86,86],"relic_stats":{"counters":[10,54],"Prayer Wheel":2,"Cursed Key":1,"obtain_stats":[{"vexMod:MemoryStick":10,"StuffTheSpire:Barrel":19,"Strawberry":0,"StuffTheSpire:Saxophone":14,"Orrery":21,"Prayer Wheel":11,"The Courier":9,"conspire:BottledYoYo":20,"Membership Card":0,"Cursed Key":17,"Burning Blood":0},{"vexMod:MemoryStick":6,"StuffTheSpire:Barrel":8,"Strawberry":0,"StuffTheSpire:Saxophone":6,"Orrery":8,"Prayer Wheel":6,"The Courier":5,"conspire:BottledYoYo":8,"Membership Card":0,"Cursed Key":7,"Burning Blood":0},{"vexMod:MemoryStick":24,"StuffTheSpire:Barrel":46,"Strawberry":0,"StuffTheSpire:Saxophone":24,"Orrery":46,"Prayer Wheel":24,"The Courier":19,"conspire:BottledYoYo":46,"Membership Card":0,"Cursed Key":37,"Burning Blood":0}],"Burning Blood":54},"card_choices":[{"not_picked":["Clash","StuffTheSpire:Pyroclast"],"picked":"ReplayTheSpireMod:LeadingStrike","floor":1.0},{"not_picked":["Iron Wave","Clash"],"picked":"Uppercut","floor":2.0},{"not_picked":["Replay:Undeath\u0027s Touch","Combust"],"picked":"Feel No Pain","floor":3.0},{"not_picked":["Hemokinesis","Seeing Red"],"picked":"Run Through","floor":5.0},{"not_picked":["StuffTheSpire:Resist","Entrench"],"picked":"Feel No Pain","floor":7.0},{"not_picked":["Thunderclap","Sword Boomerang"],"picked":"Limit Break","floor":10.0},{"not_picked":["StuffTheSpire:RockThrow","Massacre"],"picked":"Intimidate","floor":11.0},{"not_picked":["Feed","Limit Break"],"picked":"Demon Form","floor":16.0},{"not_picked":["Sever Soul+1","Warcry"],"picked":"Replay:Undeath\u0027s Touch","floor":18.0},{"not_picked":["Entrench","True Grit"],"picked":"Clash","floor":18.0},{"not_picked":["Havoc","ReplayTheSpireMod:LeadingStrike"],"picked":"Cleave","floor":21.0},{"not_picked":["Replay:Many Hands","Feel No Pain"],"picked":"Ghostly Armor","floor":21.0},{"not_picked":["Warcry","Searing Blow"],"picked":"Burning Pact","floor":21.0},{"not_picked":["Clothesline","Body Slam"],"picked":"Feel No Pain","floor":21.0},{"not_picked":["Pommel Strike","ReplayTheSpireMod:Strike From Hell"],"picked":"Headbutt","floor":21.0},{"not_picked":["Burning Pact","Entrench"],"picked":"Wild Strike","floor":22},{"not_picked":["Ghostly Armor","Blood for Blood"],"picked":"Wild Strike+1","floor":22}],"player_experience":5369799,"relics_obtained":[{"floor":9.0,"key":"The Courier"},{"floor":10.0,"key":"vexMod:MemoryStick"},{"floor":11.0,"key":"Prayer Wheel"},{"floor":19.0,"key":"StuffTheSpire:Barrel"}],"event_choices":[{"damage_healed":0.0,"max_hp_gain":0.0,"max_hp_loss":0.0,"gold_gain":0.0,"event_name":"World of Goop","player_choice":"Left Gold","floor":4.0,"gold_loss":49.0,"damage_taken":0.0}],"is_beta":false,"boss_relics":[{"not_picked":["Replay:Bronze Core","vexMod:MysteryBossChallenge"],"picked":"Cursed Key"}],"items_purged_floors":[21],"is_endless":false,"potions_floor_spawned":[2,3,10,16,18],"killed_by":"Book of Stabbing","ascension_level":20}}