{"host":"qxfsqqkvz99y95yf","time":1609708367,"event":{"mods":["BaseMod","Infinite Spire","Minty Spire (QoL Compilation)","Replay The Spire","StSLib"],"gold_per_floor":[115,128,128,140,140,140,167,167,222,254,179,179,179,211,211,312,312,329,345,357,374,429,462,482,514,514,514,77,106,116,150,150,246,246,261,136,183,195,45,72,72,72,72,107,123,158,158,170,170,192,192,192,17,61,93],"floor_reached":56,"playtime":6113,"items_purged":["Strike_R","Strike_R","Defend_R","Secret Technique","Hallucinations"],"score":1460,"play_id":"445c6476-1004-4ccb-b76f-3439ec644b02","local_time":"20210103161247","is_ascension_mode":true,"campfire_choices":[{"data":"Fire Breathing","floor":6,"key":"SMITH"},{"data":"Perfected Strike","floor":8,"key":"SMITH"},{"data":"Strike_R","floor":15,"key":"PURGE"},{"data":"Infernal Blade","floor":27,"key":"SMITH"},{"data":"infinitespire:FutureSight","floor":32,"key":"SMITH"},{"data":"Demon Form","floor":41,"key":"SMITH"},{"floor":49,"key":"RECALL"},{"data":"Iron Wave","floor":52,"key":"SMITH"}],"circlet_count":0,"master_deck":["Perfected Strike+1","Perfected Strike","Wild Strike","Fire Breathing+1","Perfected Strike","Infernal Blade+1","Headbutt","Demon Form+1","Metallicize+1","Perfected Strike+1","Iron Wave","Shrug It Off","Iron Wave+1","Inflame","Run Through+1","Replay:Many Hands","Iron Wave","ReplayTheSpireMod:Corrosion Curse","infinitespire:FutureSight+1","Twin Strike","Exhume","Evolve+1","Clothesline","Seeing Red+1","Combust+1","Inflame+1","Pommel Strike+1","ReplayTheSpireMod:Muscle Training","Body Slam+1","ReplayTheSpireMod:Stacked"],"relics":["Burning Blood","Replay:Rubber Ducky","InkBottle","Replay:Ringing Soul","infinitespire:Lucky Rock","Divine Protection","Ooze Armor","Omamori","Ornamental Fan","Self Forming Clay","Strawberry","BargainBundle","Bag of Preparation","MealTicket","Paper Frog","Kintsugi","Replay:Kaleidoscope","Anchor","infinitespire:Midas Blood","Frozen Egg 2","Juzu Bracelet","ReplayTheSpireMod:Ring of Exchange","infinitespire:Bottled Soul"],"acts_visited":["Exordium","TheCity","TheBeyond","TheEnding"],"potions_floor_usage":[16,19,22,23,25,29,33,33,37,38,38,50,54],"damage_taken":[{"damage":5,"enemies":"Small Slimes","floor":1,"turns":3},{"damage":0,"enemies":"Cultist","floor":2,"turns":2},{"damage":3,"enemies":"infinitespire:Voidling","floor":4,"turns":3},{"damage":22,"enemies":"3 Sentries","floor":7,"turns":4},{"damage":3,"enemies":"Gremlin Nob","floor":10,"turns":3},{"damage":25,"enemies":"3 Sentries","floor":14,"turns":4},{"damage":0,"enemies":"Slime Boss","floor":16,"turns":7},{"damage":7,"enemies":"Shell Parasite","floor":18,"turns":3},{"damage":3,"enemies":"3 Byrds","floor":19,"turns":4},{"damage":0,"enemies":"3 Cultists","floor":20,"turns":4},{"damage":3,"enemies":"Snake Plant","floor":21,"turns":4},{"damage":7,"enemies":"Gremlin Leader","floor":23,"turns":5},{"damage":15,"enemies":"Centurion and Healer","floor":24,"turns":5},{"damage":29,"enemies":"Slavers","floor":25,"turns":7},{"damage":2,"enemies":"Book of Stabbing","floor":29,"turns":6},{"damage":0,"enemies":"Snecko","floor":30,"turns":3},{"damage":11,"enemies":"Nightmare","floor":31,"turns":8},{"damage":52,"enemies":"Collector","floor":33,"turns":8},{"damage":3,"enemies":"3 Shapes","floor":35,"turns":4},{"damage":24,"enemies":"2 Orb Walkers","floor":37,"turns":4},{"damage":23,"enemies":"3 Darklings","floor":38,"turns":5},{"damage":63,"enemies":"Giant Head","floor":40,"turns":10},{"damage":0,"enemies":"R_Hoarder","floor":44,"turns":5},{"damage":0,"enemies":"4 Shapes","floor":45,"turns":4},{"damage":10,"enemies":"Nemesis","floor":46,"turns":5},{"damage":4,"enemies":"Sphere and 2 Shapes","floor":48,"turns":4},{"damage":84,"enemies":"Donu and Deca","floor":50,"turns":7},{"damage":58,"enemies":"Shield and Spear","floor":54,"turns":6},{"damage":147,"enemies":"The Heart","floor":55,"turns":9}],"seed_played":"1516557037382385523","potions_obtained":[{"floor":1,"key":"LifebloodPotion"},{"floor":7,"key":"EssenceOfSteel"},{"floor":16,"key":"BloodPotion"},{"floor":18,"key":"Adrenaline Potion"},{"floor":20,"key":"HeartOfIron"},{"floor":21,"key":"infinitespire:BlackPotion"},{"floor":22,"key":"Reflective Coating"},{"floor":25,"key":"LifebloodPotion"},{"floor":30,"key":"Reflective Coating"},{"floor":33,"key":"BloodPotion"},{"floor":35,"key":"Venom Potion"},{"floor":37,"key":"Block Potion"},{"floor":38,"key":"BloodPotion"},{"floor":46,"key":"Languid Potion"}],"is_trial":false,"path_per_floor":["M","M","?","M","?","R","E","R","T","E","$","T","?","E","R","B",null,"M","M","M","M","?","E","M","E","T","R","$","E","M","NM","R","B",null,"M","$","?","M","$","E","R","?","T","E","M","E","?","M","R","B",null,"R","$","E","B",null],"character_chosen":"IRONCLAD","items_purchased":["BargainBundle","Bag of Preparation","FairyPotion","Secret Technique"],"campfire_rested":0,"item_purchase_floors":[28,28,28,28],"current_hp_per_floor":[88,88,88,88,88,88,72,72,72,75,75,75,75,59,59,68,94,96,100,103,106,104,106,100,80,87,87,90,97,106,104,104,61,140,143,143,146,132,147,93,93,93,93,102,111,110,113,118,118,73,167,167,167,118,55],"gold":93,"neow_bonus":"TEN_PERCENT_HP_BONUS","is_daily":false,"chose_seed":false,"campfire_upgraded":6,"win_rate":0.0,"timestamp":1609708367,"path_taken":["M","M","?","?","?","R","E","R","T","E","$","?","?","E","R","BOSS","M","M","?","M","?","E","M","E","T","R","$","E","M","NM","R","BOSS","M","$","?","M","$","E","R","?","T","E","M","E","?","M","R","BOSS","R","$","E","BOSS"],"items_purchased_type":["Relic","Relic","Potion","Card"],"build_version":"2020-12-22","purchased_purges":5,"victory":true,"max_hp_per_floor":[88,88,88,88,88,88,88,88,88,88,88,88,88,91,91,94,94,97,100,103,106,109,112,115,118,125,125,128,131,134,137,137,140,140,143,143,146,149,149,152,152,152,152,155,158,161,164,167,167,167,167,167,167,170,170],"card_choices":[{"not_picked":["Anger","Rampage"],"picked":"Perfected Strike","floor":1},{"not_picked":["Clash","Whirlwind"],"picked":"Perfected Strike","floor":2},{"not_picked":["Heavy Blade","Infernal Blade"],"picked":"Fire Breathing","floor":4},{"not_picked":["Abandon","Flex"],"picked":"Perfected Strike","floor":7},{"not_picked":["Offering","Dual Wield"],"picked":"Infernal Blade","floor":10},{"not_picked":["Immolate","Clothesline"],"picked":"Headbutt","floor":14},{"not_picked":["Corruption","Barricade"],"picked":"Demon Form","floor":16},{"not_picked":["Warcry+1","Shockwave+1"],"picked":"Metallicize+1","floor":18},{"not_picked":["ReplayTheSpireMod:Muscle Training","ReplayTheSpireMod:Stacked"],"picked":"Perfected Strike+1","floor":19},{"not_picked":["Dual Wield","Anger+1"],"picked":"Iron Wave","floor":20},{"not_picked":["Brutality","True Grit"],"picked":"Shrug It Off","floor":21},{"not_picked":["Body Slam","Wild Strike"],"picked":"Iron Wave","floor":22},{"not_picked":["True Grit","Heavy Blade+1"],"picked":"Battle Trance","floor":22},{"not_picked":["Pummel","Replay:Undeath\u0027s Touch"],"picked":"Inflame","floor":23},{"not_picked":["True Grit","Pommel Strike"],"picked":"Run Through+1","floor":24},{"not_picked":["Rupture","Havoc"],"picked":"Replay:Many Hands","floor":25},{"not_picked":["Offering","Massacre+1"],"picked":"Iron Wave","floor":29},{"not_picked":["Hemokinesis","Clothesline"],"picked":"ReplayTheSpireMod:Corrosion Curse","floor":30},{"not_picked":["ReplayTheSpireMod:Black Plague","infinitespire:DeathsTouch"],"picked":"infinitespire:FutureSight","floor":31},{"not_picked":["True Grit","Replay:Undeath\u0027s Touch"],"picked":"Twin Strike","floor":31},{"not_picked":["Eclipse","Bludgeon"],"picked":"Exhume","floor":33},{"not_picked":["Flex+1","Shrug It Off+1"],"picked":"Evolve+1","floor":35},{"not_picked":["Blood for Blood","Body Slam+1"],"picked":"Clothesline","floor":37},{"not_picked":["ReplayTheSpireMod:Strike From Hell","Carnage"],"picked":"Seeing Red+1","floor":38},{"not_picked":["Replay:Undeath\u0027s Touch","Seeing Red"],"picked":"Combust+1","floor":40},{"not_picked":["Run Through","Wild Strike+1"],"picked":"Inflame+1","floor":44},{"not_picked":["Blood for Blood","Sentinel"],"picked":"Pommel Strike+1","floor":45},{"not_picked":["Burning Pact+1","Uppercut"],"picked":"ReplayTheSpireMod:Muscle Training","floor":46},{"not_picked":["Run Through+1","Armaments+1"],"picked":"Body Slam+1","floor":48},{"not_picked":["Clash+1","Clothesline"],"picked":"ReplayTheSpireMod:Stacked","floor":54}],"player_experience":155084,"relics_obtained":[{"floor":7,"key":"Replay:Rubber Ducky"},{"floor":10,"key":"InkBottle"},{"floor":12,"key":"Replay:Ringing Soul"},{"floor":14,"key":"Divine Protection"},{"floor":22,"key":"Omamori"},{"floor":23,"key":"Ornamental Fan"},{"floor":25,"key":"Self Forming Clay"},{"floor":26,"key":"Strawberry"},{"floor":29,"key":"MealTicket"},{"floor":31,"key":"Paper Frog"},{"floor":37,"key":"Replay:Kaleidoscope"},{"floor":40,"key":"Anchor"},{"floor":43,"key":"infinitespire:Midas Blood"},{"floor":44,"key":"Frozen Egg 2"},{"floor":46,"key":"Juzu Bracelet"},{"floor":47,"key":"ReplayTheSpireMod:Ring of Exchange"},{"floor":54,"key":"infinitespire:Bottled Soul"}],"event_choices":[{"damage_healed":0,"gold_gain":0,"cards_transformed":["Defend_R"],"player_choice":"Transformed","damage_taken":0,"max_hp_gain":0,"max_hp_loss":0,"event_name":"Transmorgrifier","floor":3,"gold_loss":0,"cards_obtained":["Wild Strike"]},{"cards_removed":["Bash"],"damage_healed":0,"gold_gain":0,"player_choice":"Offered Basic","damage_taken":0,"max_hp_gain":0,"max_hp_loss":0,"event_name":"Bonfire Elementals","floor":5,"gold_loss":0},{"damage_healed":0,"gold_gain":0,"player_choice":"Gave Potion","damage_taken":0,"relics_obtained":["infinitespire:Lucky Rock"],"max_hp_gain":0,"max_hp_loss":0,"event_name":"WeMeetAgain","floor":13,"gold_loss":0},{"damage_healed":0,"gold_gain":0,"player_choice":"Fight","damage_taken":0,"max_hp_gain":0,"max_hp_loss":0,"event_name":"Mysterious Sphere","floor":37,"gold_loss":0},{"damage_healed":0,"gold_gain":0,"player_choice":"Ignored","damage_taken":0,"max_hp_gain":0,"max_hp_loss":0,"event_name":"SecretPortal","floor":42,"gold_loss":0}],"is_beta":false,"boss_relics":[{"not_picked":["Black Blood","SacredBark"],"picked":"Ooze Armor"},{"not_picked":["Replay:Grab Bag","Replay:Wanted Poster"],"picked":"Kintsugi"}],"items_purged_floors":[11,28,36,39,53],"is_endless":false,"potions_floor_spawned":[1,7,16,18,20,21,25,30,33,35,37,38,46],"ascension_level":1}}