{"host":"w9yruvs4bqht6bhw","time":1609701905,"event":{"mods":["BaseMod","Colored Powertips","Minty Spire (QoL Compilation)"],"gold_per_floor":[115,135,146,162,87,87,101,129,129,142,158,123,141,141,141,141,141],"floor_reached":16,"playtime":647,"items_purged":["Strike_R"],"score":168,"play_id":"ded62ce6-3098-46b6-aec0-722487089fd7","local_time":"20210103142505","is_ascension_mode":true,"campfire_choices":[{"data":"Feed","floor":6,"key":"SMITH"},{"floor":15,"key":"REST"}],"circlet_count":0,"master_deck":["Strike_R","Strike_R","Strike_R","Strike_R","Defend_R","Defend_R","Defend_R","Defend_R","Feed+1","Twin Strike","Clothesline","Carnage","Thunderclap","Feed","Armaments","Uppercut"],"relics":["Burning Blood","Letter Opener","Frozen Egg 2"],"acts_visited":["Exordium"],"potions_floor_usage":[7,8,13,13],"damage_taken":[{"damage":7,"enemies":"2 Louse","floor":1,"turns":3},{"damage":3,"enemies":"Jaw Worm","floor":2,"turns":4},{"damage":4,"enemies":"Cultist","floor":3,"turns":3},{"damage":7,"enemies":"Blue Slaver","floor":4,"turns":4},{"damage":31,"enemies":"Exordium Thugs","floor":7,"turns":7},{"damage":40,"enemies":"Lagavulin","floor":8,"turns":6},{"damage":6,"enemies":"Exordium Wildlife","floor":10,"turns":3},{"damage":11,"enemies":"Blue Slaver","floor":11,"turns":3},{"damage":19,"enemies":"Exordium Thugs","floor":13,"turns":7},{"damage":62,"enemies":"Hexaghost","floor":16,"turns":9}],"seed_played":"8853272836414162284","potions_obtained":[{"floor":4,"key":"Block Potion"},{"floor":7,"key":"Fire Potion"},{"floor":10,"key":"Block Potion"},{"floor":11,"key":"Block Potion"}],"is_trial":false,"path_per_floor":["M","M","M","M","$","R","M","E","T","M","M","?","M","?","R","B"],"character_chosen":"IRONCLAD","items_purchased":[],"campfire_rested":1,"item_purchase_floors":[],"current_hp_per_floor":[74,78,81,83,83,83,62,28,28,32,31,55,45,45,74,12,12],"gold":141,"neow_bonus":"THREE_RARE_CARDS","is_daily":false,"chose_seed":false,"campfire_upgraded":1,"win_rate":0.0,"timestamp":1609701905,"path_taken":["M","M","M","M","$","R","M","E","T","M","M","?","M","?","R","BOSS"],"items_purchased_type":[],"build_version":"2020-12-22","purchased_purges":1,"victory":false,"max_hp_per_floor":[75,78,81,84,84,84,88,88,88,92,96,96,99,99,99,99,99],"card_choices":[{"not_picked":["Bludgeon","Demon Form"],"picked":"Feed","floor":0},{"not_picked":["Body Slam","Wild Strike"],"picked":"Twin Strike","floor":1},{"not_picked":["Dropkick","Seeing Red"],"picked":"Clothesline","floor":2},{"not_picked":["Havoc","Cleave"],"picked":"Carnage","floor":3},{"not_picked":["Rupture","Combust"],"picked":"Thunderclap","floor":4},{"not_picked":["Pummel","Dark Embrace"],"picked":"Feed","floor":7},{"not_picked":["Second Wind","Body Slam","Headbutt"],"picked":"SKIP","floor":8},{"not_picked":["Headbutt","Pommel Strike","Sword Boomerang"],"picked":"SKIP","floor":10},{"not_picked":["Metallicize+1","Hemokinesis"],"picked":"Armaments","floor":11},{"not_picked":["Fire Breathing+1","Clothesline"],"picked":"Uppercut","floor":13}],"player_experience":293351,"relics_obtained":[{"floor":8,"key":"Letter Opener"},{"floor":9,"key":"Frozen Egg 2"}],"event_choices":[{"damage_healed":24,"gold_gain":0,"player_choice":"Healed","damage_taken":0,"max_hp_gain":0,"max_hp_loss":0,"event_name":"The Cleric","floor":12,"gold_loss":35},{"cards_removed":["Bash"],"damage_healed":0,"gold_gain":0,"player_choice":"Purged","damage_taken":0,"max_hp_gain":0,"max_hp_loss":0,"event_name":"Purifier","floor":14,"gold_loss":0}],"is_beta":false,"boss_relics":[],"items_purged_floors":[5],"is_endless":false,"potions_floor_spawned":[4,7,10,11],"killed_by":"Hexaghost","ascension_level":7}}