{"host":"q2n6tlickby1elp8","time":1609654668,"event":{"mods":["BaseMod","BetterRewards","Colored Powertips","Marisa£®ÏF”Í°°ƒß¿Ì…≥£©","Minty Spire (QoL Compilation)","Remilia£®¿Ÿ√◊¿Ú—«£©","SOS£®Àπ∞Õ¥Ô÷Æ◊”£©","Shop Mod","SuperFastMode","The Construct","The Disciple","The Servant 0.9.4","Youmu£®ªÍ∆«—˝√Œ£©","[IsaacMod]“‘»ˆº‚À˛"],"gold_per_floor":[119,119,195,14,48,48,97,156,226,226,301,301,361,4,4,174,174,182,211,211,211],"floor_reached":20,"playtime":994,"items_purged":["Injury"],"score":166,"play_id":"9e9e7404-5e67-47f9-83b8-58f328703cbc","local_time":"20210103141748","is_ascension_mode":false,"campfire_choices":[{"data":"Gunstinger","floor":6,"key":"SMITH"},{"floor":10,"key":"REST"},{"data":"CoyoteA","floor":12,"key":"SMITH"},{"data":"Attack_b","floor":15,"key":"SMITH"}],"circlet_count":0,"master_deck":["Attack_a","Attack_a","Attack_b+1","Shoot","Shoot","Provocation","Defend_Dante","Defend_Dante","Defend_Dante","Defend_Dante","Redorb+1","DT","Royaldefend","Gunstinger+1","Millionstab","Hightime","CoyoteA+1","EbonyIvory","BeastUppercut+1","Gunstinger+1","Trickster","CurseOfTheBell","Millionkick+1","Shock+1"],"relics":["SSS","Combocheck","HushsDoor","Golden Idol","PunchingBag","Boot","Molten Egg 2","Membership Card","Vajra","Calling Bell","Juzu Bracelet","UnicornStump","Thread and Needle"],"acts_visited":["Exordium","TheCity"],"potions_floor_usage":[16,19,19,20],"damage_taken":[{"damage":8,"enemies":"2 Louse","floor":1,"turns":2},{"damage":1,"enemies":"Small Slimes","floor":3,"turns":4},{"damage":2,"enemies":"Jaw Worm","floor":5,"turns":5},{"damage":2,"enemies":"Exordium Wildlife","floor":7,"turns":4},{"damage":8,"enemies":"3 Louse","floor":8,"turns":3},{"damage":0,"enemies":"Large Slime","floor":13,"turns":3},{"damage":38,"enemies":"The Guardian","floor":16,"turns":12},{"damage":23,"enemies":"2 Thieves","floor":18,"turns":5},{"damage":39,"enemies":"3 Byrds","floor":19,"turns":6},{"damage":21,"enemies":"Snake Plant","floor":20,"turns":4}],"seed_played":"-580131427297677903","potions_obtained":[{"floor":1,"key":"DuplicationPotion"},{"floor":5,"key":"Block Potion"},{"floor":13,"key":"DuplicationPotion"},{"floor":18,"key":"FearPotion"}],"is_trial":false,"path_per_floor":["M","?","M","$","M","R","M","M","T","R","?","R","M","$","R","B",null,"M","M","M"],"character_chosen":"DANTE","items_purchased":["Boot","Gunstinger","Membership Card","Vajra","BeastUppercut+1","Gunstinger+1"],"campfire_rested":1,"item_purchase_floors":[4,4,14,14,14,14],"current_hp_per_floor":[72,72,71,71,69,69,67,59,59,80,69,69,69,69,69,31,80,57,18,0,0],"gold":211,"neow_bonus":"UPGRADE_CARD","is_daily":false,"chose_seed":false,"campfire_upgraded":3,"win_rate":0.0,"timestamp":1609654668,"path_taken":["M","?","M","$","M","R","M","M","T","R","?","R","?","$","R","BOSS","M","M","M"],"items_purchased_type":["Relic","Card","Relic","Relic","Card","Card"],"build_version":"2020-12-22","purchased_purges":1,"victory":false,"max_hp_per_floor":[80,80,80,80,80,80,80,80,80,80,80,80,80,80,80,80,80,80,80,80,80],"card_choices":[{"not_picked":["Stinger","Millionkick"],"picked":"DT","floor":1},{"not_picked":["Airhike","Stinger"],"picked":"Royaldefend","floor":3},{"not_picked":["Gunslinger","GilgameshcomboA"],"picked":"Millionstab","floor":5},{"not_picked":["Stinger","Royaldefend"],"picked":"Hightime","floor":7},{"not_picked":["LucifercomboC","DT"],"picked":"CoyoteA","floor":8},{"not_picked":["Trickster","Dash2"],"picked":"EbonyIvory","floor":13},{"not_picked":["Royalguard","Goldorb"],"picked":"Trickster","floor":16},{"not_picked":["Lucifer","DT"],"picked":"Millionkick+1","floor":18},{"not_picked":["LucifercomboA+1","Airhike"],"picked":"Shock+1","floor":19}],"player_experience":121904,"relics_obtained":[{"floor":9,"key":"Molten Egg 2"},{"floor":17,"key":"Juzu Bracelet"},{"floor":17,"key":"UnicornStump"},{"floor":17,"key":"Thread and Needle"}],"event_choices":[{"damage_healed":0,"gold_gain":0,"player_choice":"Take Wound","damage_taken":0,"relics_obtained":["Golden Idol"],"max_hp_gain":0,"max_hp_loss":0,"event_name":"Golden Idol","floor":2,"gold_loss":0,"cards_obtained":["Injury"]},{"damage_healed":0,"gold_gain":75,"player_choice":"Gather Gold","damage_taken":11,"max_hp_gain":0,"max_hp_loss":0,"event_name":"World of Goop","floor":11,"gold_loss":0}],"is_beta":false,"boss_relics":[{"not_picked":["Runic Dome","Sozu"],"picked":"Calling Bell"},{"not_picked":[]}],"items_purged_floors":[14],"is_endless":false,"potions_floor_spawned":[1,5,13,18],"killed_by":"Snake Plant","ascension_level":0}}