{"host":"0i8dz4ityulxi1rd","time":1609646090,"event":{"mods":["BaseMod","Colored Map","Colored Powertips","Custom Start","Highlight Path","Hubris","Keyboard Shortcuts","Minty Spire (QoL Compilation)","StSLib","SuperFastMode"],"gold_per_floor":[113,123,142,142,160,187,112,112,138,155,194,194,216,216,216,299,326,349,349,375,375,44,44,44,91,117,117,29,48,48,67,67,67,67],"floor_reached":33,"playtime":695,"items_purged":["Bash"],"score":600,"play_id":"f3a7cd22-7687-4944-b6d4-f1e74694b5a6","local_time":"20210103125450","is_ascension_mode":true,"campfire_choices":[{"data":"Perfected Strike","floor":8.0,"key":"SMITH"},{"data":"Blood for Blood","floor":12.0,"key":"SMITH"},{"floor":15.0,"key":"REST"},{"data":"Perfected Strike","floor":23,"key":"SMITH"},{"data":"Shockwave","floor":27,"key":"SMITH"},{"data":"True Grit","floor":30,"key":"SMITH"},{"data":"Fire Breathing","floor":32,"key":"SMITH"}],"circlet_count":0,"master_deck":["AscendersBane","Strike_R","Strike_R","Strike_R","Defend_R","Defend_R+1","Defend_R","Defend_R","Perfected Strike+1","Pommel Strike+1","Headbutt","Perfected Strike+1","Wild Strike","Power Through","Perfected Strike+1","Reaper","Berserk+1","Exhume+1","Spot Weakness+1","Flame Barrier+1","Warcry+1","hubris:NaturalOne","Shockwave+1","Fire Breathing+1","True Grit+1","Pommel Strike","Headbutt"],"relics":["Burning Blood","NeowsBlessing","Happy Flower","Lantern","CeramicFish","Astrolabe","hubris:Icosahedron","hubris:BottledHeart","Mango","hubris:MedicalManual","Omamori"],"acts_visited":["Exordium","TheCity"],"potions_floor_usage":[33],"damage_taken":[{"damage":0.0,"enemies":"Jaw Worm","floor":1.0,"turns":1.0},{"damage":0.0,"enemies":"2 Louse","floor":2.0,"turns":1.0},{"damage":0.0,"enemies":"Small Slimes","floor":3.0,"turns":1.0},{"damage":16.0,"enemies":"3 Louse","floor":5.0,"turns":2.0},{"damage":22.0,"enemies":"Lagavulin","floor":6.0,"turns":4.0},{"damage":0.0,"enemies":"Blue Slaver","floor":10.0,"turns":1.0},{"damage":20.0,"enemies":"3 Sentries","floor":11.0,"turns":4.0},{"damage":16.0,"enemies":"Exordium Wildlife","floor":13.0,"turns":3.0},{"damage":27.0,"enemies":"The Guardian","floor":16.0,"turns":8.0},{"damage":18.0,"enemies":"Chosen","floor":18.0,"turns":4.0},{"damage":33,"enemies":"Spheric Guardian","floor":20,"turns":5},{"damage":0,"enemies":"Gremlin Leader","floor":25,"turns":11},{"damage":0,"enemies":"Centurion and Healer","floor":29,"turns":3},{"damage":0,"enemies":"Shelled Parasite and Fungi","floor":31,"turns":4},{"damage":4,"enemies":"hubris:MusketHawk","floor":33,"turns":6}],"seed_played":"2717219458042047284","potions_obtained":[{"floor":1.0,"key":"Strength Potion"},{"floor":5.0,"key":"ColorlessPotion"},{"floor":6.0,"key":"Weak Potion"},{"floor":25,"key":"CultistPotion"},{"floor":31,"key":"SteroidPotion"}],"is_trial":false,"path_per_floor":["M","M","M","?","M","E","$","R","T","M","E","R","M","?","R","B",null,"M","?","M","?","$","R","$","E","T","R","$","M","R","M","R","B"],"character_chosen":"IRONCLAD","items_purchased":["Mango","Fire Breathing","True Grit"],"campfire_rested":1,"item_purchase_floors":[22,28,28],"current_hp_per_floor":[74,75,75,75,65,49,49,49,49,55,41,41,31,8,30,9,59,50,50,23,1,1,1,1,1,1,1,1,1,1,1,1,0,0],"gold":67,"neow_bonus":"THREE_ENEMY_KILL","is_daily":false,"chose_seed":false,"campfire_upgraded":6,"win_rate":0.0,"timestamp":1609646090,"path_taken":["M","M","M","?","M","E","$","R","T","M","E","R","M","?","R","BOSS","M","?","M","?","?","R","$","E","T","R","?","M","R","M","R","BOSS"],"items_purchased_type":["Relic","Card","Card"],"build_version":"2020-12-22","purchased_purges":1,"victory":false,"max_hp_per_floor":[75,75,75,75,75,75,75,75,75,75,75,75,75,75,75,75,75,75,75,75,1,1,1,1,1,1,1,1,1,1,1,1,1,1],"card_choices":[{"not_picked":["Hemokinesis","Body Slam"],"picked":"Blood for Blood","floor":1.0},{"not_picked":["Iron Wave","True Grit"],"picked":"Perfected Strike","floor":2.0},{"not_picked":["True Grit","Sword Boomerang"],"picked":"Pommel Strike","floor":3.0},{"not_picked":["Whirlwind","Sword Boomerang"],"picked":"Headbutt","floor":5.0},{"not_picked":["Exhume","Sword Boomerang"],"picked":"Perfected Strike","floor":6.0},{"not_picked":["Pommel Strike","Cleave"],"picked":"Wild Strike","floor":10.0},{"not_picked":["Bloodletting","Flame Barrier"],"picked":"Power Through","floor":11.0},{"not_picked":["Body Slam","Iron Wave"],"picked":"Perfected Strike","floor":13.0},{"not_picked":["Double Tap","Bludgeon"],"picked":"Reaper","floor":16.0},{"not_picked":["Wild Strike","Anger"],"picked":"Flame Barrier+1","floor":18.0},{"not_picked":["Heavy Blade","Metallicize"],"picked":"Warcry+1","floor":20},{"not_picked":["Spot Weakness","Juggernaut"],"picked":"Shockwave","floor":25},{"not_picked":["Reckless Charge","Clothesline"],"picked":"Pommel Strike","floor":29},{"not_picked":["Blood for Blood+1","Pommel Strike"],"picked":"Headbutt","floor":31}],"player_experience":1307378,"relics_obtained":[{"floor":6.0,"key":"Happy Flower"},{"floor":9.0,"key":"Lantern"},{"floor":11.0,"key":"CeramicFish"},{"floor":25,"key":"hubris:MedicalManual"},{"floor":26,"key":"Omamori"}],"event_choices":[{"damage_healed":0.0,"max_hp_gain":0.0,"max_hp_loss":0.0,"gold_gain":0.0,"event_name":"Shining Light","player_choice":"Entered Light","floor":14.0,"gold_loss":0.0,"damage_taken":23.0,"cards_upgraded":["Pommel Strike","Defend_R"]}],"is_beta":false,"boss_relics":[{"not_picked":["Pandora\u0027s Box","Tiny House"],"picked":"Astrolabe"}],"items_purged_floors":[7],"is_endless":false,"potions_floor_spawned":[1,5,6,11,25,31],"killed_by":"hubris:MusketHawk","ascension_level":20}}