{"host":"wonp23fsqqcu31ie","time":1609679499,"event":{"mods":["2.2 Compatiblity","AchievementEnabler","Aspiration","BaseMod","Bestiary","Better Altar","Better Match","Better Sensory Stone","Better Skull","Better Third Choice","BetterRewards","Block Reminder","Colored Map","Colored Powertips","Conspire","Curses Come First","DeckTracker","Displayed Cursed Tome","Downfall","Hermit","Highlight Path","Hubris","Marisa????????","Minty Spire (QoL Compilation)","Permanent Neow","Quick Restart","Rare Cards Sparkle","Relic Stats","Replay The Spire","Robot Space Explorer","Shade Mod","Shop Mod","StSLib","SuperFastMode","The Animator","The Cursed","The Gatherer","The Marked","The Necromancer","The Runesmith","The Servant 0.9.4"],"gold_per_floor":[99,116,135,135,135,165,465,477,577,608,608,626,661,39,50,153,153,3,22,41,41,41,70,70,70,201,126,158,14,14,27,47,150,150,150,150,165,216,228,243,269,294,309,309,343,39,39,57,74,74,74,104,8,8,8],"floor_reached":56,"playtime":3133,"items_purged":["Guardian:Gem_Red","Pain"],"score":1615,"play_id":"2ae41e40-e884-4417-9ddd-850ea2589e57","local_time":"20210104001139","is_ascension_mode":true,"campfire_choices":[{"floor":1,"key":"RECALL"},{"data":"expansioncontent:DefensiveStance","floor":18,"key":"SMITH"},{"data":"Guardian:CurlUp","floor":35,"key":"SMITH"},{"data":"Guardian:PrismaticBarrier","floor":44,"key":"SMITH"},{"data":"Massacre","floor":54,"key":"SMITH"}],"circlet_count":1,"master_deck":["Guardian:Strike_Guardian","Guardian:Strike_Guardian","Guardian:Strike_Guardian","Guardian:Defend_Guardian","Guardian:Defend_Guardian","Guardian:Defend_Guardian","Guardian:Defend_Guardian","Guardian:CurlUp+1","Guardian:TwinSlam+1","Guardian:ChargeUp","Guardian:RollAttack","Guardian:BronzeOrb","Guardian:ChargeUp","Guardian:Repulse","Guardian:PiercingHide","Guardian:BronzeOrb","expansioncontent:DefensiveStance+1","Guardian:Orbwalk","Guardian:TimeSifter","Guardian:VentSteam+1","Writhe","Guardian:DecasProtection","Guardian:CrystalBeam","Guardian:GuardianWhirl","Guardian:GemFinder","Guardian:Gem_Green","Guardian:TimeBomb+1","Spot Weakness+1","Guardian:PrismaticBarrier+1","Guardian:Gem_Cyan","Guardian:CrystalBeam+1","Guardian:Planning","Guardian:Gem_Lightblue","Guardian:Harden+1","Guardian:Planning+1","Massacre+1","Guardian:ExploitGems","Guardian:BronzeArmor","Guardian:TemporalStrike","Hemogenesis","Guardian:Gem_Lightblue","Guardian:Reroute+1","Guardian:RollAttack","hubris:NaturalOne"],"relics":["Guardian:ModeShifter","Ring of Searing","ReplayTheSpireMod:Ring of Addiction","hubris:EmptyBottle","Circlet","hubris:Icosahedron","Akabeko","Replay:Ringing Soul","hubris:DeckOfHolding","MerchantsRug","Replay:Rubber Ducky","hubris:SphereOfDissonance","SlaversCollar","downfall:HeartBlessingRed","downfall:HeartBlessingGreen","aspiration:AnachronicSnailShell","Bloody Idol","Gremlin Food","MutagenicStrength","Guardian:PickAxe","downfall:HeartBlessingBlue","Centennial Puzzle","Sling","aspiration:IroncladSkillbook","hubris:Towel","Guardian:SackOfGems","Oddly Smooth Stone","Toy Ornithopter","ReplayTheSpireMod:Shallot","Membership Card","Girya","Durian","Mummified Hand"],"acts_visited":["Exordium","TheCity","TheBeyond","TheEnding"],"potions_floor_usage":[6,6,10,13,14,16,19,23,23,26,33,33,33,33,37,38,40,40,45,45,50,50,50,50,50,50,50,50,50,50,50,55,55,55,55],"damage_taken":[{"damage":2,"enemies":"Jaw Worm","floor":2,"turns":4},{"damage":3,"enemies":"Small Slimes","floor":3,"turns":4},{"damage":39,"enemies":"Lagavulin","floor":6,"turns":6},{"damage":0,"enemies":"2 Louse","floor":8,"turns":1},{"damage":5,"enemies":"Gremlin Nob","floor":10,"turns":3},{"damage":3,"enemies":"Blue Slaver","floor":12,"turns":2},{"damage":11,"enemies":"Lagavulin","floor":13,"turns":4},{"damage":5,"enemies":"downfall:FleeingMerchant","floor":14,"turns":4},{"damage":4,"enemies":"2 Fungi Beasts","floor":15,"turns":3},{"damage":0,"enemies":"downfall:Silent","floor":16,"turns":6},{"damage":15,"enemies":"Shell Parasite","floor":19,"turns":4},{"damage":15,"enemies":"Spheric Guardian","floor":20,"turns":6},{"damage":6,"enemies":"Gremlin Leader","floor":23,"turns":5},{"damage":5,"enemies":"conspire:Head Lice","floor":26,"turns":6},{"damage":6,"enemies":"conspire:SneckoGhost","floor":28,"turns":7},{"damage":0,"enemies":"downfall:FleeingMerchant","floor":29,"turns":4},{"damage":0,"enemies":"Centurion and Healer","floor":31,"turns":3},{"damage":2,"enemies":"Snecko","floor":32,"turns":5},{"damage":10,"enemies":"downfall:Watcher","floor":33,"turns":8},{"damage":38,"enemies":"3 Darklings","floor":37,"turns":10},{"damage":26,"enemies":"2 Orb Walkers","floor":38,"turns":6},{"damage":5,"enemies":"Orb Walker","floor":39,"turns":4},{"damage":20,"enemies":"Maw","floor":40,"turns":8},{"damage":10,"enemies":"Nemesis","floor":42,"turns":6},{"damage":19,"enemies":"3 Darklings","floor":43,"turns":4},{"damage":13,"enemies":"R_Hoarder","floor":45,"turns":6},{"damage":6,"enemies":"downfall:FleeingMerchant","floor":46,"turns":3},{"damage":2,"enemies":"Spire Growth","floor":48,"turns":4},{"damage":10,"enemies":"Maw","floor":49,"turns":5},{"damage":36,"enemies":"downfall:Ironclad","floor":50,"turns":11},{"damage":91,"enemies":"downfall:CharBossMerchant","floor":52,"turns":9},{"damage":43,"enemies":"downfall:NeowBoss","floor":55,"turns":33}],"seed_played":"-6915871723030543914","potions_obtained":[{"floor":2,"key":"Elixir"},{"floor":4,"key":"conspire:TimeTravelPotion"},{"floor":4,"key":"LiquidBronze"},{"floor":4,"key":"LiquidBronze"},{"floor":10,"key":"SteroidPotion"},{"floor":13,"key":"Guardian:DefensiveModePotion"},{"floor":15,"key":"Explosive Potion"},{"floor":16,"key":"Strength Potion"},{"floor":19,"key":"Guardian:BlockOnCardUsePotion"},{"floor":28,"key":"SkillPotion"},{"floor":31,"key":"Dexterity Potion"},{"floor":33,"key":"Block Potion"},{"floor":37,"key":"Strength Potion"},{"floor":42,"key":"EntropicBrew"},{"floor":43,"key":"FearPotion"},{"floor":45,"key":"SteroidPotion"},{"floor":48,"key":"Guardian:DefensiveModePotion"}],"is_trial":false,"path_per_floor":["R_BF","M","M","?","?","E","T","M","?","E","?","M","E","$","M","B",null,"R","M","M","?","?","E","T","?","E","R","E","$","R","M","M","B",null,"R","?","M","?","M","M","T","E","M","R","E","$","?","M","M","B",null,"E","$","R","B",null],"character_chosen":"GUARDIAN","items_purchased":["MerchantsRug","Replay:Rubber Ducky","expansioncontent:DefensiveStance","hubris:SphereOfDissonance","Sling","Membership Card","Girya","Durian","Massacre","Guardian:ExploitGems","Guardian:BronzeArmor","Guardian:BlockOnCardUsePotion","Guardian:BlockOnCardUsePotion","Guardian:RollAttack"],"campfire_rested":0,"item_purchase_floors":[14,14,14,14,29,46,46,46,46,46,46,53,53,53],"current_hp_per_floor":[80,78,75,75,75,58,58,58,58,56,59,59,51,54,53,56,99,99,87,75,78,24,26,26,26,34,47,49,57,60,68,74,72,139,139,139,111,97,104,93,98,100,93,93,102,113,140,150,152,180,192,113,126,126,115],"gold":8,"neow_bonus":"UPGRADE_CARD","is_daily":false,"chose_seed":false,"campfire_upgraded":4,"win_rate":0.0,"timestamp":1609679499,"path_taken":["R_BF","M","M","?","?","E","T","?","?","E","?","M","E","$","M","BOSS","R","M","M","?","?","E","T","?","E","R","E","$","R","M","M","BOSS","R","?","M","?","M","M","T","E","?","R","E","$","?","M","M","BOSS","E","$","R","BOSS"],"items_purchased_type":["Relic","Relic","Card","Relic","Relic","Relic","Relic","Relic","Card","Card","Card","Potion","Potion","Card"],"build_version":"2020-12-22","purchased_purges":2,"victory":true,"max_hp_per_floor":[80,80,80,80,80,80,80,80,80,81,84,87,90,93,96,99,99,99,102,105,108,108,109,109,109,112,125,128,131,132,135,138,139,139,139,139,140,143,146,146,146,149,152,150,153,161,188,191,192,192,192,195,198,196,199],"relic_stats":{"Centennial Puzzle":[45],"counters":[32,194],"Mummified Hand":[5],"Bloody Idol":110,"obtain_stats":[{"downfall:HeartBlessingGreen":18,"Guardian:SackOfGems":38,"hubris:EmptyBottle":4,"Sling":29,"Ring of Searing":4,"Old Coin":7,"Replay:Rubber Ducky":14,"Guardian:PickAxe":26,"Replay:Ringing Soul":10,"Centennial Puzzle":28,"hubris:Icosahedron":5,"downfall:HeartBlessingBlue":27,"Mummified Hand":52,"aspiration:AnachronicSnailShell":21,"hubris:DeckOfHolding":13,"Gremlin Food":23,"MerchantsRug":14,"Girya":46,"downfall:HeartBlessingRed":18,"ReplayTheSpireMod:Ring of Addiction":4,"Guardian:ModeShifter":0,"Circlet":4,"hubris:SphereOfDissonance":14,"Oddly Smooth Stone":41,"hubris:Towel":36,"Akabeko":6,"aspiration:IroncladSkillbook":34,"SlaversCollar":17,"ReplayTheSpireMod:Shallot":45,"Bloody Idol":22,"MutagenicStrength":25,"Durian":46,"Membership Card":46,"Toy Ornithopter":42},{"downfall:HeartBlessingGreen":10,"Guardian:SackOfGems":21,"hubris:EmptyBottle":2,"Sling":16,"Ring of Searing":2,"Old Coin":3,"Replay:Rubber Ducky":8,"Guardian:PickAxe":14,"Replay:Ringing Soul":5,"Centennial Puzzle":15,"hubris:Icosahedron":2,"downfall:HeartBlessingBlue":14,"Mummified Hand":31,"aspiration:AnachronicSnailShell":12,"hubris:DeckOfHolding":7,"Gremlin Food":13,"MerchantsRug":8,"Girya":27,"downfall:HeartBlessingRed":10,"ReplayTheSpireMod:Ring of Addiction":2,"Guardian:ModeShifter":0,"Circlet":2,"hubris:SphereOfDissonance":8,"Oddly Smooth Stone":23,"hubris:Towel":19,"Akabeko":3,"aspiration:IroncladSkillbook":19,"SlaversCollar":10,"ReplayTheSpireMod:Shallot":26,"Bloody Idol":12,"MutagenicStrength":13,"Durian":27,"Membership Card":27,"Toy Ornithopter":24},{"downfall:HeartBlessingGreen":37,"Guardian:SackOfGems":101,"hubris:EmptyBottle":8,"Sling":69,"Ring of Searing":8,"Old Coin":14,"Replay:Rubber Ducky":28,"Guardian:PickAxe":58,"Replay:Ringing Soul":18,"Centennial Puzzle":65,"hubris:Icosahedron":8,"downfall:HeartBlessingBlue":58,"Mummified Hand":161,"aspiration:AnachronicSnailShell":47,"hubris:DeckOfHolding":24,"Gremlin Food":52,"MerchantsRug":28,"Girya":132,"downfall:HeartBlessingRed":37,"ReplayTheSpireMod:Ring of Addiction":8,"Guardian:ModeShifter":0,"Circlet":8,"hubris:SphereOfDissonance":28,"Oddly Smooth Stone":113,"hubris:Towel":85,"Akabeko":14,"aspiration:IroncladSkillbook":85,"SlaversCollar":37,"ReplayTheSpireMod:Shallot":129,"Bloody Idol":47,"MutagenicStrength":52,"Durian":132,"Membership Card":132,"Toy Ornithopter":119}],"Toy Ornithopter":85},"card_choices":[{"not_picked":["Guardian:ShieldSpikes","Guardian:Gem_Red"],"picked":"Guardian:ChargeUp","floor":2},{"not_picked":["Guardian:Incinerate","Guardian:ChargeCore"],"picked":"Guardian:RollAttack","floor":3},{"not_picked":["Guardian:TimeSifter","Guardian:Clone"],"picked":"Guardian:BronzeOrb","floor":6},{"not_picked":["Guardian:Incinerate","Guardian:Gem_Cyan"],"picked":"Guardian:ChargeUp","floor":8},{"not_picked":["Guardian:Gem_Yellow","Guardian:SentryBeam"],"picked":"Guardian:Gem_Crimson","floor":10},{"not_picked":["Guardian:TemporalStrike","Guardian:Reroute"],"picked":"Guardian:Repulse","floor":12},{"not_picked":["Guardian:TimeCapacitor","Guardian:RollAttack"],"picked":"Guardian:PiercingHide","floor":13},{"not_picked":["Guardian:TimeCapacitor","Guardian:Incinerate"],"picked":"Guardian:BronzeOrb","floor":14},{"not_picked":["Guardian:Recover","Guardian:SpikerProtocol"],"picked":"Guardian:Orbwalk","floor":15},{"not_picked":["Guardian:ConstructionForm","Guardian:FastForward"],"picked":"Guardian:TimeSifter","floor":16},{"not_picked":["Guardian:Gem_Cyan","Guardian:RollAttack"],"picked":"Guardian:VentSteam+1","floor":19},{"not_picked":["Guardian:ChargeCore","Guardian:Reroute+1"],"picked":"Guardian:Gem_Cyan","floor":20},{"not_picked":["Guardian:PolyBeam","Guardian:PrimingBeam"],"picked":"Guardian:DecasProtection","floor":23},{"not_picked":["Guardian:Orbwalk","Guardian:Recover"],"picked":"Guardian:CrystalBeam","floor":26},{"not_picked":["Guardian:FastForward","Guardian:MultiBeam"],"picked":"Guardian:Gem_Lightblue","floor":28},{"not_picked":["Guardian:Recover+1","Guardian:ShieldCharger"],"picked":"Guardian:Gem_White","floor":29},{"not_picked":["Guardian:WalkerClaw","Guardian:TemporalShield"],"picked":"Guardian:Gem_Red","floor":31},{"not_picked":["Guardian:Recover","Guardian:PolyBeam"],"picked":"Guardian:GuardianWhirl","floor":32},{"not_picked":["Guardian:TimeSifter","Guardian:GatlingBeam"],"picked":"Guardian:GemFinder","floor":33},{"not_picked":["Guardian:Gem_Cyan","Guardian:Gem_Green"],"picked":"Guardian:Gem_Lightblue","floor":37},{"not_picked":["Guardian:Gem_Cyan","Guardian:Gem_Red"],"picked":"Guardian:Gem_Green","floor":37},{"not_picked":["Run Through","Guardian:PolyBeam","Replay:Many Hands"],"picked":"Guardian:TimeBomb+1","floor":37},{"not_picked":["Guardian:TemporalStrike+1","Guardian:VentSteam","Flex"],"picked":"Spot Weakness+1","floor":38},{"not_picked":["Iron Wave","ReplayTheSpireMod:Strike From Hell+1","Perfected Strike+1"],"picked":"Guardian:PrismaticBarrier","floor":39},{"not_picked":["Guardian:ChargeCore","Guardian:BronzeOrb","Warcry+1","hubris:ReadiedAction"],"picked":"SKIP","floor":40},{"not_picked":["Guardian:Gem_Green","Guardian:Gem_Red"],"picked":"Guardian:Gem_Cyan","floor":42},{"not_picked":["Guardian:Gem_Lightblue","Guardian:Gem_Red"],"picked":"Guardian:Gem_Cyan","floor":42},{"not_picked":["Dark Embrace+1","Guardian:SphericShield","Rage"],"picked":"Guardian:CrystalBeam+1","floor":42},{"not_picked":["Clothesline+1","Guardian:SentryBeam+1","Guardian:CrystalBeam"],"picked":"Guardian:Planning","floor":43},{"not_picked":["Guardian:Gem_Green","Guardian:Gem_Red"],"picked":"Guardian:Gem_Lightblue","floor":45},{"not_picked":["Guardian:Gem_Cyan","Guardian:Gem_Red"],"picked":"Guardian:Gem_Lightblue","floor":45},{"not_picked":["Clash","Heavy Blade","Flex"],"picked":"Guardian:Harden+1","floor":45},{"not_picked":["Guardian:DonusPower","Guardian:PrimingBeam","Guardian:RefractedBeam"],"picked":"Guardian:Planning+1","floor":46},{"not_picked":["Guardian:BronzeOrb+1","Twin Strike+1","Guardian:PrimingBeam+1"],"picked":"Guardian:TemporalStrike","floor":48},{"not_picked":["Bloodletting","Guardian:TemporalShield+1","Flex"],"picked":"Hemogenesis","floor":49},{"not_picked":["Guardian:Gem_Red","Guardian:Gem_Green"],"picked":"Guardian:Gem_Cyan","floor":52},{"not_picked":["Guardian:Gem_Green","Guardian:Gem_Red"],"picked":"Guardian:Gem_Lightblue","floor":52},{"not_picked":["Guardian:TemporalStrike+1","Seeing Red+1","Carnage+1"],"picked":"Guardian:Reroute+1","floor":52}],"player_experience":442897,"relics_obtained":[{"floor":4,"key":"Ring of Searing"},{"floor":4,"key":"ReplayTheSpireMod:Ring of Addiction"},{"floor":4,"key":"hubris:EmptyBottle"},{"floor":4,"key":"Circlet"},{"floor":6,"key":"Akabeko"},{"floor":7,"key":"Old Coin"},{"floor":10,"key":"Replay:Ringing Soul"},{"floor":13,"key":"hubris:DeckOfHolding"},{"floor":23,"key":"Gremlin Food"},{"floor":26,"key":"Guardian:PickAxe"},{"floor":28,"key":"Centennial Puzzle"},{"floor":38,"key":"Guardian:SackOfGems"},{"floor":41,"key":"Oddly Smooth Stone"},{"floor":42,"key":"Toy Ornithopter"},{"floor":45,"key":"ReplayTheSpireMod:Shallot"},{"floor":52,"key":"Mummified Hand"}],"event_choices":[{"damage_healed":0,"gold_gain":0,"player_choice":" Idol ","damage_taken":54,"relics_obtained":["Bloody Idol"],"max_hp_gain":78,"max_hp_loss":24,"event_name":"betterAltar:BetterAltar","floor":22,"potions_obtained":[],"relics_lost":[],"gold_loss":0},{"damage_healed":0,"gold_gain":0,"player_choice":"Inject Mutagens","damage_taken":0,"relics_obtained":["MutagenicStrength"],"max_hp_gain":0,"max_hp_loss":0,"event_name":"Drug Dealer","floor":25,"gold_loss":0},{"damage_healed":0,"gold_gain":0,"player_choice":"Fight","damage_taken":0,"max_hp_gain":0,"max_hp_loss":0,"event_name":"Mysterious Sphere","floor":38,"gold_loss":0}],"is_beta":false,"boss_relics":[{"not_picked":["hubris:BlackHole","Replay:Drink Me"],"picked":"SlaversCollar"},{"not_picked":["hubris:GrandSneckoEye","aspiration:RunicSpoon"],"picked":"aspiration:IroncladSkillbook"}],"items_purged_floors":[46,53],"is_endless":false,"potions_floor_spawned":[2,10,12,13,15,16,19,28,31,32,33,37,42,43,45,48,49],"ascension_level":3}}