{"host":"egwexuw5uvnxf11j","time":1609641069,"event":{"mods":["2.2 Compatiblity","Aspiration","BaseMod","Better Altar","Better Note","Better Sensory Stone","Better Third Choice","Displayed Cursed Tome","Downfall","Hermit","Key Reminder","Koishi","Marisa????????","Minty Spire (QoL Compilation)","Quick Restart","Shade Mod","Spicy Shops","StSLib","The Construct","The Cursed","The Hierophant","The Runesmith","The Senshi","The Servant 0.9.4","Transform Curses"],"gold_per_floor":[117,117,117,135,135,166,166,20,45,78,95,95,169,186,186,281,281,294,247,261,261,261,261],"floor_reached":22,"playtime":1240,"items_purged":[],"score":211,"play_id":"b03e5265-cb80-464a-ac3e-f86887f48f8a","local_time":"20210102213109","is_ascension_mode":true,"campfire_choices":[{"floor":7.0,"key":"REST"},{"floor":15.0,"key":"REST"}],"circlet_count":0,"master_deck":["Strike_G","Strike_G","Strike_G","Strike_G","Strike_G","Defend_G","Defend_G","Defend_G","Defend_G","Defend_G","Survivor","Neutralize","Choke+1","Blade Dance","Terror","Backflip","Deflect","Burn","Caltrops","Burst","Slice+1","Flying Knee","Predator+1"],"relics":["Ring of the Snake","aspiration:Lifesprig","Tough Bandages","keyreminder:keyreminder","StoneCalendar","Potion Belt","Art of War","HornCleat","WristBlade","Bloody Idol"],"acts_visited":["Exordium","TheCity"],"potions_floor_usage":[20],"damage_taken":[{"damage":0.0,"enemies":"Small Slimes","floor":1.0,"turns":3.0},{"damage":4.0,"enemies":"Jaw Worm","floor":4.0,"turns":2.0},{"damage":28.0,"enemies":"3 Sentries","floor":6.0,"turns":8.0},{"damage":30.0,"enemies":"Gremlin Nob","floor":10.0,"turns":4.0},{"damage":0.0,"enemies":"Cultist","floor":11.0,"turns":2.0},{"damage":0.0,"enemies":"2 Fungi Beasts","floor":14.0,"turns":3.0},{"damage":13.0,"enemies":"Hexaghost","floor":16.0,"turns":8.0},{"damage":28.0,"enemies":"Shell Parasite","floor":18.0,"turns":5.0},{"damage":2,"enemies":"3 Byrds","floor":20,"turns":6},{"damage":11,"enemies":"Cultist and Chosen","floor":22,"turns":4}],"seed_played":"407756101500733420","potions_obtained":[{"floor":1.0,"key":"SteroidPotion"},{"floor":11.0,"key":"champ:CounterPotion"},{"floor":14.0,"key":"AttackPotion"},{"floor":18.0,"key":"CunningPotion"}],"is_trial":false,"path_per_floor":["M","?","?","M","?","E","R","$","T","E","M","?","T","M","R","B",null,"M","$","M","?","M"],"character_chosen":"THE_SILENT","items_purchased":["StoneCalendar","Flying Knee"],"campfire_rested":2,"item_purchase_floors":[8,19],"current_hp_per_floor":[70,70,70,66,59,31,52,52,52,22,22,22,22,22,43,30,70,42,42,40,5,0,0],"gold":261,"neow_bonus":"RANDOM_COMMON_RELIC","is_daily":false,"chose_seed":false,"campfire_upgraded":0,"win_rate":0.0,"timestamp":1609641069,"path_taken":["M","?","?","M","?","E","R","$","T","E","?","?","?","M","R","BOSS","M","?","M","?","M"],"items_purchased_type":["Relic","Card"],"build_version":"2020-12-22","purchased_purges":0,"victory":false,"max_hp_per_floor":[70,70,70,70,70,70,70,70,70,70,70,70,70,70,70,70,70,70,70,70,70,70,70],"card_choices":[{"not_picked":["Dash","Riddle With Holes"],"picked":"Choke","floor":1.0},{"not_picked":["Poisoned Stab","Noxious Fumes"],"picked":"Blade Dance","floor":4.0},{"not_picked":["Quick Slash","Skewer"],"picked":"Terror","floor":6.0},{"not_picked":["Underhanded Strike","Unload"],"picked":"Backflip","floor":10.0},{"not_picked":["Backflip","Skewer"],"picked":"Deflect","floor":11.0},{"not_picked":["PiercingWail","Bouncing Flask"],"picked":"Caltrops","floor":14.0},{"not_picked":["Venomology","Bullet Time"],"picked":"Burst","floor":16.0},{"not_picked":["Backflip+1","Endless Agony+1"],"picked":"Slice+1","floor":18.0},{"not_picked":["Prepared","Slice"],"picked":"Predator+1","floor":20}],"player_experience":2119032,"relics_obtained":[{"floor":6.0,"key":"Tough Bandages"},{"floor":9.0,"key":"Potion Belt"},{"floor":10.0,"key":"Art of War"},{"floor":13.0,"key":"HornCleat"}],"event_choices":[{"damage_healed":0.0,"max_hp_gain":0.0,"max_hp_loss":0.0,"gold_gain":0.0,"event_name":"Living Wall","player_choice":"Grow","floor":2.0,"gold_loss":0.0,"damage_taken":0.0,"cards_upgraded":["Choke"]},{"damage_healed":0.0,"max_hp_gain":0.0,"max_hp_loss":0.0,"gold_gain":0.0,"event_name":"The Cleric","player_choice":"Leave","floor":3.0,"gold_loss":0.0,"damage_taken":0.0},{"damage_healed":0.0,"max_hp_gain":0.0,"max_hp_loss":0.0,"gold_gain":0.0,"event_name":"Wheel of Change","player_choice":"Damaged","floor":5.0,"gold_loss":0.0,"damage_taken":7.0},{"damage_healed":22.0,"max_hp_gain":0.0,"max_hp_loss":70.0,"gold_gain":0.0,"event_name":"betterThird:BetterShining","player_choice":"Embrace Burn","floor":12.0,"gold_loss":0.0,"damage_taken":0.0},{"damage_healed":0,"gold_gain":0,"player_choice":" Idol ","damage_taken":35,"relics_obtained":["Bloody Idol"],"max_hp_gain":40,"max_hp_loss":5,"event_name":"betterAltar:BetterAltar","floor":21,"potions_obtained":[],"relics_lost":[],"gold_loss":0}],"is_beta":false,"boss_relics":[{"not_picked":["construct:ClawGrip","aspiration:PoetsPen_weak"],"picked":"WristBlade"}],"items_purged_floors":[],"is_endless":false,"potions_floor_spawned":[1,11,14,18],"killed_by":"Cultist and Chosen","ascension_level":2}}