{"host":"dpbezu80jg8zk7un","time":1609710159,"event":{"mods":["BaseMod","Colored Map","Colored Powertips","Custom Start","DeckTracker","Minty Spire (QoL Compilation)","Quick Restart","StSLib","SuperFastMode"],"gold_per_floor":[109,109,384,133,152,152,177,189,189,189,203,223,223,236,236,309,309,329,349,359,369,369,369,397,432,432,357,377,377,377,166,166,242,242,255,275,118,118,340,375,335,335,358,368,398,418,446,321,321,321,321,321,321,39,77,77,77],"floor_reached":56,"playtime":2230,"items_purged":["Regret","Omniscience+1","FlyingSleeves","Blasphemy+1"],"score":2235,"play_id":"f9c44010-766d-4fc1-9396-e0419988cfcd","local_time":"20210104064239","is_ascension_mode":true,"campfire_choices":[{"floor":6.0,"key":"REST"},{"floor":10.0,"key":"REST"},{"data":"Eruption","floor":13.0,"key":"SMITH"},{"data":"Conclude","floor":15.0,"key":"SMITH"},{"floor":23.0,"key":"REST"},{"data":"CrushJoints","floor":30.0,"key":"SMITH"},{"floor":32.0,"key":"RECALL"},{"data":"MentalFortress","floor":42,"key":"SMITH"},{"floor":49,"key":"REST"},{"data":"Establishment","floor":53,"key":"SMITH"}],"circlet_count":0,"master_deck":["AscendersBane","Eruption+1","Vigilance","CrushJoints+1","Conclude+1","Worship+1","FearNoEvil","Halt+1","Establishment+1","ClearTheMind+1","SandsOfTime+1","Sanctity+1","MentalFortress+1","InnerPeace+1","EmptyMind+1","Pray+1"],"relics":["PureWater","Smiling Mask","TheAbacus","Toxic Egg 2","Mercury Hourglass","Pandora\u0027s Box","WingedGreaves","HornCleat","Red Mask","Toy Ornithopter","Eternal Feather","Omamori","Philosopher\u0027s Stone","FossilizedHelix","Bottled Tornado","CeramicFish","The Courier","Centennial Puzzle","Sundial"],"acts_visited":["Exordium","TheCity","TheBeyond","TheEnding"],"potions_floor_usage":[40,40,50,51,51,56,56],"damage_taken":[{"damage":2.0,"enemies":"2 Louse","floor":1.0,"turns":3.0},{"damage":0.0,"enemies":"Small Slimes","floor":5.0,"turns":1.0},{"damage":15.0,"enemies":"3 Sentries","floor":7.0,"turns":4.0},{"damage":0.0,"enemies":"Cultist","floor":8.0,"turns":2.0},{"damage":4.0,"enemies":"Gremlin Gang","floor":11.0,"turns":3.0},{"damage":1.0,"enemies":"Exordium Thugs","floor":12.0,"turns":3.0},{"damage":0.0,"enemies":"Looter","floor":14.0,"turns":1.0},{"damage":0.0,"enemies":"Slime Boss","floor":16.0,"turns":7.0},{"damage":0.0,"enemies":"Spheric Guardian","floor":18.0,"turns":1.0},{"damage":0.0,"enemies":"3 Byrds","floor":19.0,"turns":2.0},{"damage":23.0,"enemies":"Centurion and Healer","floor":20.0,"turns":4.0},{"damage":0.0,"enemies":"Snecko","floor":21.0,"turns":3.0},{"damage":0.0,"enemies":"Gremlin Leader","floor":24.0,"turns":6.0},{"damage":0.0,"enemies":"Masked Bandits","floor":25.0,"turns":2.0},{"damage":12.0,"enemies":"Snake Plant","floor":28.0,"turns":3.0},{"damage":2.0,"enemies":"Automaton","floor":33.0,"turns":6.0},{"damage":9.0,"enemies":"Orb Walker","floor":35.0,"turns":3.0},{"damage":2,"enemies":"3 Darklings","floor":36,"turns":4},{"damage":36,"enemies":"Reptomancer","floor":40,"turns":4},{"damage":12,"enemies":"Transient","floor":44,"turns":6},{"damage":0,"enemies":"Giant Head","floor":45,"turns":6},{"damage":0,"enemies":"4 Shapes","floor":46,"turns":3},{"damage":0,"enemies":"Reptomancer","floor":47,"turns":4},{"damage":13,"enemies":"Donu and Deca","floor":50,"turns":6},{"damage":31,"enemies":"Time Eater","floor":51,"turns":9},{"damage":0,"enemies":"Shield and Spear","floor":55,"turns":5},{"damage":86,"enemies":"The Heart","floor":56,"turns":3}],"seed_played":"-8345604287317204975","potions_obtained":[{"floor":11.0,"key":"DistilledChaos"},{"floor":16.0,"key":"LiquidMemories"},{"floor":20.0,"key":"Energy Potion"},{"floor":25.0,"key":"SkillPotion"},{"floor":28.0,"key":"LiquidBronze"},{"floor":40,"key":"Fire Potion"},{"floor":41,"key":"Swift Potion"},{"floor":41,"key":"EntropicBrew"}],"is_trial":false,"path_per_floor":["M","?","?","$","M","R","E","M","T","R","M","M","R","M","R","B",null,"M","M","M","M","T","R","E","?","T","?","M","?","R","$","R","B",null,"M","M","$","?","?","E","?","R","T","M","E","M","E","?","R","B","B",null,"R","$","E","B"],"character_chosen":"WATCHER","items_purchased":["Conclude","TheAbacus","Omamori","Fruit Juice","Centennial Puzzle","EmptyMind+1","Energy Potion"],"campfire_rested":4,"item_purchase_floors":[4,4,31,37,54,54,54],"current_hp_per_floor":[59,3,3,3,3,21,6,6,6,24,20,19,19,19,19,19,51,51,51,28,28,28,46,46,46,46,46,39,39,48,48,54,52,60,56,54,54,54,54,33,33,39,39,27,27,27,27,27,55,47,26,55,64,64,64,0,0],"gold":77,"neow_bonus":"REMOVE_TWO","is_daily":false,"chose_seed":false,"campfire_upgraded":5,"win_rate":0.0,"timestamp":1609710159,"path_taken":["M","?","?","$","M","R","E","?","T","R","M","M","R","M","R","BOSS","M","M","?","M","?","R","E","?","T","?","M","?","R","$","R","BOSS","M","?","$","?","?","E","?","R","T","M","E","?","E","?","R","BOSS","BOSS","R","$","E","BOSS"],"items_purchased_type":["Card","Relic","Relic","Potion","Relic","Card","Potion"],"build_version":"2020-12-22","purchased_purges":4,"victory":false,"max_hp_per_floor":[62,62,62,62,62,62,62,62,62,62,62,62,62,62,62,62,62,62,62,62,62,62,62,62,62,62,62,62,62,62,62,62,62,62,62,62,62,59,59,64,64,64,64,64,64,64,64,64,64,64,64,64,64,64,64,64,64],"card_choices":[{"not_picked":["ClearTheMind","Prostrate"],"picked":"CrushJoints","floor":1.0},{"not_picked":["Consecrate","Wallop","Protect"],"picked":"SKIP","floor":5.0},{"not_picked":["Consecrate","TalkToTheHand","Nirvana"],"picked":"SKIP","floor":7.0},{"not_picked":["BattleHymn","Protect+1"],"picked":"Worship+1","floor":8.0},{"not_picked":["BattleHymn","Wallop","TalkToTheHand"],"picked":"SKIP","floor":11.0},{"not_picked":["ReachHeaven","PathToVictory+1"],"picked":"FearNoEvil","floor":12.0},{"not_picked":["Halt+1","DeceiveReality+1","PathToVictory+1"],"picked":"SKIP","floor":14.0},{"not_picked":["Wish+1","Blasphemy+1"],"picked":"Omniscience+1","floor":16.0},{"not_picked":["JustLucky","Prostrate+1","EmptyFist"],"picked":"SKIP","floor":18.0},{"not_picked":["ThirdEye+1","CutThroughFate","Weave"],"picked":"SKIP","floor":19.0},{"not_picked":["FearNoEvil","ReachHeaven","Consecrate"],"picked":"SKIP","floor":20.0},{"not_picked":["WreathOfFlame+1","FlurryOfBlows","ClearTheMind+1"],"picked":"SKIP","floor":21.0},{"not_picked":["Halt+1","EmptyBody+1","Pray+1"],"picked":"SKIP","floor":24.0},{"not_picked":["BowlingBash","WheelKick"],"picked":"SandsOfTime+1","floor":25.0},{"not_picked":["WaveOfTheHand+1","FollowUp"],"picked":"Sanctity+1","floor":28.0},{"not_picked":["BattleHymn+1","Halt+1"],"picked":"MentalFortress","floor":35.0},{"not_picked":["Conclude","Crescendo+1","ClearTheMind+1"],"picked":"SKIP","floor":36},{"not_picked":["Evaluate+1","Wireheading","Halt+1"],"picked":"SKIP","floor":40},{"not_picked":["Prostrate+1","FlurryOfBlows"],"picked":"InnerPeace+1","floor":44},{"not_picked":["Halt+1","Vengeance+1","Nirvana+1"],"picked":"SKIP","floor":45},{"not_picked":["Evaluate+1","Fasting2","EmptyBody+1"],"picked":"SKIP","floor":46},{"not_picked":["Consecrate","WaveOfTheHand+1","JustLucky"],"picked":"SKIP","floor":47},{"not_picked":["ReachHeaven","ThirdEye+1"],"picked":"Pray+1","floor":55}],"player_experience":2821242,"relics_obtained":[{"floor":7.0,"key":"Toxic Egg 2"},{"floor":9.0,"key":"Mercury Hourglass"},{"floor":22.0,"key":"WingedGreaves"},{"floor":24.0,"key":"HornCleat"},{"floor":25.0,"key":"Red Mask"},{"floor":26.0,"key":"Toy Ornithopter"},{"floor":29.0,"key":"Eternal Feather"},{"floor":40,"key":"FossilizedHelix"},{"floor":45,"key":"Bottled Tornado"},{"floor":47,"key":"CeramicFish"},{"floor":55,"key":"Sundial"}],"event_choices":[{"damage_healed":0.0,"max_hp_gain":0.0,"max_hp_loss":0.0,"gold_gain":0.0,"event_name":"Scrap Ooze","player_choice":"Success","floor":2.0,"gold_loss":0.0,"damage_taken":56.0,"relics_obtained":["Smiling Mask"]},{"damage_healed":0.0,"max_hp_gain":0.0,"max_hp_loss":0.0,"gold_gain":275.0,"event_name":"Golden Shrine","player_choice":"Desecrate","floor":3.0,"gold_loss":0.0,"damage_taken":0.0,"cards_obtained":["Regret"]},{"damage_healed":0.0,"max_hp_gain":0.0,"max_hp_loss":0.0,"gold_gain":0.0,"event_name":"Masked Bandits","player_choice":"Fought Bandits","floor":25.0,"gold_loss":0.0,"damage_taken":0.0},{"cards_removed":["Wireheading"],"damage_healed":0.0,"max_hp_gain":0.0,"max_hp_loss":0.0,"gold_gain":0.0,"event_name":"Beggar","player_choice":"Gave Gold","floor":27.0,"gold_loss":75.0,"damage_taken":0.0},{"damage_healed":0.0,"max_hp_gain":0.0,"max_hp_loss":0.0,"gold_gain":0.0,"event_name":"Wheel of Change","player_choice":"Relic","floor":29.0,"gold_loss":0.0,"damage_taken":0.0},{"damage_healed":0,"gold_gain":0,"player_choice":"Max HP","damage_taken":0,"max_hp_gain":0,"max_hp_loss":3,"event_name":"Winding Halls","floor":38,"gold_loss":0},{"damage_healed":0,"gold_gain":222,"player_choice":"Wore Mask","damage_taken":0,"max_hp_gain":0,"max_hp_loss":0,"event_name":"Tomb of Lord Red Mask","floor":39,"gold_loss":0},{"damage_healed":0,"gold_gain":0,"player_choice":"Bought 3 Potions","damage_taken":0,"max_hp_gain":0,"max_hp_loss":0,"event_name":"The Woman in Blue","floor":41,"gold_loss":0},{"damage_healed":0,"gold_gain":0,"player_choice":"Paid Gold","damage_taken":0,"relics_obtained":["The Courier"],"max_hp_gain":0,"max_hp_loss":0,"event_name":"WeMeetAgain","floor":48,"gold_loss":125}],"is_beta":false,"boss_relics":[{"not_picked":["HolyWater","Snecko Eye"],"picked":"Pandora\u0027s Box"},{"not_picked":["Black Star","SlaversCollar"],"picked":"Philosopher\u0027s Stone"}],"items_purged_floors":[4,31,37,54],"is_endless":false,"potions_floor_spawned":[11,16,20,25,28,33,40,44],"killed_by":"The Heart","ascension_level":20}}