{"host":"i0avyit1s6jb1siw","time":1609641775,"event":{"mods":["BaseMod","DeckTracker","Dota2Spire","Highlight Path","Minty Spire (QoL Compilation)","Quick Restart","StSLib","SuperFastMode"],"gold_per_floor":[13,32,32,32,44,44,72,72,144,173,190,190,190,203,203,203,203],"floor_reached":16,"playtime":284,"items_purged":[],"score":220,"play_id":"cc2c0117-7ce6-4c98-a7fc-6eb5cf14a2e5","local_time":"20210103034255","is_ascension_mode":true,"campfire_choices":[{"data":"Bash","floor":6,"key":"SMITH"},{"data":"Shockwave","floor":13,"key":"SMITH"},{"data":"Wild Strike","floor":15,"key":"SMITH"}],"circlet_count":0,"master_deck":["AscendersBane","Strike_R","Strike_R","Strike_R","Strike_R","Defend_R","Defend_R","Defend_R","Defend_R","Bash+1","Immolate+1","Second Wind","Dark Embrace+1","Barricade+1","Cleave","Shockwave+1","Wild Strike+1","Reckless Charge"],"relics":["Burning Blood","Dota2Spire:Vanguard","Self Forming Clay","Champion Belt"],"acts_visited":["Exordium"],"potions_floor_usage":[10,16],"damage_taken":[{"damage":2,"enemies":"2 Louse","floor":1,"turns":2},{"damage":2,"enemies":"Jaw Worm","floor":2,"turns":3},{"damage":0,"enemies":"Cultist","floor":5,"turns":3},{"damage":29,"enemies":"Gremlin Nob","floor":7,"turns":4},{"damage":7,"enemies":"3 Sentries","floor":10,"turns":4},{"damage":0,"enemies":"Looter","floor":11,"turns":3},{"damage":4,"enemies":"Large Slime","floor":14,"turns":3},{"damage":43,"enemies":"Hexaghost","floor":16,"turns":11}],"seed_played":"-3038377931228906524","potions_obtained":[{"floor":5,"key":"Dexterity Potion"},{"floor":7,"key":"LiquidBronze"},{"floor":10,"key":"Dota2Spire:HealingSalve"},{"floor":11,"key":"DuplicationPotion"}],"is_trial":false,"path_per_floor":["M","M","?","?","M","R","E","?","T","E","M","?","R","M","R","B"],"character_chosen":"IRONCLAD","items_purchased":[],"campfire_rested":0,"item_purchase_floors":[],"current_hp_per_floor":[72,75,75,75,75,75,52,52,52,51,57,34,34,36,36,0,0],"gold":203,"neow_bonus":"THREE_RARE_CARDS","is_daily":false,"chose_seed":false,"campfire_upgraded":3,"win_rate":0.0,"timestamp":1609641775,"path_taken":["M","M","?","?","M","R","E","?","T","E","?","?","R","M","R","BOSS"],"items_purchased_type":[],"build_version":"2020-12-22","purchased_purges":0,"victory":false,"max_hp_per_floor":[75,75,75,75,75,75,75,75,75,75,75,75,75,75,75,75,75],"card_choices":[{"not_picked":["Impervious","Corruption"],"picked":"Immolate","floor":0},{"not_picked":["Headbutt","Clash"],"picked":"Second Wind","floor":1},{"not_picked":["Thunderclap","Clothesline"],"picked":"Dark Embrace","floor":2},{"not_picked":["Clash","Pummel","Cleave"],"picked":"SKIP","floor":5},{"not_picked":["Havoc","Juggernaut"],"picked":"Barricade","floor":7},{"not_picked":["Disarm","Combust"],"picked":"Shockwave","floor":10},{"not_picked":["Heavy Blade","Feel No Pain"],"picked":"Wild Strike","floor":11},{"not_picked":["Havoc","Anger"],"picked":"Reckless Charge","floor":14}],"player_experience":2168201,"relics_obtained":[{"floor":7,"key":"Dota2Spire:Vanguard"},{"floor":9,"key":"Self Forming Clay"},{"floor":10,"key":"Champion Belt"}],"event_choices":[{"damage_healed":0,"gold_gain":0,"player_choice":"Grow","damage_taken":0,"max_hp_gain":0,"max_hp_loss":0,"event_name":"Living Wall","floor":3,"gold_loss":0,"cards_upgraded":["Immolate"]},{"damage_healed":0,"gold_gain":0,"player_choice":"Ignored","damage_taken":0,"max_hp_gain":0,"max_hp_loss":0,"event_name":"Liars Game","floor":4,"gold_loss":0},{"damage_healed":0,"gold_gain":0,"cards_transformed":["Strike_R"],"player_choice":"Transformed","damage_taken":0,"max_hp_gain":0,"max_hp_loss":0,"event_name":"Transmorgrifier","floor":8,"gold_loss":0,"cards_obtained":["Cleave"]},{"damage_healed":0,"gold_gain":0,"player_choice":"Entered Light","damage_taken":23,"max_hp_gain":0,"max_hp_loss":0,"event_name":"Shining Light","floor":12,"gold_loss":0,"cards_upgraded":["Barricade","Dark Embrace"]}],"is_beta":false,"boss_relics":[],"items_purged_floors":[],"is_endless":false,"potions_floor_spawned":[5,7,10,11],"killed_by":"Hexaghost","ascension_level":20}}