{"host":"armnliea5o2aqs4b","time":1609679396,"event":{"mods":["BaseMod","Hubris","Infinite Spire","Minty Spire (QoL Compilation)","Quick Restart","StSLib"],"gold_per_floor":[116,77,77,77,92,92,117,132,156,156,156,182,182,202,202,305,305,317,317,331,331,351,382,382,382,382,410,410,444,498,498,498],"floor_reached":31,"playtime":850,"items_purged":[],"score":340,"play_id":"169eec2a-4137-439e-8b9d-72375323053e","local_time":"20210104000956","is_ascension_mode":true,"campfire_choices":[{"data":"Zap","floor":6,"key":"SMITH"},{"data":"Dualcast","floor":10,"key":"SMITH"},{"data":"Doom and Gloom","floor":15,"key":"SMITH"},{"data":"Electrodynamics","floor":28,"key":"SMITH"}],"circlet_count":0,"master_deck":["Strike_B+1","Strike_B+1","Strike_B+1","Strike_B+1","Defend_B+1","Defend_B+1","Defend_B+1","Defend_B+1","Zap+1","Dualcast+1","White Noise","Glacier","Capacitor+1","Barrage","Ball Lightning+1","Loop","Doom and Gloom+1","Electrodynamics+1","Redo","Cold Snap+1","Go for the Eyes+1"],"relics":["FrozenCore","NeowsBlessing","Mango","Anchor","Lizard Tail","Bottled Lightning","hubris:EmptyBottle","MealTicket","hubris:Metronome","Symbiotic Virus","infinitespire:PuzzleCube","Pen Nib"],"acts_visited":["Exordium","TheCity"],"potions_floor_usage":[16,29,31,31],"damage_taken":[{"damage":0,"enemies":"2 Louse","floor":1,"turns":1},{"damage":0,"enemies":"Jaw Worm","floor":5,"turns":1},{"damage":0,"enemies":"Lagavulin","floor":7,"turns":1},{"damage":0,"enemies":"Cultist","floor":8,"turns":3},{"damage":7,"enemies":"3 Sentries","floor":12,"turns":7},{"damage":3,"enemies":"Large Slime","floor":14,"turns":6},{"damage":42,"enemies":"Slime Boss","floor":16,"turns":9},{"damage":3,"enemies":"Shell Parasite","floor":18,"turns":7},{"damage":26,"enemies":"Spheric Guardian","floor":20,"turns":5},{"damage":0,"enemies":"Snecko","floor":22,"turns":1},{"damage":17,"enemies":"Gremlin Leader","floor":23,"turns":6},{"damage":49,"enemies":"Book of Stabbing","floor":27,"turns":8},{"damage":42,"enemies":"Slavers","floor":29,"turns":4},{"damage":18,"enemies":"Gremlin Leader","floor":31,"turns":3}],"seed_played":"8532539926726633629","potions_obtained":[{"floor":5,"key":"Energy Potion"},{"floor":8,"key":"PowerPotion"},{"floor":14,"key":"ColorlessPotion"},{"floor":18,"key":"Block Potion"}],"is_trial":false,"path_per_floor":["M","$","?","?","M","R","E","M","T","R","?","E","?","M","R","B",null,"M","AVR","M","$","M","E","?","?","T","E","R","E","T","E"],"character_chosen":"DEFECT","items_purchased":["Glacier"],"campfire_rested":0,"item_purchase_floors":[2],"current_hp_per_floor":[75,75,75,75,75,75,89,89,89,89,71,64,64,61,61,19,89,86,86,60,60,60,43,43,43,43,60,60,18,18,0,0],"gold":498,"neow_bonus":"THREE_ENEMY_KILL","is_daily":false,"chose_seed":false,"campfire_upgraded":4,"win_rate":0.0,"timestamp":1609679396,"path_taken":["M","$","?","?","M","R","E","?","T","R","?","E","?","M","R","BOSS","M","AVR","M","$","M","E","?","?","T","E","R","E","?","E"],"items_purchased_type":["Card"],"build_version":"2020-12-22","purchased_purges":0,"victory":false,"max_hp_per_floor":[75,75,75,75,75,75,89,89,89,89,89,89,89,89,89,89,89,89,89,89,89,89,89,89,89,89,89,89,89,89,89,89],"card_choices":[{"not_picked":["Darkness","Compile Driver"],"picked":"White Noise","floor":1},{"not_picked":["Hologram","Turbo"],"picked":"Barrage","floor":5},{"not_picked":["Steam","Redo","Sweeping Beam"],"picked":"SKIP","floor":7},{"not_picked":["Steam","Steam Power"],"picked":"Ball Lightning","floor":8},{"not_picked":["Turbo","Compile Driver"],"picked":"Loop","floor":12},{"not_picked":["Beam Cell","Lockon"],"picked":"Doom and Gloom","floor":14},{"not_picked":["Buffer","Rainbow"],"picked":"Electrodynamics","floor":16},{"not_picked":["FTL","Gash","Ball Lightning+1"],"picked":"SKIP","floor":18},{"not_picked":["Redo","Steam Power","BootSequence"],"picked":"SKIP","floor":20},{"not_picked":["Coolheaded","Beam Cell","Ball Lightning"],"picked":"SKIP","floor":22},{"not_picked":["Leap","Sweeping Beam"],"picked":"Redo","floor":23},{"not_picked":["Streamline","Compile Driver"],"picked":"Cold Snap+1","floor":27},{"not_picked":["Ball Lightning","Streamline"],"picked":"Go for the Eyes+1","floor":29}],"player_experience":158173,"relics_obtained":[{"floor":7,"key":"Mango"},{"floor":9,"key":"Anchor"},{"floor":12,"key":"Lizard Tail"},{"floor":13,"key":"Bottled Lightning"},{"floor":23,"key":"MealTicket"},{"floor":26,"key":"hubris:Metronome"},{"floor":27,"key":"Symbiotic Virus"},{"floor":29,"key":"infinitespire:PuzzleCube"},{"floor":30,"key":"Pen Nib"}],"event_choices":[{"damage_healed":0,"gold_gain":0,"player_choice":"Upgraded","damage_taken":0,"max_hp_gain":0,"max_hp_loss":0,"event_name":"Upgrade Shrine","floor":4,"gold_loss":0,"cards_upgraded":["Capacitor"]},{"damage_healed":0,"gold_gain":0,"player_choice":"Entered Light","damage_taken":18,"max_hp_gain":0,"max_hp_loss":0,"event_name":"Shining Light","floor":11,"gold_loss":0,"cards_upgraded":["Strike_B","Ball Lightning"]},{"damage_healed":0,"gold_gain":0,"player_choice":"Simplicity","damage_taken":0,"max_hp_gain":0,"max_hp_loss":0,"event_name":"Back to Basics","floor":24,"gold_loss":0,"cards_upgraded":["Strike_B","Strike_B","Strike_B","Defend_B","Defend_B","Defend_B","Defend_B"]},{"damage_healed":0,"gold_gain":0,"player_choice":"Ignored","damage_taken":0,"max_hp_gain":0,"max_hp_loss":0,"event_name":"Ghosts","floor":25,"gold_loss":0}],"is_beta":false,"boss_relics":[{"not_picked":["infinitespire:Cupcake","hubris:RunicObelisk"],"picked":"FrozenCore"}],"items_purged_floors":[],"is_endless":false,"potions_floor_spawned":[5,8,14,18,23],"killed_by":"Gremlin Leader","ascension_level":1}}