{"host":"l84l8xigz5v5foa2","time":1609682756,"event":{"mods":["2.2 Compatiblity","AchievementEnabler","BaseMod","Better Note","Better Vampires","Card Filter","Colored Map","DeckTracker","Downfall","Gremlin Skip","Highlight Path","Keyboard Shortcuts","Minty Spire (QoL Compilation)","Permanent Neow","Quick Restart","Relic Filter","Relic Stats","StSLib","SuperFastMode","Transform Curses","Unknown Chances"],"gold_per_floor":[349,361,378,378,378,79,79,79,8,26,26,126,126,19,36,110,110,110,127,138,138,88,107,107,107,117,2,2,42,42,60,78,157,157,157,174,174,188,206,244,244,169,169,169,194,194,119,119,132,132],"floor_reached":51,"playtime":3189,"items_purged":["hexamod:Strike","hexamod:Sear"],"score":1455,"play_id":"c6c6fef9-6d2d-46cf-99bb-2e8254d58fd2","local_time":"20210103230556","is_ascension_mode":true,"campfire_choices":[{"data":"hexamod:Float","floor":1.0,"key":"SMITH"},{"data":"hexamod:Rewind","floor":8.0,"key":"SMITH"},{"data":"hexamod:CatchUp","floor":11.0,"key":"SMITH"},{"data":"hexamod:FastForward","floor":13.0,"key":"SMITH"},{"data":"hexamod:InspiringFlames","floor":18.0,"key":"SMITH"},{"data":"hexamod:ThermalTransfer","floor":25.0,"key":"SMITH"},{"floor":30.0,"key":"RECALL"},{"data":"hexamod:GiftsFromTheDead","floor":35,"key":"SMITH"},{"data":"hexamod:TimeWarp","floor":42,"key":"SMITH"},{"floor":47,"key":"REST"}],"circlet_count":0,"master_deck":["AscendersBane","hexamod:Strike+1","hexamod:Strike+1","hexamod:Strike+1","hexamod:Defend+1","hexamod:Defend+1","hexamod:Defend+1","hexamod:Defend+1","hexamod:Float+1","hexamod:SpectersWail+1","hexamod:AdvancingGuard+1","hexamod:FastForward+1","hexamod:StepThrough+1","hexamod:Rewind+1","hexamod:GhostOfSpirePast+1","hexamod:InspiringFlames+1","hexamod:CatchUp+1","Slimebound:Icky","hexamod:ThermalTransfer+1","Flash of Steel+1","hexamod:Hexaguard+1","hexamod:Hexaguard+1","hexamod:SixthSeal","hexamod:Haunt+1","hexamod:GhostShield+1","hexamod:TimeWarp+1","hexamod:FourthSeal","hexamod:ThirdSeal","hexamod:StepThrough+1","hexamod:StepThrough+1","hexamod:GhostOfSpirePast+1","hexamod:GhostOfSpirePresent+1","hexamod:TimeWarp+1","hexamod:GiftsFromTheDead+1","hexamod:PhantomCloak+1","hexamod:SecondSeal","hexamod:GhostShield+1","hexamod:RecurringNightmare+1","hexamod:ShieldOfDarkness+1","hexamod:FirstSeal","hexamod:RainOfEmbers+1","expansioncontent:TimeRipple","hexamod:NightmareGuise+1"],"relics":["hexamod:SpiritBrand","downfall:ShatteredFragment","Mummified Hand","Cursed Key","Enchiridion","Bottled Lightning","hexamod:TheBrokenSeal","Philosopher\u0027s Stone","Bronze Scales","downfall:HeartBlessingGreen","downfall:HeartBlessingRed"],"acts_visited":["Exordium","TheCity","TheBeyond"],"potions_floor_usage":[36,50,50],"damage_taken":[{"damage":0.0,"enemies":"2 Louse","floor":2.0,"turns":2.0},{"damage":1.0,"enemies":"Jaw Worm","floor":3.0,"turns":3.0},{"damage":4.0,"enemies":"downfall:FleeingMerchant","floor":6.0,"turns":4.0},{"damage":0.0,"enemies":"downfall:FleeingMerchant","floor":9.0,"turns":4.0},{"damage":0.0,"enemies":"Small Slimes","floor":10.0,"turns":2.0},{"damage":5.0,"enemies":"downfall:FleeingMerchant","floor":14.0,"turns":4.0},{"damage":0.0,"enemies":"Exordium Thugs","floor":15.0,"turns":3.0},{"damage":15.0,"enemies":"downfall:Ironclad","floor":16.0,"turns":7.0},{"damage":3.0,"enemies":"Shell Parasite","floor":19.0,"turns":4.0},{"damage":16.0,"enemies":"Shelled Parasite and Fungi","floor":20.0,"turns":5.0},{"damage":25.0,"enemies":"Snake Plant","floor":23.0,"turns":4.0},{"damage":5.0,"enemies":"Centurion and Healer","floor":26.0,"turns":5.0},{"damage":0.0,"enemies":"downfall:FleeingMerchant","floor":27.0,"turns":4.0},{"damage":0.0,"enemies":"downfall:FleeingMerchant","floor":29.0,"turns":2.0},{"damage":22.0,"enemies":"Cultist and Chosen","floor":31.0,"turns":5.0},{"damage":7.0,"enemies":"Snecko","floor":32.0,"turns":4.0},{"damage":11,"enemies":"downfall:Defect","floor":33,"turns":6},{"damage":0,"enemies":"3 Darklings","floor":36,"turns":4},{"damage":0,"enemies":"Orb Walker","floor":38,"turns":2},{"damage":4,"enemies":"Maw","floor":39,"turns":5},{"damage":2,"enemies":"Nemesis","floor":40,"turns":5},{"damage":6,"enemies":"4 Shapes","floor":45,"turns":3},{"damage":9,"enemies":"Jaw Worm Horde","floor":49,"turns":3},{"damage":0,"enemies":"downfall:Silent","floor":50,"turns":5}],"seed_played":"8534597673135440184","potions_obtained":[{"floor":10.0,"key":"Ancient Potion"},{"floor":15.0,"key":"sneckomod:MuddlingPotion"},{"floor":23.0,"key":"Dexterity Potion"},{"floor":27.0,"key":"hexamod:EctoCoolerPotion"},{"floor":31.0,"key":"SpeedPotion"},{"floor":36,"key":"Ancient Potion"}],"is_trial":false,"path_per_floor":["R","M","M","?","?","$","T","R","$","M","R","?","R","$","M","B",null,"R","M","M","?","?","M","T","R","M","$","?","$","R","M","M","B",null,"R","M","?","M","M","E","T","R","?","$","M","?","R","T","M","B",null],"character_chosen":"THE_SPIRIT","items_purchased":["hexamod:StepThrough","hexamod:Rewind","hexamod:GhostOfSpirePast","hexamod:InspiringFlames","Flash of Steel","hexamod:StepThrough","Bottled Lightning"],"campfire_rested":1,"item_purchase_floors":[6,6,6,9,14,29,29],"current_hp_per_floor":[57,57,56,35,35,31,31,31,31,31,31,31,31,33,40,32,51,51,55,46,25,55,37,37,37,39,46,46,46,46,31,31,67,67,67,67,67,67,63,61,61,61,54,54,55,45,65,65,56,56],"gold":132,"neow_bonus":"TWO_FIFTY_GOLD","is_daily":false,"chose_seed":false,"campfire_upgraded":8,"win_rate":0.0,"timestamp":1609682756,"path_taken":["R","M","M","?","?","?","T","R","$","M","R","?","R","$","M","BOSS","R","M","M","?","?","M","T","R","M","$","?","$","R","?","M","BOSS","R","M","?","M","M","E","T","R","?","$","M","?","R","?","M","BOSS"],"items_purchased_type":["Card","Card","Card","Card","Card","Card","Relic"],"build_version":"2020-12-22","purchased_purges":2,"victory":true,"max_hp_per_floor":[57,57,57,57,57,57,57,57,57,57,57,57,57,57,57,57,57,57,57,57,57,57,57,57,57,57,57,57,57,57,57,57,67,67,67,67,67,67,67,67,67,67,67,67,67,67,67,67,67,67],"relic_stats":{"counters":[24,95],"Mummified Hand":[121],"Bronze Scales":[15],"Cursed Key":0,"obtain_stats":[{"downfall:ShatteredFragment":4,"downfall:HeartBlessingRed":47,"Mummified Hand":7,"Bronze Scales":40,"Enchiridion":21,"hexamod:TheBrokenSeal":33,"Philosopher\u0027s Stone":34,"downfall:HeartBlessingGreen":42,"Bottled Lightning":29,"Cursed Key":17,"hexamod:SpiritBrand":0},{"downfall:ShatteredFragment":2,"downfall:HeartBlessingRed":22,"Mummified Hand":3,"Bronze Scales":21,"Enchiridion":10,"hexamod:TheBrokenSeal":17,"Philosopher\u0027s Stone":17,"downfall:HeartBlessingGreen":21,"Bottled Lightning":14,"Cursed Key":8,"hexamod:SpiritBrand":0},{"downfall:ShatteredFragment":5,"downfall:HeartBlessingRed":87,"Mummified Hand":9,"Bronze Scales":84,"Enchiridion":38,"hexamod:TheBrokenSeal":67,"Philosopher\u0027s Stone":68,"downfall:HeartBlessingGreen":84,"Bottled Lightning":53,"Cursed Key":29,"hexamod:SpiritBrand":0}]},"card_choices":[{"not_picked":["hexamod:GhostLash","hexamod:BacktrackSmack"],"picked":"hexamod:SpectersWail","floor":2.0},{"not_picked":["hexamod:SpectralSpark","hexamod:EmpoweredFlame"],"picked":"hexamod:AdvancingGuard","floor":3.0},{"not_picked":["hexamod:WildfireWeapon","hexamod:GhostflameInferno"],"picked":"hexamod:FastForward","floor":6.0},{"not_picked":["hexamod:ChargedBarrage","hexamod:NightmareStrike"],"picked":"hexamod:FirstSeal","floor":9.0},{"not_picked":["hexamod:SwordOfDarkness","hexamod:GhostLash"],"picked":"hexamod:CatchUp","floor":10.0},{"not_picked":["hexamod:SpectersWail","hexamod:HauntingEcho"],"picked":"hexamod:ThermalTransfer","floor":14.0},{"not_picked":["hexamod:ApocalypticArmor","hexamod:BurningTouch"],"picked":"hexamod:Hexaguard","floor":15.0},{"not_picked":["hexamod:UnleashSpirits","hexamod:CrushingStance"],"picked":"hexamod:FifthSeal","floor":16.0},{"not_picked":["hexamod:FirstSeal","hexamod:ThirdSeal"],"picked":"hexamod:SixthSeal","floor":19.0},{"not_picked":["hexamod:ThermalTransfer","hexamod:NightmareGuise"],"picked":"hexamod:Hexaguard","floor":19.0},{"not_picked":["hexamod:SecondSeal","hexamod:FirstSeal"],"picked":"hexamod:SixthSeal","floor":20.0},{"not_picked":["hexamod:SecondSeal","hexamod:RecurringNightmare"],"picked":"hexamod:Haunt+1","floor":20.0},{"not_picked":["hexamod:FourthSeal","hexamod:FirstSeal"],"picked":"hexamod:ThirdSeal","floor":23.0},{"not_picked":["hexamod:WildfireWeapon","hexamod:ShieldOfDarkness","hexamod:ThermalTransfer"],"picked":"SKIP","floor":23.0},{"not_picked":["hexamod:RainOfEmbers","hexamod:DynamicBlow"],"picked":"hexamod:GhostShield+1","floor":26.0},{"not_picked":["hexamod:SixthSeal","hexamod:FirstSeal"],"picked":"hexamod:FourthSeal","floor":26.0},{"not_picked":["hexamod:AdvancingGuard","hexamod:NightmareGuise","hexamod:SpectersWail+1"],"picked":"SKIP","floor":26.0},{"not_picked":["hexamod:AdvancingGuard","hexamod:ShieldOfDarkness"],"picked":"hexamod:TimeWarp","floor":27.0},{"not_picked":["hexamod:SixthSeal","hexamod:ThirdSeal"],"picked":"hexamod:FourthSeal","floor":27.0},{"not_picked":["hexamod:BurningTouch","hexamod:SuperheatedStrike","hexamod:Firestarter"],"picked":"SKIP","floor":27.0},{"not_picked":["hexamod:FirstSeal","hexamod:SixthSeal"],"picked":"hexamod:ThirdSeal","floor":29.0},{"not_picked":["hexamod:GiftsFromTheDead","hexamod:ThermalTransfer","hexamod:SwordOfDarkness"],"picked":"SKIP","floor":29.0},{"not_picked":["hexamod:FirstSeal","hexamod:SixthSeal"],"picked":"hexamod:SecondSeal","floor":31.0},{"not_picked":["hexamod:PhantomCloak","hexamod:SwordOfDarkness"],"picked":"hexamod:StepThrough+1","floor":31.0},{"not_picked":["hexamod:SwordOfDarkness","hexamod:HauntingEcho","hexamod:FirstSeal"],"picked":"SKIP","floor":31.0},{"not_picked":["hexamod:BurningTouch+1","hexamod:FourthSeal","hexamod:ExtraCrispy"],"picked":"SKIP","floor":31.0},{"not_picked":["hexamod:SwordOfDarkness","hexamod:HauntingEcho","hexamod:FirstSeal"],"picked":"SKIP","floor":31.0},{"not_picked":["hexamod:BurningTouch+1","hexamod:FourthSeal","hexamod:ExtraCrispy"],"picked":"SKIP","floor":31.0},{"not_picked":["hexamod:InspiringFlames","hexamod:BacktrackSmack"],"picked":"hexamod:GhostOfSpirePast","floor":32.0},{"not_picked":["hexamod:HauntingEcho","hexamod:RainOfEmbers+1"],"picked":"hexamod:GhostOfSpirePresent+1","floor":32.0},{"not_picked":["hexamod:GhostLash","hexamod:PowerFromBeyond","hexamod:ShieldOfDarkness"],"picked":"SKIP","floor":32.0},{"not_picked":["hexamod:TimeOfNeed","hexamod:Toasty"],"picked":"hexamod:TimeWarp","floor":33},{"not_picked":["hexamod:SearingWound","hexamod:HexaLevel"],"picked":"hexamod:GiftsFromTheDead","floor":33},{"not_picked":["hexamod:GhostLash","hexamod:HeatCrush"],"picked":"hexamod:PhantomCloak+1","floor":36},{"not_picked":["hexamod:GhostOfSpirePresent","hexamod:GhostLash"],"picked":"hexamod:SecondSeal","floor":36},{"not_picked":["hexamod:EtherealExpedition","hexamod:NightmareGuise","hexamod:EmpoweredFlame"],"picked":"SKIP","floor":38},{"not_picked":["hexamod:GhostOfSpirePresent","hexamod:AdvancingGuard"],"picked":"hexamod:GhostShield+1","floor":39},{"not_picked":["hexamod:Haunt","hexamod:PhantomFireball"],"picked":"hexamod:RecurringNightmare+1","floor":39},{"not_picked":["hexamod:ParanormalForm","hexamod:Hexaguard"],"picked":"hexamod:ShieldOfDarkness+1","floor":40},{"not_picked":["hexamod:NightmareStrike","hexamod:SwordOfDarkness","hexamod:GhostflameBarrier"],"picked":"SKIP","floor":40},{"not_picked":["hexamod:GhostShield","hexamod:SuperheatedStrike"],"picked":"hexamod:RainOfEmbers+1","floor":45},{"not_picked":["hexamod:SearingWound","hexamod:SpectralAdrenaline","hexamod:SpectersWail"],"picked":"SKIP","floor":45},{"not_picked":["expansioncontent:AwakenDeath","expansioncontent:ChargeUp"],"picked":"expansioncontent:TimeRipple","floor":46},{"not_picked":["hexamod:NightmareGuise+1","hexamod:Hexaguard","hexamod:HeatCrush+1"],"picked":"SKIP","floor":49},{"not_picked":["hexamod:Hexaguard","hexamod:HeatCrush+1"],"picked":"hexamod:NightmareGuise+1","floor":49}],"player_experience":2811347,"relics_obtained":[{"floor":7.0,"key":"Mummified Hand"},{"floor":21.0,"key":"Enchiridion"},{"floor":40,"key":"Bronze Scales"}],"event_choices":[{"damage_healed":0.0,"max_hp_gain":0.0,"max_hp_loss":0.0,"gold_gain":0.0,"event_name":"Lab","player_choice":"Got Potions","floor":28.0,"gold_loss":0.0,"damage_taken":0.0}],"is_beta":false,"boss_relics":[{"not_picked":["Busted Crown","Fusion Hammer"],"picked":"Cursed Key"},{"not_picked":["Calling Bell","SacredBark"],"picked":"Philosopher\u0027s Stone"}],"items_purged_floors":[6,27],"is_endless":false,"potions_floor_spawned":[10,15,23,33,38,45],"ascension_level":20}}