{"host":"oy4pyvr762z5n0bb","time":1609634322,"event":{"mods":["AchievementEnabler","BaseMod","Colored Map","Colored Powertips","Googly Eyes","Key Reminder","Minty Spire (QoL Compilation)","Quick Restart","Relic Sorter","StSLib","SuperFastMode","Unceasing Turn Reminder","slay the spire mod where everything is the same but ironclad has a cowboy hat"],"gold_per_floor":[113,113,65,85,97,97,172,23,50,50,63,88,100,100,100,202,202,142,142,20,20,20],"floor_reached":21,"playtime":597,"items_purged":["Strike_G"],"score":242,"play_id":"e7496b08-974e-4cf5-9fea-9aca13608981","local_time":"20210102163842","is_ascension_mode":true,"campfire_choices":[{"floor":6,"key":"REST"},{"data":"Tools of the Trade","floor":10,"key":"SMITH"},{"floor":15,"key":"REST"}],"circlet_count":0,"master_deck":["Strike_G","Strike_G","Strike_G","Strike_G","Defend_G","Defend_G","Defend_G","Defend_G","Defend_G","Survivor","Neutralize","Tools of the Trade+1","Eviscerate+1","Acrobatics","Dagger Throw","Dagger Throw","Unload","Leg Sweep","Footwork","Parasite","Tools of the Trade","Prepared"],"relics":["Ring of the Snake","Snake Skull","Potion Belt","keyreminder:keyreminder","Ectoplasm"],"acts_visited":["Exordium","TheCity"],"potions_floor_usage":[13],"damage_taken":[{"damage":6,"enemies":"Small Slimes","floor":1,"turns":5},{"damage":12,"enemies":"2 Louse","floor":4,"turns":4},{"damage":12,"enemies":"Jaw Worm","floor":5,"turns":2},{"damage":0,"enemies":"3 Louse","floor":11,"turns":1},{"damage":24,"enemies":"3 Sentries","floor":12,"turns":7},{"damage":0,"enemies":"2 Fungi Beasts","floor":13,"turns":2},{"damage":48,"enemies":"The Guardian","floor":16,"turns":13},{"damage":18,"enemies":"2 Thieves","floor":18,"turns":4},{"damage":0,"enemies":"Shell Parasite","floor":19,"turns":6},{"damage":39,"enemies":"Cultist and Chosen","floor":21,"turns":10}],"seed_played":"-3989876297381200598","potions_obtained":[{"floor":1,"key":"Poison Potion"},{"floor":11,"key":"DistilledChaos"},{"floor":16,"key":"SteroidPotion"},{"floor":18,"key":"SpeedPotion"}],"is_trial":false,"path_per_floor":["M","?","$","M","M","R","?","$","T","R","M","E","M","?","R","B",null,"M","M","$","M"],"character_chosen":"THE_SILENT","items_purchased":["Acrobatics","Unload","Prepared"],"campfire_rested":2,"item_purchase_floors":[3,8,20],"current_hp_per_floor":[57,57,57,45,33,54,43,43,43,43,43,19,19,36,57,9,55,37,37,37,0,0],"gold":20,"neow_bonus":"ONE_RANDOM_RARE_CARD","is_daily":false,"chose_seed":false,"campfire_upgraded":1,"win_rate":0.0,"timestamp":1609634322,"path_taken":["M","?","$","M","M","R","?","?","T","R","M","E","M","?","R","BOSS","M","M","$","M"],"items_purchased_type":["Card","Card","Card"],"build_version":"2020-12-22","purchased_purges":1,"victory":false,"max_hp_per_floor":[70,70,70,70,70,70,70,70,70,70,70,70,70,70,70,70,70,70,70,70,70,70],"card_choices":[{"not_picked":["Backflip","Poisoned Stab"],"picked":"Eviscerate","floor":1},{"not_picked":["Escape Plan","Blade Dance"],"picked":"Dagger Throw","floor":4},{"not_picked":["Terror","Blade Dance"],"picked":"Dagger Throw","floor":5},{"not_picked":["Choke","Blade Dance","Blur"],"picked":"SKIP","floor":11},{"not_picked":["Slice","Underhanded Strike"],"picked":"Leg Sweep","floor":12},{"not_picked":["Expertise","A Thousand Cuts"],"picked":"Footwork","floor":13},{"not_picked":["Die Die Die","Wraith Form v2"],"picked":"Tools of the Trade","floor":16},{"not_picked":["Quick Slash","Leg Sweep","Sucker Punch+1"],"picked":"SKIP","floor":18},{"not_picked":["Sucker Punch+1","Flying Knee","Bouncing Flask"],"picked":"SKIP","floor":19}],"player_experience":627960,"relics_obtained":[{"floor":9,"key":"Snake Skull"},{"floor":12,"key":"Potion Belt"}],"event_choices":[{"damage_healed":0,"gold_gain":0,"player_choice":"Grow","damage_taken":0,"max_hp_gain":0,"max_hp_loss":0,"event_name":"Living Wall","floor":2,"gold_loss":0,"cards_upgraded":["Eviscerate"]},{"damage_healed":0,"gold_gain":75,"player_choice":"Gather Gold","damage_taken":11,"max_hp_gain":0,"max_hp_loss":0,"event_name":"World of Goop","floor":7,"gold_loss":0},{"damage_healed":17,"gold_gain":0,"player_choice":"Healed and dodged fight","damage_taken":0,"max_hp_gain":0,"max_hp_loss":0,"event_name":"Mushrooms","floor":14,"gold_loss":0,"cards_obtained":["Parasite"]}],"is_beta":false,"boss_relics":[{"not_picked":["Fusion Hammer","Philosopher\u0027s Stone"],"picked":"Ectoplasm"}],"items_purged_floors":[20],"is_endless":false,"potions_floor_spawned":[1,11,16,18],"killed_by":"Cultist and Chosen","ascension_level":7}}