{"host":"uonldg9uriwfhjjx","time":1609664998,"event":{"mods":["AchievementEnabler","BaseMod","Minty Spire (QoL Compilation)","Relic Stats"],"gold_per_floor":[113,113,113,113,113,156,176,210,210,245,245,276,276,290,290,389,389,409,409,359,52,73,108,131,131,154,172,172,215,235,285,285,375,375,394,414,72,72,0,43,43,84,111,111,154,170,219,244,244,244],"floor_reached":51,"playtime":1702,"items_purged":["Strike_R","Strike_R"],"score":1751,"play_id":"086a7a0d-a4ac-4ccd-ab89-a9a3839825fa","local_time":"20210103040958","is_ascension_mode":true,"campfire_choices":[{"data":"Inflame","floor":11.0,"key":"SMITH"},{"data":"Inflame","floor":15.0,"key":"SMITH"},{"data":"Pummel","floor":25.0,"key":"SMITH"},{"data":"Sword Boomerang","floor":28.0,"key":"SMITH"},{"data":"Pummel","floor":32.0,"key":"SMITH"},{"floor":44.0,"key":"REST"},{"floor":49,"key":"REST"}],"circlet_count":0,"master_deck":["AscendersBane","Strike_R","Defend_R","Defend_R","Defend_R","Defend_R","Bash","Battle Trance","Infernal Blade+1","Inflame+1","Sword Boomerang+1","Warcry+1","Inflame+1","Armaments+1","Pummel+1","Whirlwind","Heavy Blade","Clash","Pummel+1","Sword Boomerang","Limit Break+1","Spot Weakness+1","Seeing Red+1","Limit Break+1"],"relics":["Burning Blood","NeowsBlessing","Golden Idol","Toxic Egg 2","Art of War","Omamori","Bag of Marbles","Regal Pillow","Lantern","Pen Nib","Black Star","Bag of Preparation","Mummified Hand","Torii","Nunchaku","Red Skull","Potion Belt","Fusion Hammer","White Beast Statue","FossilizedHelix","CeramicFish","Mercury Hourglass","Akabeko","Toy Ornithopter","Vajra","Centennial Puzzle","InkBottle","Strawberry"],"acts_visited":["Exordium","TheCity","TheBeyond"],"potions_floor_usage":[50,50],"damage_taken":[{"damage":0.0,"enemies":"Small Slimes","floor":1.0,"turns":1.0},{"damage":0.0,"enemies":"Lagavulin","floor":6.0,"turns":1.0},{"damage":0.0,"enemies":"2 Louse","floor":7.0,"turns":1.0},{"damage":15.0,"enemies":"3 Sentries","floor":8.0,"turns":5.0},{"damage":30.0,"enemies":"Gremlin Nob","floor":10.0,"turns":4.0},{"damage":32.0,"enemies":"3 Sentries","floor":12.0,"turns":7.0},{"damage":0.0,"enemies":"Cultist","floor":14.0,"turns":1.0},{"damage":16.0,"enemies":"Hexaghost","floor":16.0,"turns":8.0},{"damage":0.0,"enemies":"Spheric Guardian","floor":18.0,"turns":3.0},{"damage":5.0,"enemies":"3 Byrds","floor":22.0,"turns":4.0},{"damage":13.0,"enemies":"Gremlin Leader","floor":23.0,"turns":3.0},{"damage":0.0,"enemies":"Snake Plant","floor":24.0,"turns":2.0},{"damage":0.0,"enemies":"Shelled Parasite and Fungi","floor":27.0,"turns":2.0},{"damage":18.0,"enemies":"Book of Stabbing","floor":29.0,"turns":3.0},{"damage":12.0,"enemies":"Chosen and Byrds","floor":30.0,"turns":4.0},{"damage":1.0,"enemies":"Champ","floor":33.0,"turns":4.0},{"damage":1.0,"enemies":"Orb Walker","floor":35.0,"turns":2.0},{"damage":15.0,"enemies":"3 Shapes","floor":36.0,"turns":7.0},{"damage":15.0,"enemies":"Nemesis","floor":40.0,"turns":3.0},{"damage":21.0,"enemies":"Reptomancer","floor":42.0,"turns":3.0},{"damage":0.0,"enemies":"Nemesis","floor":45.0,"turns":1.0},{"damage":1.0,"enemies":"Sphere and 2 Shapes","floor":46.0,"turns":6.0},{"damage":0.0,"enemies":"Reptomancer","floor":47.0,"turns":3.0},{"damage":0,"enemies":"Maw","floor":48,"turns":4},{"damage":0,"enemies":"Awakened One","floor":50,"turns":3}],"seed_played":"4043326856565686367","potions_obtained":[{"floor":7.0,"key":"AttackPotion"},{"floor":10.0,"key":"SpeedPotion"},{"floor":12.0,"key":"Ancient Potion"},{"floor":23.0,"key":"DistilledChaos"},{"floor":29.0,"key":"DistilledChaos"},{"floor":30.0,"key":"Fire Potion"},{"floor":40.0,"key":"FearPotion"},{"floor":42.0,"key":"AttackPotion"}],"is_trial":false,"path_per_floor":["M","?","?","?","?","E","M","E","T","E","R","E","?","M","R","B",null,"M","?","?","$","M","E","M","R","T","M","R","E","M","?","R","B",null,"M","M","$","?","$","E","?","E","T","R","E","M","E","M","R","B",null],"character_chosen":"IRONCLAD","items_purchased":["Pummel","Bag of Preparation","White Beast Statue","DuplicationPotion"],"campfire_rested":2,"item_purchase_floors":[21,21,37,39],"current_hp_per_floor":[74,48,48,30,85,85,85,76,76,52,52,26,26,32,32,22,69,75,75,75,75,76,69,75,75,75,81,81,69,63,63,63,68,81,85,76,76,76,76,67,67,52,52,85,85,85,92,92,92,92],"gold":244,"neow_bonus":"THREE_ENEMY_KILL","is_daily":false,"chose_seed":false,"campfire_upgraded":5,"win_rate":0.0,"timestamp":1609664998,"path_taken":["M","?","?","?","?","E","?","E","T","E","R","E","?","M","R","BOSS","M","?","?","$","M","E","M","R","T","M","R","E","?","?","R","BOSS","M","?","?","?","$","E","?","E","T","R","E","?","E","M","R","BOSS"],"items_purchased_type":["Card","Relic","Relic","Potion"],"build_version":"2020-12-22","purchased_purges":2,"victory":true,"max_hp_per_floor":[75,75,75,75,85,85,85,85,85,85,85,85,85,85,85,85,85,85,85,85,85,85,85,85,85,85,85,85,85,85,85,85,85,85,85,85,85,85,85,85,85,85,85,85,85,85,92,92,92,92],"relic_stats":{"Regal Pillow":8,"Torii":3,"counters":[25,84],"Golden Idol":180,"CeramicFish":9,"Pen Nib":[11],"Bag of Preparation":[32],"Burning Blood":108,"Mercury Hourglass":[80],"Nunchaku":[8],"Centennial Puzzle":[3],"Mummified Hand":[28],"Art of War":[11],"Black Star":6,"obtain_stats":[{"Regal Pillow":10,"Lantern":12,"Torii":23,"CeramicFish":40,"Vajra":45,"Bag of Preparation":21,"Burning Blood":0,"Nunchaku":26,"Centennial Puzzle":45,"Mummified Hand":23,"Strawberry":47,"Fusion Hammer":34,"Toxic Egg 2":4,"Red Skull":29,"InkBottle":47,"Potion Belt":29,"NeowsBlessing":0,"Golden Idol":2,"Pen Nib":13,"Omamori":8,"White Beast Statue":37,"Akabeko":42,"Mercury Hourglass":42,"Art of War":6,"Bag of Marbles":9,"Black Star":17,"FossilizedHelix":40,"Toy Ornithopter":43},{"Regal Pillow":5,"Lantern":6,"Torii":11,"CeramicFish":19,"Vajra":21,"Bag of Preparation":9,"Burning Blood":0,"Nunchaku":12,"Centennial Puzzle":21,"Mummified Hand":11,"Strawberry":23,"Fusion Hammer":16,"Toxic Egg 2":1,"Red Skull":14,"InkBottle":23,"Potion Belt":14,"NeowsBlessing":0,"Golden Idol":1,"Pen Nib":6,"Omamori":4,"White Beast Statue":18,"Akabeko":20,"Mercury Hourglass":20,"Art of War":2,"Bag of Marbles":4,"Black Star":8,"FossilizedHelix":19,"Toy Ornithopter":20},{"Regal Pillow":12,"Lantern":19,"Torii":38,"CeramicFish":65,"Vajra":69,"Bag of Preparation":31,"Burning Blood":0,"Nunchaku":40,"Centennial Puzzle":69,"Mummified Hand":38,"Strawberry":77,"Fusion Hammer":53,"Toxic Egg 2":1,"Red Skull":45,"InkBottle":77,"Potion Belt":45,"NeowsBlessing":0,"Golden Idol":1,"Pen Nib":19,"Omamori":8,"White Beast Statue":62,"Akabeko":68,"Mercury Hourglass":68,"Art of War":2,"Bag of Marbles":8,"Black Star":28,"FossilizedHelix":65,"Toy Ornithopter":68}],"Toy Ornithopter":0,"InkBottle":[2]},"card_choices":[{"not_picked":["Heavy Blade","Dropkick"],"picked":"Battle Trance","floor":1.0},{"not_picked":["Impervious+1","Shrug It Off+1"],"picked":"Infernal Blade+1","floor":6.0},{"not_picked":["Armaments+1","Sword Boomerang"],"picked":"Inflame","floor":7.0},{"not_picked":["Wild Strike","Reaper"],"picked":"Sword Boomerang","floor":8.0},{"not_picked":["Disarm+1","Burning Pact+1"],"picked":"Warcry+1","floor":10.0},{"not_picked":["Thunderclap","Flame Barrier+1"],"picked":"Inflame","floor":12.0},{"not_picked":["Infernal Blade+1","Shrug It Off+1"],"picked":"Armaments+1","floor":14.0},{"not_picked":["Entrench+1","Armaments+1","Carnage"],"picked":"SKIP","floor":18.0},{"not_picked":["Metallicize","Evolve"],"picked":"Whirlwind","floor":22.0},{"not_picked":["Pommel Strike","Dual Wield+1"],"picked":"Heavy Blade","floor":23.0},{"not_picked":["Pommel Strike","Barricade","Thunderclap"],"picked":"SKIP","floor":24.0},{"not_picked":["Armaments+1","Warcry+1"],"picked":"Clash","floor":27.0},{"not_picked":["Heavy Blade","Clash"],"picked":"Pummel","floor":29.0},{"not_picked":["Warcry+1","Cleave+1"],"picked":"Sword Boomerang","floor":30.0},{"not_picked":["Bludgeon","Reaper"],"picked":"Limit Break+1","floor":33.0},{"not_picked":["Iron Wave","Clash"],"picked":"Spot Weakness+1","floor":35.0},{"not_picked":["Clothesline","Clash"],"picked":"Seeing Red+1","floor":36.0},{"not_picked":["Metallicize","Cleave","Rupture"],"picked":"SKIP","floor":40.0},{"not_picked":["Headbutt","Cleave+1","Shockwave+1"],"picked":"SKIP","floor":42.0},{"not_picked":["Rupture","Searing Blow","Sword Boomerang"],"picked":"SKIP","floor":45.0},{"not_picked":["True Grit+1","Havoc+1","Iron Wave"],"picked":"SKIP","floor":46.0},{"not_picked":["Sever Soul+1","Reckless Charge+1"],"picked":"Limit Break+1","floor":47.0},{"not_picked":["Perfected Strike","Bloodletting+1","Wild Strike+1"],"picked":"SKIP","floor":48}],"player_experience":716896,"relics_obtained":[{"floor":6.0,"key":"Art of War"},{"floor":8.0,"key":"Omamori"},{"floor":9.0,"key":"Bag of Marbles"},{"floor":10.0,"key":"Regal Pillow"},{"floor":12.0,"key":"Lantern"},{"floor":23.0,"key":"Mummified Hand"},{"floor":23.0,"key":"Torii"},{"floor":26.0,"key":"Nunchaku"},{"floor":29.0,"key":"Red Skull"},{"floor":29.0,"key":"Potion Belt"},{"floor":40.0,"key":"FossilizedHelix"},{"floor":40.0,"key":"CeramicFish"},{"floor":42.0,"key":"Mercury Hourglass"},{"floor":42.0,"key":"Akabeko"},{"floor":43.0,"key":"Toy Ornithopter"},{"floor":45.0,"key":"Vajra"},{"floor":45.0,"key":"Centennial Puzzle"},{"floor":47.0,"key":"InkBottle"},{"floor":47.0,"key":"Strawberry"}],"event_choices":[{"damage_healed":0.0,"max_hp_gain":0.0,"max_hp_loss":0.0,"gold_gain":0.0,"event_name":"Golden Idol","player_choice":"Take Damage","floor":2.0,"gold_loss":0.0,"damage_taken":26.0,"relics_obtained":["Golden Idol"]},{"damage_healed":0.0,"max_hp_gain":0.0,"max_hp_loss":0.0,"gold_gain":0.0,"cards_transformed":["Strike_R"],"event_name":"Living Wall","player_choice":"Change","floor":3.0,"gold_loss":0.0,"damage_taken":0.0,"cards_obtained":["Exhume"]},{"damage_healed":0.0,"max_hp_gain":0.0,"max_hp_loss":0.0,"gold_gain":0.0,"event_name":"Scrap Ooze","player_choice":"Success","floor":4.0,"gold_loss":0.0,"damage_taken":18.0,"relics_obtained":["Toxic Egg 2"]},{"cards_removed":["Exhume"],"damage_healed":45.0,"max_hp_gain":10.0,"max_hp_loss":0.0,"gold_gain":0.0,"event_name":"Bonfire Elementals","player_choice":"Offered Rare","floor":5.0,"gold_loss":0.0,"damage_taken":0.0},{"damage_healed":0.0,"max_hp_gain":0.0,"max_hp_loss":0.0,"gold_gain":0.0,"event_name":"Dead Adventurer","player_choice":"Searched \u00271\u0027 times","floor":13.0,"gold_loss":0.0,"damage_taken":0.0,"relics_obtained":["Pen Nib"]},{"cards_removed":["Strike_R"],"damage_healed":0.0,"max_hp_gain":0.0,"max_hp_loss":0.0,"gold_gain":0.0,"event_name":"Back to Basics","player_choice":"Elegance","floor":19.0,"gold_loss":0.0,"damage_taken":0.0},{"damage_healed":0.0,"max_hp_gain":0.0,"max_hp_loss":0.0,"gold_gain":0.0,"event_name":"The Joust","player_choice":"Bet on Owner","floor":20.0,"gold_loss":50.0,"damage_taken":0.0},{"damage_healed":0.0,"max_hp_gain":0.0,"max_hp_loss":0.0,"gold_gain":50.0,"event_name":"Golden Shrine","player_choice":"Pray","floor":31.0,"gold_loss":0.0,"damage_taken":0.0},{"damage_healed":0.0,"max_hp_gain":0.0,"max_hp_loss":0.0,"gold_gain":0.0,"event_name":"Tomb of Lord Red Mask","player_choice":"Ignored","floor":38.0,"gold_loss":0.0,"damage_taken":0.0},{"damage_healed":0.0,"max_hp_gain":0.0,"max_hp_loss":0.0,"gold_gain":0.0,"event_name":"SecretPortal","player_choice":"Ignored","floor":41.0,"gold_loss":0.0,"damage_taken":0.0}],"is_beta":false,"boss_relics":[{"not_picked":["SlaversCollar","Ectoplasm"],"picked":"Black Star"},{"not_picked":["Philosopher\u0027s Stone","SacredBark"],"picked":"Fusion Hammer"}],"items_purged_floors":[21,37],"is_endless":false,"potions_floor_spawned":[7,10,12,14,16,23,29,30,40,42,45,46,47,48],"ascension_level":15}}