{"host":"jq8d8epkoknfq6em","time":1609718253,"event":{"mods":["AchievementEnabler","BaseMod","Colored Map","Colored Powertips","Highlight Path","Minty Spire (QoL Compilation)","Quick Restart","StSLib"],"gold_per_floor":[109,109,109,122,122,155,10,10,88,88,112,112,112,145,157,298,310,337,264,276,309,337,349,361,361],"floor_reached":24,"playtime":1546,"items_purged":[],"score":352,"play_id":"ff734a3d-2196-415d-9239-fa6b553281e3","local_time":"20210104005733","is_ascension_mode":true,"campfire_choices":[{"data":"Berserk","floor":8,"key":"SMITH"},{"data":"Reckless Charge","floor":10,"key":"SMITH"},{"data":"Dark Embrace","floor":15,"key":"SMITH"},{"data":"Feel No Pain","floor":23,"key":"SMITH"}],"circlet_count":0,"master_deck":["AscendersBane","Strike_R","Strike_R","Strike_R","Strike_R","Strike_R","Defend_R","Defend_R+1","Defend_R","Defend_R","Bash","Feel No Pain+1","Thunderclap","Berserk+1","Reckless Charge+1","Fiend Fire","Limit Break+1","Dark Embrace+1","Juggernaut","Headbutt+1","Reckless Charge"],"relics":["Burning Blood","NeowsBlessing","Champion Belt","Golden Idol","Bottled Tornado","Orrery","Bottled Flame","MawBank","Sozu","War Paint"],"acts_visited":["Exordium","TheCity"],"potions_floor_usage":[16],"damage_taken":[{"damage":0,"enemies":"Small Slimes","floor":1,"turns":1},{"damage":0,"enemies":"2 Louse","floor":4,"turns":1},{"damage":0,"enemies":"3 Sentries","floor":6,"turns":1},{"damage":3,"enemies":"Jaw Worm","floor":11,"turns":3},{"damage":36,"enemies":"Gremlin Nob","floor":14,"turns":5},{"damage":21,"enemies":"The Guardian","floor":16,"turns":18},{"damage":19,"enemies":"Spheric Guardian","floor":18,"turns":4},{"damage":7,"enemies":"Chosen","floor":21,"turns":4},{"damage":25,"enemies":"Shelled Parasite and Fungi","floor":22,"turns":5},{"damage":46,"enemies":"Book of Stabbing","floor":24,"turns":6}],"seed_played":"2985820413210025466","potions_obtained":[{"floor":6,"key":"HeartOfIron"}],"is_trial":false,"path_per_floor":["M","?","?","M","?","E","$","R","T","R","M","?","?","E","R","B",null,"M","?","?","M","M","R","E"],"character_chosen":"IRONCLAD","items_purchased":["Orrery"],"campfire_rested":0,"item_purchase_floors":[7],"current_hp_per_floor":[78,66,66,72,72,78,78,78,78,78,80,80,85,55,55,40,74,61,61,61,60,41,41,0,0],"gold":361,"neow_bonus":"THREE_ENEMY_KILL","is_daily":false,"chose_seed":false,"campfire_upgraded":4,"win_rate":0.0,"timestamp":1609718253,"path_taken":["M","?","?","M","?","E","$","R","T","R","M","?","?","E","R","BOSS","M","?","?","M","M","R","E"],"items_purchased_type":["Relic"],"build_version":"2020-12-22","purchased_purges":0,"victory":false,"max_hp_per_floor":[80,80,80,80,80,80,80,80,80,80,80,80,85,85,85,85,85,85,85,85,85,85,85,85,85],"card_choices":[{"not_picked":["Armaments","Perfected Strike"],"picked":"Feel No Pain","floor":1},{"not_picked":["Perfected Strike","Clash"],"picked":"Thunderclap","floor":4},{"not_picked":["Havoc","Body Slam","Warcry"],"picked":"SKIP","floor":6},{"not_picked":["Thunderclap","Headbutt"],"picked":"Berserk","floor":7},{"not_picked":["Thunderclap","Anger"],"picked":"Reckless Charge","floor":7},{"not_picked":["Anger","Clothesline"],"picked":"Fiend Fire","floor":7},{"not_picked":["Blood for Blood","Iron Wave"],"picked":"Limit Break","floor":7},{"not_picked":["Clash","Anger","Cleave"],"picked":"SKIP","floor":11},{"not_picked":["Berserk","Sword Boomerang"],"picked":"Dark Embrace","floor":14},{"not_picked":["Corruption","Impervious"],"picked":"Juggernaut","floor":16},{"not_picked":["Iron Wave+1","Sentinel"],"picked":"Headbutt+1","floor":18},{"not_picked":["Clash","Pommel Strike"],"picked":"Reckless Charge","floor":21},{"not_picked":["Clothesline","Headbutt","Twin Strike"],"picked":"SKIP","floor":22},{"not_picked":["Clothesline","Headbutt","Twin Strike"],"picked":"SKIP","floor":22}],"player_experience":927998,"relics_obtained":[{"floor":6,"key":"Bottled Tornado"},{"floor":9,"key":"Bottled Flame"},{"floor":14,"key":"MawBank"}],"event_choices":[{"damage_healed":0,"gold_gain":0,"player_choice":"Success","damage_taken":12,"relics_obtained":["Champion Belt"],"max_hp_gain":0,"max_hp_loss":0,"event_name":"Scrap Ooze","floor":2,"gold_loss":0},{"damage_healed":0,"gold_gain":0,"player_choice":"Ignored","damage_taken":0,"max_hp_gain":0,"max_hp_loss":0,"event_name":"Liars Game","floor":3,"gold_loss":0},{"damage_healed":0,"gold_gain":0,"player_choice":"Take Wound","damage_taken":0,"relics_obtained":["Golden Idol"],"max_hp_gain":0,"max_hp_loss":0,"event_name":"Golden Idol","floor":5,"gold_loss":0,"cards_obtained":["Injury"]},{"cards_removed":["Injury"],"damage_healed":0,"gold_gain":0,"player_choice":"Forget","damage_taken":0,"max_hp_gain":0,"max_hp_loss":0,"event_name":"Living Wall","floor":12,"gold_loss":0},{"damage_healed":0,"gold_gain":0,"player_choice":"Donut","damage_taken":0,"max_hp_gain":5,"max_hp_loss":0,"event_name":"Big Fish","floor":13,"gold_loss":0},{"damage_healed":0,"gold_gain":0,"player_choice":"Obtained Relic","damage_taken":0,"relics_obtained":["War Paint"],"max_hp_gain":0,"max_hp_loss":0,"event_name":"Addict","floor":19,"gold_loss":85},{"damage_healed":0,"gold_gain":0,"player_choice":"Ignored","damage_taken":0,"max_hp_gain":0,"max_hp_loss":0,"event_name":"Cursed Tome","floor":20,"gold_loss":0}],"is_beta":false,"boss_relics":[{"not_picked":["Velvet Choker","Pandora\u0027s Box"],"picked":"Sozu"}],"items_purged_floors":[],"is_endless":false,"potions_floor_spawned":[6,18,22],"killed_by":"Book of Stabbing","ascension_level":11}}