{"host":"ifw7cdx76lcpw3w9","time":1609647121,"event":{"mods":["AchievementEnabler","Act Like it!","BaseMod","Duelist Mod","Elementarium","Friendly Minions","Minty Spire (QoL Compilation)","StSLib"],"gold_per_floor":[141,141,141,141,155,199,199,233,256,256,25,25,41,62,62,188,188,208,228,128,153,153,186,74,94,94,110,32,32,32,52,52,180,180,200,200,214,214,229,229,243,281,281,281,281],"floor_reached":44,"playtime":3725,"items_purged":["theDuelist:CastleWalls","theDuelist:CastleWalls"],"score":692,"play_id":"8fe9e102-1a8b-45f5-ac13-b2ec11c364b6","local_time":"20210102211201","is_ascension_mode":true,"campfire_choices":[{"data":"theDuelist:Raigeki","floor":7.0,"key":"SMITH"},{"data":"theDuelist:GoldenApples","floor":10.0,"key":"SMITH"},{"data":"theDuelist:DragonRavine","floor":12.0,"key":"SMITH"},{"floor":15.0,"key":"REST"},{"data":"theDuelist:SilverWing","floor":30.0,"key":"SMITH"},{"floor":32.0,"key":"REST"},{"floor":40.0,"key":"REST"}],"circlet_count":0,"master_deck":["theDuelist:AncientDragon","theDuelist:YamataDragon","theDuelist:GoldenApples+1","theDuelist:DragonRavine+1","theDuelist:SnowdustDragon","theDuelist:RedEyesZombie","theDuelist:BSkullDragon+1","theDuelist:CaveDragon","theDuelist:SurvivalFittest","theDuelist:BlackBrutdrago","theDuelist:VeilDarkness+1","theDuelist:CaveDragon","theDuelist:BabyDragon","theDuelist:Raigeki+1","theDuelist:SilverWing+1","theDuelist:BlizzardDragon","theDuelist:GaiaDragonChamp","theDuelist:LesserDragon","AscendersBane","theDuelist:DarkHorus","theDuelist:BloodSparks","theDuelist:LesserDragon","theDuelist:ViceDragon+1","theDuelist:BoosterDragon+1"],"relics":["theDuelist:MillenniumPuzzle","theDuelist:CardPoolRelic","theDuelist:CardPoolBasicRelic","theDuelist:BoosterPackPoolRelic","theDuelist:CardPoolAddRelic","theDuelist:CardPoolMinusRelic","theDuelist:CardPoolSaveRelic","theDuelist:CardPoolOptionsRelic","Golden Idol","Dream Catcher","Charon\u0027s Ashes","theDuelist:MillenniumKey","CaptainsWheel","Elementarium:HuntersSling","theDuelist:BoosterPackTrapEgg","Tiny Chest","Elementarium:ElementariumTrophy","Mark of Pain","Calipers","theDuelist:GoldenScale"],"acts_visited":["Exordium","Elementarium:Elementarium","TheBeyond"],"potions_floor_usage":[41],"damage_taken":[{"damage":1.0,"enemies":"Jaw Worm","floor":1.0,"turns":4.0},{"damage":0.0,"enemies":"Small Slimes","floor":5.0,"turns":2.0},{"damage":10.0,"enemies":"Gremlin Nob","floor":6.0,"turns":4.0},{"damage":6.0,"enemies":"3 Sentries","floor":8.0,"turns":6.0},{"damage":0.0,"enemies":"2 Louse","floor":13.0,"turns":1.0},{"damage":7.0,"enemies":"Blue Slaver","floor":14.0,"turns":2.0},{"damage":47.0,"enemies":"Slime Boss","floor":16.0,"turns":11.0},{"damage":0.0,"enemies":"Elementarium:2_ELEMENTALS","floor":18.0,"turns":2.0},{"damage":0.0,"enemies":"Elementarium:VoidCorruption","floor":19.0,"turns":4.0},{"damage":8.0,"enemies":"Elementarium:VoidBeast","floor":21.0,"turns":3.0},{"damage":19.0,"enemies":"Elementarium:WarGolem","floor":23.0,"turns":6.0},{"damage":4.0,"enemies":"Elementarium:VOID_CORRUPTION_AND_ORB_OF_FIRE","floor":25.0,"turns":6.0},{"damage":0.0,"enemies":"Elementarium:3_ELEMENTALS","floor":27.0,"turns":3.0},{"damage":6.0,"enemies":"Elementarium:STONE_GOLEMS","floor":31.0,"turns":4.0},{"damage":2.0,"enemies":"Elementarium:GoldenDragon","floor":33.0,"turns":11.0},{"damage":2.0,"enemies":"3 Shapes","floor":35.0,"turns":3.0},{"damage":4.0,"enemies":"Orb Walker","floor":37.0,"turns":3.0},{"damage":48.0,"enemies":"Transient","floor":39.0,"turns":5.0},{"damage":8,"enemies":"Maw","floor":41,"turns":9},{"damage":33,"enemies":"Nemesis","floor":42,"turns":9},{"damage":15,"enemies":"3 Darklings","floor":44,"turns":1}],"seed_played":"1069715428429941567","potions_obtained":[{"floor":1.0,"key":"PowerPotion"},{"floor":5.0,"key":"theDuelist:BurningPotion"},{"floor":8.0,"key":"theDuelist:SolderPotionB"},{"floor":18.0,"key":"theDuelist:SummonFuryPotion"},{"floor":23.0,"key":"theDuelist:DragonfirePotion"},{"floor":25.0,"key":"BlessingOfTheForge"},{"floor":31.0,"key":"theDuelist:TokenPotion"},{"floor":37.0,"key":"theDuelist:DragonSoulPotion"}],"is_trial":false,"path_per_floor":["M","?","?","?","M","E","R","E","T","R","$","R","M","M","R","B",null,"M","M","$","M","?","E","?","M","T","M","$","T","R","M","R","B",null,"M","?","M","?","M","R","M","E","T","M"],"character_chosen":"THE_DUELIST","items_purchased":["theDuelist:ArmedDragon5","theDuelist:DragonRavine","theDuelist:SilverWing"],"campfire_rested":3,"item_purchase_floors":[11,11,28],"current_hp_per_floor":[75,75,75,75,75,65,65,59,59,59,59,59,59,52,75,32,70,70,70,70,62,51,32,32,28,28,32,32,32,32,26,51,49,77,75,75,75,75,27,54,46,13,13,0,0],"gold":281,"neow_bonus":"RANDOM_COLORLESS","is_daily":false,"chose_seed":false,"campfire_upgraded":4,"win_rate":0.0,"timestamp":1609647121,"path_taken":["M","?","?","?","M","E","R","E","T","R","$","R","M","M","R","BOSS","M","M","$","M","?","E","?","M","T","?","$","?","R","M","R","BOSS","M","?","M","?","M","R","M","E","T","M"],"items_purchased_type":["Card","Card","Card"],"build_version":"2020-12-22","purchased_purges":2,"victory":false,"max_hp_per_floor":[84,84,84,78,78,78,78,78,78,78,78,78,78,78,78,82,82,82,82,82,82,82,82,82,82,82,86,86,86,86,86,86,86,86,86,86,90,90,90,90,90,90,90,90,90],"card_choices":[{"not_picked":["theDuelist:UltimateOffering","theDuelist:Jinzo"],"picked":"theDuelist:GoldenApples","floor":0.0},{"not_picked":["theDuelist:YamataDragon","theDuelist:CyberDragonDrei","theDuelist:BlackPtera","theDuelist:Carboneddon"],"picked":"theDuelist:DarkHorus","floor":1.0},{"not_picked":["theDuelist:BlackPtera","theDuelist:BlackStego","theDuelist:DarkHorus","theDuelist:LesserDragon","theDuelist:CyberDinosaur"],"picked":"SKIP","floor":5.0},{"not_picked":["theDuelist:BigFire","theDuelist:LightningDarts","theDuelist:RainbowOverdragon","theDuelist:ForbiddenLance"],"picked":"theDuelist:Raigeki","floor":6.0},{"not_picked":["theDuelist:CyberValley","theDuelist:Hydrogeddon","theDuelist:CaveDragon","theDuelist:SphereChaos","theDuelist:DragonTreasure"],"picked":"SKIP","floor":8.0},{"not_picked":["theDuelist:Pyrorex","theDuelist:Babycerasaurus","theDuelist:CyberDragonNachster","theDuelist:Vandalgyon"],"picked":"theDuelist:RedEyesZombie","floor":13.0},{"not_picked":["theDuelist:Kabazauls","theDuelist:HazyFlameHydra","theDuelist:ViceDragon","theDuelist:MoltenDestruction","theDuelist:CoralDragon"],"picked":"SKIP","floor":14.0},{"not_picked":["theDuelist:DragonPiper","theDuelist:CyberDinosaur"],"picked":"theDuelist:BlackBrutdrago","floor":15.0},{"not_picked":["theDuelist:ArmageddonDragonEmp","theDuelist:BSkullDragon","theDuelist:Lancephorhynchus","theDuelist:LostWorld"],"picked":"theDuelist:SurvivalFittest","floor":16.0},{"not_picked":["theDuelist:EvilMind","theDuelist:TrihornedDragon+1","theDuelist:BlackBrutdrago","theDuelist:BlackTyranno"],"picked":"theDuelist:VeilDarkness+1","floor":18.0},{"not_picked":["theDuelist:LesserDragon","theDuelist:MadSwordBeast","theDuelist:MaskedDragon","theDuelist:ViceDragon","theDuelist:BlackBrachios"],"picked":"SKIP","floor":19.0},{"not_picked":["theDuelist:AtomicScrapDragon+1","theDuelist:FiendSkull","theDuelist:RedEyes"],"picked":"SKIP","floor":21.0},{"not_picked":["theDuelist:BlackBrachios+1","theDuelist:Dracocension","theDuelist:CoralDragon","theDuelist:MythicWaterDragon","theDuelist:GalaxySoldier"],"picked":"SKIP","floor":23.0},{"not_picked":["theDuelist:RedRisingDragon","theDuelist:BlackPtera","theDuelist:MoltenDestruction+1","theDuelist:CyberDragonDrei"],"picked":"theDuelist:ViceDragon+1","floor":25.0},{"not_picked":["theDuelist:BlackTyranno","theDuelist:DarkDriceratops","theDuelist:Hydrogeddon","theDuelist:Pyrorex","theDuelist:SuperancientDinobeast"],"picked":"SKIP","floor":27.0},{"not_picked":["theDuelist:BigFire","theDuelist:Hinotama","theDuelist:RainbowOverdragon","theDuelist:Raigeki","theDuelist:SmashingGround"],"picked":"SKIP","floor":31.0},{"not_picked":["theDuelist:BlackPtera","theDuelist:MadSwordBeast+1"],"picked":"theDuelist:AncientDragon","floor":32.0},{"not_picked":["theDuelist:BSkullDragon","theDuelist:DragonMastery","theDuelist:StardustDragon","theDuelist:WaterDragon"],"picked":"theDuelist:GaiaDragonChamp","floor":33.0},{"not_picked":["theDuelist:Hydrogeddon+1","theDuelist:SafeZone+1","theDuelist:BlueEyesUltimate","theDuelist:Babycerasaurus+1","theDuelist:SnowdustDragon+1"],"picked":"SKIP","floor":35.0},{"not_picked":["theDuelist:Frostosaurus","theDuelist:MythicWaterDragon","theDuelist:RedEyes","theDuelist:InfernityDoomDragon+1"],"picked":"theDuelist:BlizzardDragon","floor":37.0},{"not_picked":["theDuelist:CyberDragonInfinity+1","theDuelist:FiveHeaded+1","theDuelist:Scapegoat+1","theDuelist:StardustDragon"],"picked":"theDuelist:BSkullDragon+1","floor":39.0},{"not_picked":["theDuelist:BattleguardKing+1","theDuelist:BigFire+1","theDuelist:Hinotama","theDuelist:RainbowOverdragon+1","theDuelist:LightningDarts+2"],"picked":"SKIP","floor":41},{"not_picked":["theDuelist:WhiteHowling+1","theDuelist:TotemDragon","theDuelist:GalaxySoldier"],"picked":"theDuelist:BoosterDragon+1","floor":42}],"player_experience":184328,"relics_obtained":[{"floor":6.0,"key":"Dream Catcher"},{"floor":8.0,"key":"Charon\u0027s Ashes"},{"floor":23.0,"key":"CaptainsWheel"},{"floor":26.0,"key":"theDuelist:BoosterPackTrapEgg"},{"floor":29.0,"key":"Tiny Chest"},{"floor":42,"key":"Calipers"},{"floor":43,"key":"theDuelist:GoldenScale"}],"event_choices":[{"cards_removed":["theDuelist:Sparks"],"damage_healed":0.0,"max_hp_gain":0.0,"max_hp_loss":0.0,"gold_gain":0.0,"event_name":"Living Wall","player_choice":"Forget","floor":2.0,"gold_loss":0.0,"damage_taken":0.0},{"damage_healed":0.0,"max_hp_gain":0.0,"max_hp_loss":0.0,"gold_gain":0.0,"event_name":"Egyptian Village","player_choice":"Leave","duelist":true,"floor":3.0,"gold_loss":0.0,"damage_taken":0.0},{"damage_healed":0.0,"max_hp_gain":0.0,"max_hp_loss":6.0,"gold_gain":0.0,"event_name":"Golden Idol","player_choice":"Lose Max HP","floor":4.0,"gold_loss":0.0,"damage_taken":0.0,"relics_obtained":["Golden Idol"]},{"damage_healed":0.0,"max_hp_gain":0.0,"max_hp_loss":0.0,"gold_gain":0.0,"event_name":"Elementarium:GreatTreasure","player_choice":"Offer","floor":22.0,"relics_lost":["Velvet Choker"],"gold_loss":0.0,"damage_taken":0.0,"relics_obtained":["theDuelist:MillenniumKey"]},{"damage_healed":0.0,"max_hp_gain":0.0,"max_hp_loss":0.0,"gold_gain":0.0,"event_name":"Elementarium:BigGameHunter","player_choice":"Sling","floor":24.0,"gold_loss":112.0,"damage_taken":0.0,"relics_obtained":["Elementarium:HuntersSling"]},{"damage_healed":0.0,"max_hp_gain":0.0,"max_hp_loss":0.0,"gold_gain":0.0,"event_name":"Relic Duplicator","player_choice":"Leave","duelist":true,"floor":36.0,"gold_loss":0.0,"damage_taken":0.0},{"damage_healed":0.0,"max_hp_gain":0.0,"max_hp_loss":0.0,"gold_gain":0.0,"cards_transformed":["theDuelist:ArmedDragon5"],"event_name":"Transmorgrifier","player_choice":"Transformed","floor":38.0,"gold_loss":0.0,"damage_taken":0.0,"cards_obtained":["theDuelist:SnowdustDragon"]}],"is_beta":false,"boss_relics":[{"not_picked":["Ectoplasm","Black Star"],"picked":"Velvet Choker"},{"not_picked":["Runic Pyramid","HoveringKite"],"picked":"Mark of Pain"}],"items_purged_floors":[11,20],"is_endless":false,"potions_floor_spawned":[1,5,8,13,18,23,25,27,31,37],"killed_by":"3 Darklings","ascension_level":10}}