{"host":"na09lpbrez4gbfiz","time":1609700382,"event":{"mods":["Act Like it!","BaseMod","BetterRewards","Colored Map","Colored Powertips","DeckTracker","Googly Eyes","Highlight Path","Minty Spire (QoL Compilation)","Quick Restart","Spicy Shops","StSLib","SuperFastMode","Synergy Search"],"gold_per_floor":[116,116,66,66,66,101,15,15,39,58,58,76,120,145,145,265,265,288,387,387,411,0,43,0,0,0,0,0,0,33,53,53,150,150,169,169,169,169,189,189,216,216,216,216,233,252,8,58,58,58],"floor_reached":51,"playtime":1817,"items_purged":["Strike_R","Strike_R","Defend_R","Strike_R+1","Defend_R"],"score":1084,"play_id":"64377f28-5aa4-4ce8-a120-919b35c4d1f5","local_time":"20210103195942","is_ascension_mode":true,"campfire_choices":[{"floor":15,"key":"REST"},{"data":"Heavy Blade","floor":25,"key":"SMITH"},{"data":"Second Wind","floor":27,"key":"SMITH"},{"floor":32,"key":"REST"},{"floor":40,"key":"REST"},{"data":"Immolate","floor":42,"key":"SMITH"},{"data":"Sentinel","floor":44,"key":"SMITH"},{"data":"Madness","floor":49,"key":"SMITH"}],"circlet_count":0,"master_deck":["Defend_R+1","Bash","Inflame+1","Heavy Blade+1","Combust+1","Rupture+1","Immolate+1","Burning Pact+1","Pummel+1","Sever Soul+1","True Grit+1","Second Wind+1","Sentinel+1","Rupture+1","Berserk+1","Rupture+1","Madness","Madness","Madness+1","Blood for Blood+1","Evolve+1","Power Through+1"],"relics":["Black Blood","Membership Card","Frozen Egg 2","Juzu Bracelet","Sling","CaptainsWheel","Bloody Idol","StoneCalendar","Whetstone","PreservedInsect","Lizard Tail","Ancient Tea Set","Astrolabe","Eternal Feather","Medical Kit","Bronze Scales","War Paint","Bag of Preparation","InkBottle","Strawberry","Darkstone Periapt","Lee\u0027s Waffle","ClockworkSouvenir","Incense Burner"],"acts_visited":["Exordium","TheCity","TheBeyond"],"potions_floor_usage":[13,14,23,23,50],"damage_taken":[{"damage":2,"enemies":"Jaw Worm","floor":1,"turns":4},{"damage":25,"enemies":"3 Sentries","floor":6,"turns":7},{"damage":3,"enemies":"2 Louse","floor":10,"turns":3},{"damage":0,"enemies":"Cultist","floor":12,"turns":3},{"damage":10,"enemies":"Lagavulin","floor":13,"turns":4},{"damage":27,"enemies":"Exordium Thugs","floor":14,"turns":4},{"damage":21,"enemies":"Hexaghost","floor":16,"turns":7},{"damage":27,"enemies":"Shell Parasite","floor":18,"turns":5},{"damage":21,"enemies":"3 Byrds","floor":21,"turns":4},{"damage":25,"enemies":"Book of Stabbing","floor":23,"turns":4},{"damage":19,"enemies":"Gremlin Leader","floor":30,"turns":2},{"damage":20,"enemies":"Snake Plant","floor":31,"turns":4},{"damage":25,"enemies":"Champ","floor":33,"turns":7},{"damage":48,"enemies":"3 Darklings","floor":35,"turns":3},{"damage":35,"enemies":"3 Shapes","floor":39,"turns":6},{"damage":3,"enemies":"Giant Head","floor":41,"turns":4},{"damage":19,"enemies":"Maw","floor":45,"turns":5},{"damage":38,"enemies":"3 Darklings","floor":46,"turns":5},{"damage":12,"enemies":"Mind Bloom Boss Battle","floor":48,"turns":4},{"damage":71,"enemies":"Time Eater","floor":50,"turns":7}],"seed_played":"6084696670279150962","potions_obtained":[{"floor":6,"key":"Fire Potion"},{"floor":10,"key":"PowerPotion"},{"floor":13,"key":"BloodPotion"},{"floor":21,"key":"Dexterity Potion"},{"floor":31,"key":"Strength Potion"},{"floor":33,"key":"SmokeBomb"},{"floor":35,"key":"SpeedPotion"},{"floor":41,"key":"AttackPotion"}],"is_trial":false,"path_per_floor":["M","?","?","T","?","E","$","?","T","M","$","M","E","M","R","B",null,"M","?","?","M","$","E","?","R","T","R","?","?","E","M","R","B",null,"M","?","?","?","M","R","E","R","T","R","M","M","$","?","R","B",null],"character_chosen":"IRONCLAD","items_purchased":["Membership Card","Frozen Egg 2","Juzu Bracelet","Sling","Inflame+1","Lizard Tail","Eternal Feather","Medical Kit","Bronze Scales","Lee\u0027s Waffle","ClockworkSouvenir","Evolve+1"],"campfire_rested":3,"item_purchase_floors":[0,0,0,0,7,11,22,22,22,47,47,47],"current_hp_per_floor":[53,53,53,53,53,34,34,34,34,37,37,43,39,18,42,27,80,59,59,59,44,44,41,41,47,47,53,53,53,45,36,69,55,80,49,49,39,39,21,57,78,87,87,87,85,64,94,94,94,35],"gold":58,"neow_bonus":"","is_daily":false,"chose_seed":false,"campfire_upgraded":5,"win_rate":0.0,"timestamp":1609700382,"path_taken":["M","?","?","?","?","E","?","?","T","M","?","M","E","M","R","BOSS","M","?","?","M","?","E","?","R","T","R","?","?","E","M","R","BOSS","M","?","?","?","M","R","E","R","T","R","M","M","?","?","R","BOSS"],"items_purchased_type":["Relic","Relic","Relic","Relic","Card","Relic","Relic","Relic","Relic","Relic","Relic","Card"],"build_version":"2020-12-22","purchased_purges":5,"victory":true,"max_hp_per_floor":[80,80,80,80,80,80,80,80,80,80,80,80,80,80,80,80,80,80,80,80,80,80,80,80,80,80,80,80,80,80,80,80,80,80,80,80,80,80,80,80,87,87,87,87,87,87,94,94,94,94],"card_choices":[{"not_picked":["Battle Trance","Clash","Reckless Charge"],"picked":"SKIP","floor":1},{"not_picked":["Evolve+1","Body Slam","Burning Pact"],"picked":"SKIP","floor":6},{"not_picked":["Burning Pact","Flex"],"picked":"Heavy Blade","floor":10},{"not_picked":["Warcry","Twin Strike","Second Wind"],"picked":"SKIP","floor":12},{"not_picked":["Sword Boomerang","Warcry"],"picked":"Combust+1","floor":13},{"not_picked":["Burning Pact","Battle Trance"],"picked":"Rupture+1","floor":14},{"not_picked":["Barricade+1","Brutality+1"],"picked":"Immolate","floor":16},{"not_picked":["Sentinel","Perfected Strike"],"picked":"True Grit","floor":18},{"not_picked":["Second Wind","Intimidate","True Grit"],"picked":"SKIP","floor":21},{"not_picked":["Warcry","Clothesline"],"picked":"Second Wind","floor":23},{"not_picked":["Ghostly Armor","Dark Embrace+1"],"picked":"Sentinel","floor":30},{"not_picked":["Ghostly Armor","Carnage+1"],"picked":"Rupture+1","floor":31},{"not_picked":["Double Tap","Impervious"],"picked":"Berserk+1","floor":33},{"not_picked":["Twin Strike","Clothesline+1"],"picked":"Rupture+1","floor":35},{"not_picked":["Thinking Ahead","Secret Weapon"],"picked":"Madness","floor":38},{"not_picked":["Twin Strike","Clothesline+1","Flex+1"],"picked":"SKIP","floor":39},{"not_picked":["Armaments+1","Battle Trance"],"picked":"Blood for Blood+1","floor":41},{"not_picked":["Warcry","Clothesline","Cleave+1"],"picked":"SKIP","floor":45},{"not_picked":["Intimidate+1","Flex","Twin Strike+1"],"picked":"SKIP","floor":46},{"not_picked":["Hemokinesis+1","Heavy Blade+1"],"picked":"Power Through+1","floor":48}],"player_experience":143635,"relics_obtained":[{"floor":4,"key":"StoneCalendar"},{"floor":6,"key":"Whetstone"},{"floor":9,"key":"PreservedInsect"},{"floor":13,"key":"Ancient Tea Set"},{"floor":23,"key":"War Paint"},{"floor":26,"key":"Bag of Preparation"},{"floor":30,"key":"InkBottle"},{"floor":41,"key":"Strawberry"},{"floor":43,"key":"Darkstone Periapt"},{"floor":48,"key":"Incense Burner"}],"event_choices":[{"damage_healed":0,"gold_gain":0,"player_choice":"Take Wound","damage_taken":0,"relics_obtained":["Golden Idol"],"max_hp_gain":0,"max_hp_loss":0,"event_name":"Golden Idol","floor":2,"gold_loss":0,"cards_obtained":["Injury"]},{"cards_removed":["Injury"],"damage_healed":0,"gold_gain":0,"player_choice":"Card Removal","damage_taken":0,"max_hp_gain":0,"max_hp_loss":0,"event_name":"The Cleric","floor":3,"gold_loss":50},{"damage_healed":0,"gold_gain":0,"player_choice":"0 cards matched","damage_taken":0,"max_hp_gain":0,"max_hp_loss":0,"event_name":"Match and Keep!","floor":5,"gold_loss":0,"cards_obtained":[]},{"damage_healed":0,"gold_gain":0,"player_choice":"Searched \u00270\u0027 times","damage_taken":0,"max_hp_gain":0,"max_hp_loss":0,"event_name":"Dead Adventurer","floor":8,"gold_loss":0},{"damage_healed":0,"gold_gain":99,"player_choice":"Stole From Cult","damage_taken":0,"max_hp_gain":0,"max_hp_loss":0,"event_name":"Nest","floor":19,"gold_loss":0},{"damage_healed":0,"gold_gain":0,"player_choice":"Ignored","damage_taken":0,"max_hp_gain":0,"max_hp_loss":0,"event_name":"Vampires","floor":20,"gold_loss":0},{"damage_healed":0,"gold_gain":0,"player_choice":"Paid Fearfully","damage_taken":0,"max_hp_gain":0,"max_hp_loss":0,"event_name":"Masked Bandits","floor":24,"gold_loss":43},{"damage_healed":0,"gold_gain":0,"player_choice":"Ignored","damage_taken":0,"max_hp_gain":0,"max_hp_loss":0,"event_name":"Ghosts","floor":28,"gold_loss":0},{"damage_healed":0,"gold_gain":0,"player_choice":"Gave Idol","damage_taken":0,"relics_obtained":["Bloody Idol"],"max_hp_gain":0,"max_hp_loss":0,"event_name":"Forgotten Altar","floor":29,"relics_lost":["Golden Idol"],"gold_loss":0},{"damage_healed":0,"gold_gain":0,"player_choice":"Bought 0 Potions","damage_taken":0,"max_hp_gain":0,"max_hp_loss":0,"event_name":"The Woman in Blue","floor":36,"gold_loss":0},{"damage_healed":0,"gold_gain":0,"player_choice":"Embrace Madness","damage_taken":10,"max_hp_gain":0,"max_hp_loss":0,"event_name":"Winding Halls","floor":37,"gold_loss":0,"cards_obtained":["Madness","Madness"]},{"damage_healed":0,"gold_gain":0,"player_choice":"Memory 1","damage_taken":0,"max_hp_gain":0,"max_hp_loss":0,"event_name":"SensoryStone","floor":38,"gold_loss":0},{"damage_healed":0,"gold_gain":0,"player_choice":"Fight","damage_taken":0,"max_hp_gain":0,"max_hp_loss":0,"event_name":"MindBloom","floor":48,"gold_loss":0}],"is_beta":false,"boss_relics":[{"not_picked":["Runic Cube","SacredBark"],"picked":"Astrolabe"},{"not_picked":["Runic Pyramid","Busted Crown"],"picked":"Black Blood"}],"items_purged_floors":[0,7,22,22,47],"is_endless":false,"potions_floor_spawned":[6,10,13,21,31,33,35,41,46],"ascension_level":2}}