{"host":"7sy3dyg71hje4mzx","time":1609641995,"event":{"mods":["BaseMod","Marisa????????","Minty Spire (QoL Compilation)","StSLib"],"gold_per_floor":[109,129,94,43,53,53,85,100,176,176,31,46,61,136,136,231,231,246,261,108,126,225,225,225],"floor_reached":23,"playtime":1257,"items_purged":[],"score":193,"play_id":"86c5d482-3631-4ce4-830a-46d961b0c05f","local_time":"20210103134635","is_ascension_mode":false,"campfire_choices":[{"data":"MachineGunSpark","floor":6,"key":"SMITH"},{"floor":10,"key":"REST"},{"data":"OpenUniverse","floor":15,"key":"SMITH"}],"circlet_count":0,"master_deck":["Strike_MRS","Strike_MRS","Strike_MRS","Strike_MRS","Defend_MRS","Defend_MRS","Defend_MRS","Defend_MRS","MasterSpark","UpSweep","MilkyWay","EarthLightRay","AsteroidBelt","MachineGunSpark+1","MysteriousBeam","OortCloud","OpenUniverse+1","LuminesStrike","EscapeVelocity","EarthLightRay","MilkyWay","Orbital","EnergyFlow","Orbital"],"relics":["BewitchedHakkero","MagicBroom","MealTicket","Bottled Flame","Strange Spoon"],"acts_visited":["Exordium","TheCity"],"potions_floor_usage":[23],"damage_taken":[{"damage":6,"enemies":"Jaw Worm","floor":1,"turns":3},{"damage":6,"enemies":"Cultist","floor":2,"turns":3},{"damage":1,"enemies":"2 Louse","floor":5,"turns":3},{"damage":37,"enemies":"Gremlin Nob","floor":7,"turns":5},{"damage":6,"enemies":"Large Slime","floor":8,"turns":4},{"damage":5,"enemies":"Looter","floor":12,"turns":3},{"damage":0,"enemies":"2 Fungi Beasts","floor":13,"turns":2},{"damage":7,"enemies":"Hexaghost","floor":16,"turns":8},{"damage":20,"enemies":"2 Thieves","floor":18,"turns":3},{"damage":7,"enemies":"Shell Parasite","floor":19,"turns":4},{"damage":13,"enemies":"Cultist and Chosen","floor":21,"turns":6},{"damage":118,"enemies":"Slavers","floor":23,"turns":6}],"seed_played":"-8214221512955594543","potions_obtained":[{"floor":1,"key":"FairyPotion"},{"floor":5,"key":"SpeedPotion"},{"floor":7,"key":"ShroomBrew"}],"is_trial":false,"path_per_floor":["M","M","$","?","M","R","E","M","T","R","$","M","M","?","R","B",null,"M","M","$","M","?","E"],"character_chosen":"MARISA","items_purchased":["MachineGunSpark","Strange Spoon","Orbital","EnergyFlow"],"campfire_rested":1,"item_purchase_floors":[3,11,20,20],"current_hp_per_floor":[69,67,67,67,70,70,37,35,35,57,72,67,67,56,56,57,75,55,60,75,70,70,0,0],"gold":225,"neow_bonus":"THREE_CARDS","is_daily":false,"chose_seed":false,"campfire_upgraded":2,"win_rate":0.0,"timestamp":1609641995,"path_taken":["M","M","$","?","?","R","E","M","T","R","$","M","M","?","R","BOSS","M","M","$","M","?","E"],"items_purchased_type":["Card","Relic","Card","Card"],"build_version":"2020-12-22","purchased_purges":0,"victory":false,"max_hp_per_floor":[75,75,75,75,75,75,75,75,75,75,75,75,75,75,75,75,75,75,75,75,75,75,75,75],"card_choices":[{"not_picked":["NonDirectionalLaser","IllusionStar"],"picked":"MilkyWay","floor":0},{"not_picked":["ChargingUp","Acceleration"],"picked":"EarthLightRay","floor":1},{"not_picked":["MilkyWay","DC"],"picked":"AsteroidBelt","floor":2},{"not_picked":["6A","DeepEcoloBomb","AlicesGift"],"picked":"SKIP","floor":5},{"not_picked":["IllusionStar","PowerUp"],"picked":"MysteriousBeam","floor":7},{"not_picked":["GalacticHalo","MagicChant"],"picked":"OortCloud","floor":8},{"not_picked":["ManaConvection","PowerUp"],"picked":"OpenUniverse","floor":12},{"not_picked":["StarlightTyphoon","AsteroidBelt"],"picked":"LuminesStrike","floor":13},{"not_picked":["CollectingQuirk","FinalSpark"],"picked":"EscapeVelocity","floor":16},{"not_picked":["MagicChant","PowerUp"],"picked":"EarthLightRay","floor":18},{"not_picked":["EnergyFlow","StarBarrage"],"picked":"MilkyWay","floor":19},{"not_picked":["EnergyFlow","PowerUp"],"picked":"Orbital","floor":21}],"player_experience":180874,"relics_obtained":[{"floor":7,"key":"MealTicket"},{"floor":9,"key":"Bottled Flame"}],"event_choices":[{"damage_healed":0,"gold_gain":0,"player_choice":"Paid Gold","damage_taken":0,"relics_obtained":["MagicBroom"],"max_hp_gain":0,"max_hp_loss":0,"event_name":"WeMeetAgain","floor":4,"gold_loss":51},{"damage_healed":0,"gold_gain":75,"player_choice":"Gather Gold","damage_taken":11,"max_hp_gain":0,"max_hp_loss":0,"event_name":"World of Goop","floor":14,"gold_loss":0},{"damage_healed":0,"gold_gain":99,"player_choice":"Stole From Cult","damage_taken":0,"max_hp_gain":0,"max_hp_loss":0,"event_name":"Nest","floor":22,"gold_loss":0}],"is_beta":false,"boss_relics":[{"not_picked":["Busted Crown","Fusion Hammer"],"picked":"BewitchedHakkero"}],"items_purged_floors":[],"is_endless":false,"potions_floor_spawned":[1,5,7,13,21],"killed_by":"Slavers","ascension_level":0}}