{"host":"480qzmvu0s2e3e6w","time":1609670908,"event":{"mods":["BaseMod","Colored Map","DeckTracker","Minty Spire (QoL Compilation)","StSLib","SuperFastMode"],"gold_per_floor":[117,137,137,157,171,171,201,201,249,267,54,54,65,94,94,168,168,183,233,219,219,232,232,244,255,280,296,296,313,313,313],"floor_reached":30,"playtime":1577,"items_purged":[],"score":431,"play_id":"774a6411-2a15-420a-b621-e6d4306048cc","local_time":"20210103194828","is_ascension_mode":true,"campfire_choices":[{"floor":6,"key":"REST"},{"data":"Tactician","floor":8,"key":"SMITH"},{"data":"Noxious Fumes","floor":12,"key":"SMITH"},{"data":"Footwork","floor":15,"key":"SMITH"},{"floor":23,"key":"REST"},{"floor":28,"key":"REST"}],"circlet_count":0,"master_deck":["AscendersBane","Strike_G+1","Strike_G","Defend_G","Defend_G","Defend_G","Defend_G","Defend_G","Survivor+1","Neutralize","Cloak And Dagger","Quick Slash","Well Laid Plans","Flying Knee","Tactician+1","Backstab","Die Die Die","Noxious Fumes","Noxious Fumes+1","Footwork+1","Dagger Throw","Night Terror","Doppelganger+1","Blur+1","Die Die Die+1","PiercingWail","Poisoned Stab","Bane","Acrobatics","Die Die Die","Outmaneuver+1","Crippling Poison"],"relics":["Ring of the Snake","Kunai","Bag of Preparation","DollysMirror","Orichalcum","Astrolabe","Omamori"],"acts_visited":["Exordium","TheCity"],"potions_floor_usage":[5,7,16,24,25,30],"damage_taken":[{"damage":0,"enemies":"Small Slimes","floor":1,"turns":6},{"damage":2,"enemies":"Cultist","floor":2,"turns":4},{"damage":2,"enemies":"2 Louse","floor":4,"turns":4},{"damage":16,"enemies":"Exordium Wildlife","floor":5,"turns":6},{"damage":10,"enemies":"3 Sentries","floor":7,"turns":10},{"damage":1,"enemies":"Blue Slaver","floor":10,"turns":4},{"damage":0,"enemies":"2 Fungi Beasts","floor":13,"turns":2},{"damage":17,"enemies":"Lagavulin","floor":14,"turns":6},{"damage":10,"enemies":"Slime Boss","floor":16,"turns":8},{"damage":6,"enemies":"Shell Parasite","floor":18,"turns":6},{"damage":1,"enemies":"2 Thieves","floor":20,"turns":4},{"damage":8,"enemies":"Shelled Parasite and Fungi","floor":22,"turns":8},{"damage":10,"enemies":"Snecko","floor":24,"turns":7},{"damage":8,"enemies":"Chosen and Byrds","floor":25,"turns":7},{"damage":4,"enemies":"Snake Plant","floor":27,"turns":6},{"damage":21,"enemies":"Snecko","floor":29,"turns":6},{"damage":19,"enemies":"Slavers","floor":30,"turns":2}],"seed_played":"2297838616096319884","potions_obtained":[{"floor":2,"key":"LiquidMemories"},{"floor":4,"key":"Regen Potion"},{"floor":7,"key":"ColorlessPotion"},{"floor":22,"key":"Weak Potion"},{"floor":24,"key":"Block Potion"},{"floor":27,"key":"FearPotion"},{"floor":29,"key":"CunningPotion"}],"is_trial":false,"path_per_floor":["M","M","?","M","M","R","E","R","T","M","$","R","M","E","R","B",null,"M","?","M","?","M","R","M","M","T","M","R","M","E"],"character_chosen":"THE_SILENT","items_purchased":["Noxious Fumes","DollysMirror"],"campfire_rested":3,"item_purchase_floors":[11,11],"current_hp_per_floor":[59,57,37,35,34,53,43,43,43,42,42,42,42,25,25,15,53,47,47,46,28,20,41,31,23,23,19,40,19,0,0],"gold":313,"neow_bonus":"THREE_CARDS","is_daily":false,"chose_seed":false,"campfire_upgraded":3,"win_rate":0.0,"timestamp":1609670908,"path_taken":["M","M","?","M","M","R","E","R","T","M","$","R","M","E","R","BOSS","M","?","M","?","M","R","M","M","T","M","R","M","E"],"items_purchased_type":["Card","Relic"],"build_version":"2020-12-22","purchased_purges":0,"victory":false,"max_hp_per_floor":[66,66,66,66,66,66,66,66,66,66,66,66,66,66,66,66,66,66,66,66,71,71,71,71,71,71,71,71,71,71,71],"card_choices":[{"not_picked":["Bane","Prepared"],"picked":"Cloak And Dagger","floor":0},{"not_picked":["Backflip","Skewer"],"picked":"Quick Slash","floor":1},{"not_picked":["Acrobatics","Catalyst"],"picked":"Well Laid Plans","floor":2},{"not_picked":["Dodge and Roll","Dagger Throw"],"picked":"Flying Knee","floor":4},{"not_picked":["Outmaneuver","Unload"],"picked":"Tactician","floor":5},{"not_picked":["PiercingWail","Cloak And Dagger"],"picked":"Backstab","floor":7},{"not_picked":["Bane","Skewer"],"picked":"Die Die Die","floor":10},{"not_picked":["Slice","Bane"],"picked":"Footwork","floor":13},{"not_picked":["Endless Agony","Escape Plan"],"picked":"Dagger Throw","floor":14},{"not_picked":["Tools of the Trade","A Thousand Cuts"],"picked":"Night Terror","floor":16},{"not_picked":["Quick Slash","Catalyst"],"picked":"PiercingWail","floor":18},{"not_picked":["Dagger Throw","Distraction"],"picked":"Poisoned Stab","floor":20},{"not_picked":["Expertise","PiercingWail"],"picked":"Bane","floor":22},{"not_picked":["Flechettes","Outmaneuver"],"picked":"Acrobatics","floor":24},{"not_picked":["Prepared","Quick Slash"],"picked":"Die Die Die","floor":25},{"not_picked":["Accuracy","Prepared"],"picked":"Outmaneuver+1","floor":27},{"not_picked":["Deflect","Eviscerate"],"picked":"Crippling Poison","floor":29}],"player_experience":664322,"relics_obtained":[{"floor":7,"key":"Kunai"},{"floor":9,"key":"Bag of Preparation"},{"floor":14,"key":"Orichalcum"},{"floor":26,"key":"Omamori"}],"event_choices":[{"damage_healed":0,"gold_gain":0,"player_choice":"Entered Light","damage_taken":20,"max_hp_gain":0,"max_hp_loss":0,"event_name":"Shining Light","floor":3,"gold_loss":0,"cards_upgraded":["Survivor","Strike_G"]},{"damage_healed":0,"gold_gain":50,"player_choice":"Stole From Cult","damage_taken":0,"max_hp_gain":0,"max_hp_loss":0,"event_name":"Nest","floor":19,"gold_loss":0},{"damage_healed":0,"gold_gain":0,"player_choice":"Shed Blood","damage_taken":23,"max_hp_gain":5,"max_hp_loss":0,"event_name":"Forgotten Altar","floor":21,"gold_loss":0}],"is_beta":false,"boss_relics":[{"not_picked":["Ectoplasm","SlaversCollar"],"picked":"Astrolabe"}],"items_purged_floors":[],"is_endless":false,"potions_floor_spawned":[2,4,7,22,24,27,29],"killed_by":"Slavers","ascension_level":15}}