{"host":"n900smz9wr3yo27a","time":1609672052,"event":{"mods":["Arknights The Spire","BaseMod","CapriCore","GungeonMod","Hermit","Koishi","Lobotomy","Marisa£¨Ùöéë¡¡Øª×âÞÞ£©","Minty Spire (QoL Compilation)","Prisma Mod","Replay The Spire","StSLib","Td1madao Mod","The Animator","The Bug Knight","The Cursed","The Dragon Tamer","The Gatherer","The Hierophant","The Immortal","The Jungle","The Necromancer","The Poker Player","The Runesmith","WarShipGirlsR/??á´Ò³R mod"],"gold_per_floor":[115,218,218,232,157,185,185,185,185,218,253,279,279,321,321,432,432,456,10,109,109,134,178,178,178,178],"floor_reached":25,"playtime":1334,"items_purged":["DemoMod:MegaHand","DemoMod:GunstockTap"],"score":295,"play_id":"865b1315-8f30-4e1a-b2e3-99999cc4b546","local_time":"20210103200732","daily_mods":["Draft","Flight","DeadlyEvents","Elite Swarm"],"is_ascension_mode":false,"campfire_choices":[{"floor":7,"key":"REST"},{"data":"DemoMod:ShadowBullets","floor":8,"key":"SMITH"},{"floor":13,"key":"REST"},{"data":"DemoMod:BulletBore","floor":15,"key":"SMITH"},{"data":"DemoMod:Behold!","floor":24,"key":"SMITH"}],"circlet_count":0,"master_deck":["DemoMod:AWP","DemoMod:GunstockTap","DemoMod:TeaPot","DemoMod:GunstockTap","DemoMod:SniperShot","DemoMod:ShadowBullets+1","DemoMod:FortunesFavor","DemoMod:BattleInHaste","DemoMod:BattleInHaste","DemoMod:BattleInHaste","DemoMod:Unmoved","DemoMod:TripleGun","DemoMod:BattleInHaste","DemoMod:MachoBrace","DemoMod:BlankBullets","DemoMod:Behold!+1","DemoMod:BulletBore+1","DemoMod:FastSwitch","DemoMod:GunslingerForm","DemoMod:Behold!+1","DemoMod:HungryBullets","DemoMod:StickyCrossBow+1","DemoMod:HungryBullets","DemoMod:HungryBullets+1","DemoMod:ThirdPartyController"],"relics":["DemoMod:Dog","DemoMod:Antibody","MealTicket","CeramicFish","Toxic Egg 2","Empty Cage","DemoMod:CrisisStone","Iron Hammer"],"acts_visited":["Exordium","TheCity"],"potions_floor_usage":[6,10,14,16],"damage_taken":[{"damage":10,"enemies":"Jaw Worm","floor":1,"turns":3},{"damage":9,"enemies":"Small Slimes","floor":4,"turns":3},{"damage":18,"enemies":"3 Sentries","floor":6,"turns":3},{"damage":21,"enemies":"Lagavulin","floor":10,"turns":5},{"damage":11,"enemies":"3 Sentries","floor":11,"turns":5},{"damage":6,"enemies":"2 Louse","floor":12,"turns":2},{"damage":27,"enemies":"Lagavulin","floor":14,"turns":5},{"damage":7,"enemies":"Slime Boss","floor":16,"turns":6},{"damage":16,"enemies":"Spheric Guardian","floor":18,"turns":4},{"damage":10,"enemies":"Chosen","floor":22,"turns":5},{"damage":12,"enemies":"Book of Stabbing","floor":23,"turns":3},{"damage":62,"enemies":"Slavers","floor":25,"turns":4}],"seed_played":"-5136805916452378690","potions_obtained":[{"floor":1,"key":"Regen Potion"},{"floor":4,"key":"FearPotion"},{"floor":11,"key":"SteroidPotion"},{"floor":12,"key":"Ancient Potion"},{"floor":18,"key":"FearPotion"},{"floor":23,"key":"SpeedPotion"}],"is_trial":true,"path_per_floor":["M","?","?","M","$","E","R","R","T","E","E","M","R","E","R","B",null,"M","$","?","?","M","E","R","E"],"character_chosen":"HUNTRESS","items_purchased":["DemoMod:StickyCrossBow+1","DemoMod:HungryBullets","DemoMod:CrisisStone"],"campfire_rested":2,"item_purchase_floors":[19,19,19],"current_hp_per_floor":[60,43,43,34,34,25,46,46,46,25,14,8,50,23,23,16,70,54,69,69,69,59,47,47,0,0],"gold":178,"neow_bonus":"","is_daily":false,"chose_seed":false,"campfire_upgraded":3,"win_rate":0.0,"timestamp":1609672052,"path_taken":["M","?","?","?","?","E","R","R","T","E","E","?","R","?","R","BOSS","M","$","?","?","M","E","R","E"],"items_purchased_type":["Card","Card","Relic"],"build_version":"2020-12-22","purchased_purges":2,"victory":false,"max_hp_per_floor":[70,70,70,70,70,70,70,70,70,70,70,70,70,70,70,70,70,70,70,70,70,70,70,70,70,70],"card_choices":[{"not_picked":["DemoMod:DoubleSwitch","DemoMod:AC15"],"picked":"DemoMod:AWP","floor":0},{"not_picked":["DemoMod:TeaPot","DemoMod:ZorGun"],"picked":"DemoMod:GunstockTap","floor":0},{"not_picked":["DemoMod:TableSutra","DemoMod:SAA"],"picked":"DemoMod:MegaHand","floor":0},{"not_picked":["DemoMod:ConditionalReflex","DemoMod:AC15"],"picked":"DemoMod:TeaPot","floor":0},{"not_picked":["DemoMod:Polaris","DemoMod:Camera"],"picked":"DemoMod:GunstockTap","floor":0},{"not_picked":["DemoMod:TripleGun","DemoMod:HuntsMan"],"picked":"DemoMod:SniperShot","floor":0},{"not_picked":["DemoMod:TeaPot","DemoMod:Unity"],"picked":"DemoMod:ShadowBullets","floor":0},{"not_picked":["DemoMod:ZorGun","DemoMod:Ejector"],"picked":"DemoMod:FortunesFavor","floor":0},{"not_picked":["DemoMod:SniperShot","DemoMod:JK47"],"picked":"DemoMod:BattleInHaste","floor":0},{"not_picked":["DemoMod:ConditionalReflex","DemoMod:BoxingGlove"],"picked":"DemoMod:GunstockTap","floor":0},{"not_picked":["DemoMod:Polaris","DemoMod:SAA"],"picked":"DemoMod:BattleInHaste","floor":0},{"not_picked":["DemoMod:DoubleSwitch","DemoMod:SAA"],"picked":"DemoMod:MegaHand","floor":0},{"not_picked":["DemoMod:CursedBullets","DemoMod:FastSwitch"],"picked":"DemoMod:BattleInHaste","floor":0},{"not_picked":["DemoMod:Purify","DemoMod:HighKaliber"],"picked":"DemoMod:MegaHand","floor":0},{"not_picked":["DemoMod:JK47","DemoMod:DoubleSwitch"],"picked":"DemoMod:Unmoved","floor":0},{"not_picked":["DemoMod:ChanceBullets","DemoMod:ZorGun"],"picked":"DemoMod:TripleGun","floor":1},{"not_picked":["DemoMod:TripleGun","DemoMod:DoubleSwitch"],"picked":"DemoMod:BattleInHaste","floor":2},{"not_picked":["DemoMod:Ejector","DemoMod:BoxingGlove"],"picked":"DemoMod:MachoBrace","floor":4},{"not_picked":["DemoMod:ThirdPartyController","DemoMod:Desperate"],"picked":"DemoMod:BlankBullets","floor":6},{"not_picked":["DemoMod:FinishedGun","DemoMod:DoubleVision"],"picked":"DemoMod:Behold!","floor":10},{"not_picked":["DemoMod:FightSabre","DemoMod:BlackHoleGun"],"picked":"DemoMod:BulletBore","floor":11},{"not_picked":["DemoMod:BoxingGlove","DemoMod:JK47"],"picked":"DemoMod:FastSwitch","floor":12},{"not_picked":["DemoMod:BulletBore","DemoMod:BalloonGun"],"picked":"DemoMod:GunslingerForm","floor":14},{"not_picked":["DemoMod:FinishedGun","DemoMod:BlackHoleGun"],"picked":"DemoMod:Behold!+1","floor":16},{"not_picked":["DemoMod:Purify+1","DemoMod:FortunesFavor+1"],"picked":"DemoMod:HungryBullets","floor":18},{"not_picked":["DemoMod:DoubleSwitch+1","DemoMod:StickyCrossBow"],"picked":"DemoMod:HungryBullets+1","floor":22},{"not_picked":["DemoMod:BalloonGun","DemoMod:FinishedGun"],"picked":"DemoMod:ThirdPartyController","floor":23}],"player_experience":766824,"relics_obtained":[{"floor":9,"key":"DemoMod:Antibody"},{"floor":10,"key":"MealTicket"},{"floor":11,"key":"CeramicFish"},{"floor":14,"key":"Toxic Egg 2"},{"floor":23,"key":"Iron Hammer"}],"event_choices":[{"damage_healed":0,"gold_gain":0,"player_choice":"Bought 0 Potions","damage_taken":0,"max_hp_gain":0,"max_hp_loss":0,"event_name":"The Woman in Blue","floor":3,"gold_loss":0},{"damage_healed":0,"gold_gain":99,"player_choice":"Stole From Cult","damage_taken":0,"max_hp_gain":0,"max_hp_loss":0,"event_name":"Nest","floor":20,"gold_loss":0},{"damage_healed":0,"gold_gain":0,"player_choice":"0 cards matched","damage_taken":0,"max_hp_gain":0,"max_hp_loss":0,"event_name":"Match and Keep!","floor":21,"gold_loss":0,"cards_obtained":[]}],"is_beta":false,"boss_relics":[{"not_picked":["Snecko Heart","Replay:Bronze Core"],"picked":"Empty Cage"}],"items_purged_floors":[5,19],"is_endless":false,"potions_floor_spawned":[1,4,11,12,18,23],"killed_by":"Slavers","ascension_level":0}}