{"host":"mbpcepu6ztteuwhq","time":1609687337,"event":{"mods":["AchievementEnabler","BaseMod","Colored Map","Custom Start","DeckTracker","Minty Spire (QoL Compilation)","Rare Cards Sparkle","StSLib","everything is the same but u backflip on backflip"],"gold_per_floor":[367,17,17,42,62,62,62,98,146,146,71,81,115,15,15,103,103,148,168,186,186,101,128,128,141,141,141,186,186,252,281,281,366,393,423,423],"floor_reached":35,"playtime":1136,"items_purged":["Shame","Strike_P"],"score":960,"play_id":"5f4c4c49-ec27-413f-9d5d-17ba5d1e399c","local_time":"20210104002217","is_ascension_mode":true,"campfire_choices":[{"data":"Eruption","floor":6.0,"key":"SMITH"},{"data":"Vault","floor":10.0,"key":"SMITH"},{"data":"Wish","floor":15.0,"key":"SMITH"},{"data":"Omniscience","floor":27.0,"key":"SMITH"},{"floor":29.0,"key":"REST"},{"floor":32.0,"key":"REST"}],"circlet_count":0,"master_deck":["AscendersBane","Defend_P","Defend_P","Eruption+1","Vigilance","Adaptation","FollowUp+1","BowlingBash+1","EmptyFist+1","Vault+1","Wish+1","Omniscience+1","Halt","LessonLearned","Adaptation","Vault","WheelKick+1","Scrawl+1","Swivel+1"],"relics":["PureWater","CeramicFish","Sling","Pen Nib","Turnip","Akabeko","Toy Ornithopter","Empty Cage","Bag of Marbles","MealTicket","Sundial","Question Card","Astrolabe"],"acts_visited":["Exordium","TheCity","TheBeyond"],"potions_floor_usage":[],"damage_taken":[{"damage":0.0,"enemies":"Cultist","floor":1.0,"turns":3.0},{"damage":1.0,"enemies":"2 Louse","floor":4.0,"turns":2.0},{"damage":7.0,"enemies":"Jaw Worm","floor":5.0,"turns":3.0},{"damage":2.0,"enemies":"3 Sentries","floor":8.0,"turns":3.0},{"damage":0.0,"enemies":"Exordium Wildlife","floor":12.0,"turns":3.0},{"damage":0.0,"enemies":"Gremlin Nob","floor":13.0,"turns":2.0},{"damage":0.0,"enemies":"Slime Boss","floor":16.0,"turns":7.0},{"damage":7.0,"enemies":"3 Byrds","floor":18.0,"turns":3.0},{"damage":22.0,"enemies":"Shell Parasite","floor":19.0,"turns":4.0},{"damage":24.0,"enemies":"Slavers","floor":23.0,"turns":5.0},{"damage":0.0,"enemies":"Shelled Parasite and Fungi","floor":24.0,"turns":1.0},{"damage":2.0,"enemies":"3 Cultists","floor":25.0,"turns":4.0},{"damage":1.0,"enemies":"Cultist and Chosen","floor":28.0,"turns":5.0},{"damage":20.0,"enemies":"Gremlin Leader","floor":30.0,"turns":5.0},{"damage":19.0,"enemies":"Snecko","floor":31.0,"turns":7.0},{"damage":25.0,"enemies":"Automaton","floor":33.0,"turns":9.0},{"damage":39,"enemies":"3 Darklings","floor":35,"turns":5}],"seed_played":"6102617287318259314","potions_obtained":[{"floor":1.0,"key":"EssenceOfSteel"},{"floor":5.0,"key":"DistilledChaos"},{"floor":12.0,"key":"Regen Potion"},{"floor":16.0,"key":"PowerPotion"},{"floor":23.0,"key":"SmokeBomb"},{"floor":28.0,"key":"DistilledChaos"},{"floor":30.0,"key":"SpeedPotion"}],"is_trial":false,"path_per_floor":["M","$","?","M","M","R","?","E","T","R","$","M","E","$","R","B",null,"M","M","?","?","?","E","M","M","T","R","M","R","E","M","R","B",null,"M"],"character_chosen":"WATCHER","items_purchased":["CeramicFish","Sling","FollowUp"],"campfire_rested":2,"item_purchase_floors":[2,2,2],"current_hp_per_floor":[61,61,56,55,48,48,28,26,26,26,26,26,31,31,31,31,59,57,35,35,35,35,16,21,19,19,19,18,38,23,9,29,4,52,13,13],"gold":423,"neow_bonus":"TWO_FIFTY_GOLD","is_daily":false,"chose_seed":false,"campfire_upgraded":4,"win_rate":0.0,"timestamp":1609687337,"path_taken":["M","$","?","M","M","R","?","E","T","R","?","M","E","$","R","BOSS","M","M","?","?","?","E","M","?","T","R","M","R","E","M","R","BOSS","M"],"items_purchased_type":["Relic","Relic","Card"],"build_version":"2020-12-22","purchased_purges":2,"victory":false,"max_hp_per_floor":[68,68,68,68,68,68,68,68,68,68,68,68,68,68,68,68,68,68,68,68,68,68,68,68,68,68,68,68,68,68,68,68,68,68,68,68],"card_choices":[{"not_picked":["EmptyFist","BowlingBash"],"picked":"Adaptation","floor":1.0},{"not_picked":["Protect","WreathOfFlame","BowlingBash"],"picked":"SKIP","floor":4.0},{"not_picked":["Protect","WreathOfFlame"],"picked":"BowlingBash","floor":4.0},{"not_picked":["Fasting2","Crescendo"],"picked":"EmptyFist","floor":5.0},{"not_picked":["FlyingSleeves","InnerPeace"],"picked":"Vault","floor":8.0},{"not_picked":["ThirdEye","LikeWater","BowlingBash"],"picked":"SKIP","floor":12.0},{"not_picked":["FlyingSleeves","SandsOfTime"],"picked":"Wish","floor":13.0},{"not_picked":["Blasphemy","MasterReality"],"picked":"Omniscience","floor":16.0},{"not_picked":["BowlingBash","PathToVictory","Tantrum"],"picked":"SKIP","floor":18.0},{"not_picked":["ThirdEye","EmptyFist"],"picked":"Halt","floor":19.0},{"not_picked":["FollowUp+1","DeceiveReality","Evaluate"],"picked":"SKIP","floor":23.0},{"not_picked":["FollowUp","Meditate+1","CutThroughFate"],"picked":"SKIP","floor":25.0},{"not_picked":["Wallop","Halt+1","Protect"],"picked":"SKIP","floor":28.0},{"not_picked":["JustLucky","CrushJoints"],"picked":"LessonLearned","floor":30.0},{"not_picked":["CutThroughFate","EmptyMind","Crescendo"],"picked":"Adaptation","floor":31.0},{"not_picked":["SpiritShield","Omniscience","Establishment"],"picked":"Vault","floor":33.0}],"player_experience":7614,"relics_obtained":[{"floor":8.0,"key":"Turnip"},{"floor":9.0,"key":"Akabeko"},{"floor":13.0,"key":"Toy Ornithopter"},{"floor":23.0,"key":"MealTicket"},{"floor":26.0,"key":"Sundial"},{"floor":30.0,"key":"Question Card"}],"event_choices":[{"damage_healed":0.0,"max_hp_gain":0.0,"max_hp_loss":0.0,"gold_gain":0.0,"event_name":"Scrap Ooze","player_choice":"Success","floor":3.0,"gold_loss":0.0,"damage_taken":5.0,"relics_obtained":["Pen Nib"]},{"damage_healed":0.0,"max_hp_gain":0.0,"max_hp_loss":0.0,"gold_gain":0.0,"event_name":"Shining Light","player_choice":"Entered Light","floor":7.0,"gold_loss":0.0,"damage_taken":20.0,"cards_upgraded":["EmptyFist","BowlingBash"]},{"damage_healed":0.0,"max_hp_gain":0.0,"max_hp_loss":0.0,"gold_gain":0.0,"cards_transformed":["Strike_P","Defend_P"],"event_name":"Drug Dealer","player_choice":"Became Test Subject","floor":20.0,"gold_loss":0.0,"damage_taken":0.0,"cards_obtained":["Nirvana","Fasting2"]},{"damage_healed":0.0,"max_hp_gain":0.0,"max_hp_loss":0.0,"gold_gain":0.0,"event_name":"Ghosts","player_choice":"Ignored","floor":21.0,"gold_loss":0.0,"damage_taken":0.0},{"damage_healed":0.0,"max_hp_gain":0.0,"max_hp_loss":0.0,"gold_gain":0.0,"event_name":"Addict","player_choice":"Obtained Relic","floor":22.0,"gold_loss":85.0,"damage_taken":0.0,"relics_obtained":["Bag of Marbles"]}],"is_beta":false,"boss_relics":[{"not_picked":["Philosopher\u0027s Stone","Fusion Hammer"],"picked":"Empty Cage"},{"not_picked":["Black Star","Cursed Key"],"picked":"Astrolabe"}],"items_purged_floors":[11,14],"is_endless":false,"potions_floor_spawned":[1,5,12,16,23,24,28,30],"killed_by":"3 Darklings","ascension_level":20}}