{"host":"0azimyi6n3ugndj4","time":1609699762,"event":{"mods":["2.2 Compatiblity","BaseMod","Bestiary","Conspire","Curses Come First","Defuse TimeMaze Blight","Downfall","Hermit","Hyrulean Relics","Infinite Spire","Minty Spire (QoL Compilation)","Relic Filter","Relic Stats","Replay The Spire","StSLib","SuperFastMode","The Cursed","Uncapped","¡¼?Úª?ø«¡½REMEMod"],"gold_per_floor":[141,141,195,195,38,143,203,290,290,440,467,385,478,228,228,433,433,286,286,54,54,87,82,82,164,235,235,235,235,235,289,289,19,19],"floor_reached":33,"playtime":852,"items_purged":["octo:OctoBerserk"],"score":1048,"play_id":"bce65e2a-cd97-4331-8e40-d9f986df8776","local_time":"20210104034922","daily_mods":["SealedDeck","Hoarder","Insanity","Chimera","Specialized","Vintage","ControlledChaos","Allstar","Diverse","Colorless Cards","Heirloom","Time Dilation","Flight","downfall:Jewelcrafting","downfall:Improvised","downfall:Lament","Elite Swarm","Lethality","Midas","downfall:WorldOfGoo","downfall:Enraging","Binary"],"is_ascension_mode":true,"campfire_choices":[{"floor":15.0,"key":"REST"},{"floor":24.0,"key":"REST"},{"floor":32.0,"key":"REST"}],"circlet_count":0,"master_deck":["Demon Form","Wraith Form v2","Echo Form","DevaForm","Guardian:ConstructionForm","hexamod:ParanormalForm","Slimebound:DuplicatedForm","sneckomod:SerpentMind","AscendersBane","Bash","Survivor","Zap","Strike_R","Strike_G","Strike_B","Defend_R","Defend_G","Defend_P","champ:Aggression","Guardian:PiercingHide","Turbo","champ:FaceSlap","Second Wind","Guardian:Reroute","Anger","hermit:BigShot","REME_FearOfPain","TheCursedMod:CursedAmulet","hermit:SprayPray","sneckomod:DiceCrush","hermit:EyeOfTheStorm","Worship","sneckomod:SoulRoll","Conserve Battery","TheCursedMod:CursedShiv","hexamod:NightmareStrike","hexamod:RainOfEmbers","Weave+1","Thunderclap","champ:FocusedBerserking","Slimebound:GrowthPunch","TheCursedMod:CircleOfCorruption","Guardian:PiercingHide","Dark Embrace","Forethought","champ:ShieldWall","Reinforced Body","champ:Haymaker","Heavy Blade","TheCursedMod:CursedMace","Slimebound:DivideAndConquer","Compile Driver","Turbo","REME_MusicOfDeath","Blur","Streamline","Dagger Throw","Blizzard","champ:Shatter","Dual Wield","SandsOfTime","hexamod:RadiantFlame","hexamod:SecondSeal","hermit:TrackingShot","Guardian:WalkerClaw","TheCursedMod:SpreadPlague","champ:EndlessRage","hermit:Ricochet+1","Guardian:ExploitGems","Guardian:ExploitGems","sneckomod:UnknownCommonAttack","sneckomod:UnknownCommonAttack","sneckomod:UnknownCommonAttack","sneckomod:UnknownCommonSkill","sneckomod:UnknownCommonSkill","sneckomod:UnknownCommonSkill","sneckomod:UnknownUncommonAttack","sneckomod:UnknownUncommonSkill","sneckomod:UnknownUncommonPower","sneckomod:Unknown","Unload","Unload","Unload","Unload","Unload","Unload","Unload","Unload","Unload","Unload","Unload","Unload","Unload","Unload","Unload","Slimebound:SplitLeeching","Slimebound:SplitLeeching","Slimebound:SplitLeeching","hermit:Feint","hermit:Feint","hermit:Feint","Well Laid Plans","Well Laid Plans","Well Laid Plans","Replay:Battleflow","Replay:Battleflow","Replay:Battleflow","champ:DefensiveShout","champ:DefensiveShout","champ:DefensiveShout","Replay:AtTheReady","Replay:AtTheReady","Replay:AtTheReady","TheCursedMod:FuryStrike","TheCursedMod:FuryStrike","TheCursedMod:FuryStrike","Slimebound:SplitLeeching","Slimebound:SplitLeeching","Slimebound:SplitLeeching","hexamod:FastForward","hexamod:FastForward","hexamod:FastForward","TheCursedMod:CursedBlade","TheCursedMod:CursedBlade","TheCursedMod:CursedBlade","TheCursedMod:StingEye","TheCursedMod:StingEye","TheCursedMod:StingEye","All For One","All For One","All For One","Doubt","Doubt","Doubt","Havoc","Havoc","Havoc","champ:HoldFirm","champ:HoldFirm","champ:HoldFirm","Violence","Violence","Violence","Slimebound:CheckThePlaybook","Slimebound:CheckThePlaybook","Slimebound:CheckThePlaybook","Slimebound:Icky","Slimebound:Icky","Slimebound:Icky","champ:SteelEdge","champ:SteelEdge","champ:SteelEdge","Glass Knife","Glass Knife","Glass Knife","Voices","Voices","Voices","Shame","Shame","Shame","Finesse","Finesse","Finesse","TheCursedMod:VoidForm+1","TheCursedMod:VoidForm+1","TheCursedMod:VoidForm+1"],"relics":["hermit:Momento","Frozen Eye","Busted Crown","REME_ComplimentaryCards","Guardian:PickAxe","NeowsBlessing","Mango","zeldaRelics:Navi","infinitespire:CursedDice","Vajra","REME_OnlineShoppingPlatform","zeldaRelics:CourageTriforce","Question Card","zeldaRelics:WisdomTriforce","TungstenRod","ReplayTheSpireMod:TigerMarble","zeldaRelics:HylianShield","Potion Belt","infinitespire:PuzzleCube","Peace Pipe","zeldaRelics:PowerTriforce","Ring of Panic","ReplayTheSpireMod:Ring of Collecting","Frozen Egg 2","zeldaRelics:PowerPiece","conspire:TopHat"],"acts_visited":["Exordium","TheCity"],"potions_floor_usage":[33,33,33,33,33,33,33,33,33,33,33,33,33,33,33],"damage_taken":[{"damage":21.0,"enemies":"2 Louse","floor":1.0,"turns":2.0},{"damage":0.0,"enemies":"Jaw Worm","floor":3.0,"turns":1.0},{"damage":0.0,"enemies":"Gremlin Nob","floor":6.0,"turns":1.0},{"damage":0.0,"enemies":"Small Slimes","floor":7.0,"turns":2.0},{"damage":25.0,"enemies":"Lagavulin","floor":8.0,"turns":4.0},{"damage":0.0,"enemies":"conspire:MimicChest","floor":12.0,"turns":3.0},{"damage":0.0,"enemies":"Gremlin Nob","floor":13.0,"turns":1.0},{"damage":0.0,"enemies":"Gremlin Gang","floor":14.0,"turns":2.0},{"damage":37.0,"enemies":"The Guardian","floor":16.0,"turns":10.0},{"damage":60.0,"enemies":"3 Byrds","floor":18.0,"turns":6.0},{"damage":0.0,"enemies":"Spheric Guardian","floor":22.0,"turns":2.0},{"damage":19.0,"enemies":"Slavers","floor":23.0,"turns":3.0},{"damage":43.0,"enemies":"Gremlin Leader","floor":25.0,"turns":5.0},{"damage":12.0,"enemies":"Cultist and Chosen","floor":31.0,"turns":4.0},{"damage":33,"enemies":"Pondfish","floor":33,"turns":4}],"seed_played":"8170432319392975878","potions_obtained":[{"floor":1.0,"key":"PowerPotion"},{"floor":22.0,"key":"EssenceOfSteel"}],"is_trial":true,"path_per_floor":["M","?","M","?","$","E","M","E","T","?","T","?","E","M","R","B",null,"M","?","$","?","M","E","R","E","T","?","?","T","?","M","R","B"],"character_chosen":"HERMIT","items_purchased":["REME_OnlineShoppingPlatform","infinitespire:PuzzleCube"],"campfire_rested":3,"item_purchase_floors":[5,20],"current_hp_per_floor":[72,54,54,28,28,28,28,3,3,3,3,3,3,3,28,15,68,16,16,16,11,11,30,55,17,17,17,17,17,17,5,30,0,0],"gold":19,"neow_bonus":"","is_daily":false,"chose_seed":false,"campfire_upgraded":0,"win_rate":0.0,"timestamp":1609699762,"path_taken":["M","?","M","?","?","E","?","E","T","?","?","?","E","?","R","BOSS","M","?","$","?","?","E","R","E","T","?","?","?","?","?","R","BOSS"],"items_purchased_type":["Relic","Relic"],"build_version":"2020-12-22","purchased_purges":1,"victory":false,"max_hp_per_floor":[85,85,85,85,85,85,85,85,85,85,85,85,85,85,85,85,85,85,85,85,85,85,85,85,85,85,85,85,85,85,85,85,85,85],"relic_stats":{"Peace Pipe":0,"Busted Crown":18,"counters":[15,50],"Question Card":8,"obtain_stats":[{"Vajra":3,"Mango":0,"zeldaRelics:WisdomTriforce":23,"conspire:TopHat":31,"Guardian:PickAxe":0,"Frozen Eye":0,"zeldaRelics:Navi":1,"zeldaRelics:CouragePiece":6,"Ring of Panic":27,"REME_OnlineShoppingPlatform":5,"zeldaRelics:PowerPiece":25,"Potion Belt":18,"zeldaRelics:WisdomPiece":11,"NeowsBlessing":0,"infinitespire:CursedDice":2,"zeldaRelics:PowerTriforce":29,"Frozen Egg 2":28,"Question Card":7,"zeldaRelics:CourageTriforce":9,"Peace Pipe":22,"Busted Crown":0,"ReplayTheSpireMod:Ring of Collecting":27,"ReplayTheSpireMod:TigerMarble":14,"hermit:Momento":0,"TungstenRod":12,"infinitespire:PuzzleCube":20,"REME_ComplimentaryCards":0,"zeldaRelics:HylianShield":17},{"Vajra":2,"Mango":0,"zeldaRelics:WisdomTriforce":12,"conspire:TopHat":14,"Guardian:PickAxe":0,"Frozen Eye":0,"zeldaRelics:Navi":1,"zeldaRelics:CouragePiece":3,"Ring of Panic":13,"REME_OnlineShoppingPlatform":2,"zeldaRelics:PowerPiece":13,"Potion Belt":10,"zeldaRelics:WisdomPiece":5,"NeowsBlessing":0,"infinitespire:CursedDice":1,"zeldaRelics:PowerTriforce":13,"Frozen Egg 2":13,"Question Card":4,"zeldaRelics:CourageTriforce":5,"Peace Pipe":11,"Busted Crown":0,"ReplayTheSpireMod:Ring of Collecting":13,"ReplayTheSpireMod:TigerMarble":8,"hermit:Momento":0,"TungstenRod":6,"infinitespire:PuzzleCube":10,"REME_ComplimentaryCards":0,"zeldaRelics:HylianShield":9},{"Vajra":3,"Mango":0,"zeldaRelics:WisdomTriforce":37,"conspire:TopHat":46,"Guardian:PickAxe":0,"Frozen Eye":0,"zeldaRelics:Navi":2,"zeldaRelics:CouragePiece":4,"Ring of Panic":42,"REME_OnlineShoppingPlatform":3,"zeldaRelics:PowerPiece":42,"Potion Belt":32,"zeldaRelics:WisdomPiece":10,"NeowsBlessing":0,"infinitespire:CursedDice":2,"zeldaRelics:PowerTriforce":42,"Frozen Egg 2":42,"Question Card":6,"zeldaRelics:CourageTriforce":10,"Peace Pipe":34,"Busted Crown":0,"ReplayTheSpireMod:Ring of Collecting":42,"ReplayTheSpireMod:TigerMarble":16,"hermit:Momento":0,"TungstenRod":13,"infinitespire:PuzzleCube":32,"REME_ComplimentaryCards":0,"zeldaRelics:HylianShield":26}],"TungstenRod":45},"card_choices":[{"not_picked":[],"picked":"All For One","floor":8.0},{"not_picked":[],"picked":"Havoc","floor":12.0},{"not_picked":[],"picked":"champ:HoldFirm","floor":13.0},{"not_picked":[],"picked":"Violence","floor":16.0},{"not_picked":[],"picked":"champ:SteelEdge","floor":23.0},{"not_picked":[],"picked":"Glass Knife","floor":25.0}],"player_experience":1521958,"relics_obtained":[{"floor":1.0,"key":"zeldaRelics:Navi"},{"floor":3.0,"key":"Vajra"},{"floor":6.0,"key":"zeldaRelics:CouragePiece"},{"floor":7.0,"key":"Question Card"},{"floor":8.0,"key":"zeldaRelics:CouragePiece"},{"floor":9.0,"key":"zeldaRelics:CouragePiece"},{"floor":11.0,"key":"zeldaRelics:WisdomPiece"},{"floor":12.0,"key":"TungstenRod"},{"floor":13.0,"key":"zeldaRelics:WisdomPiece"},{"floor":14.0,"key":"ReplayTheSpireMod:TigerMarble"},{"floor":18.0,"key":"Potion Belt"},{"floor":22.0,"key":"Peace Pipe"},{"floor":23.0,"key":"zeldaRelics:WisdomPiece"},{"floor":25.0,"key":"zeldaRelics:PowerPiece"},{"floor":26.0,"key":"zeldaRelics:PowerPiece"},{"floor":27.0,"key":"Ring of Panic"},{"floor":27.0,"key":"ReplayTheSpireMod:Ring of Collecting"},{"floor":29.0,"key":"zeldaRelics:PowerPiece"},{"floor":29.0,"key":"zeldaRelics:PowerPiece"},{"floor":31.0,"key":"conspire:TopHat"}],"event_choices":[{"damage_healed":0.0,"max_hp_gain":0.0,"max_hp_loss":0.0,"gold_gain":0.0,"event_name":"Scrap Ooze","player_choice":"Success","floor":2.0,"gold_loss":0.0,"damage_taken":18.0,"relics_obtained":["infinitespire:CursedDice"]},{"damage_healed":0.0,"max_hp_gain":0.0,"max_hp_loss":0.0,"gold_gain":0.0,"event_name":"Shining Light","player_choice":"Entered Light","floor":4.0,"gold_loss":0.0,"damage_taken":26.0,"cards_upgraded":["Weave","hermit:Ricochet"]},{"damage_healed":0.0,"max_hp_gain":0.0,"max_hp_loss":0.0,"gold_gain":150.0,"event_name":"Liars Game","player_choice":"AGREE","floor":10.0,"gold_loss":0.0,"damage_taken":0.0,"cards_obtained":["Doubt"]},{"damage_healed":0.0,"max_hp_gain":0.0,"max_hp_loss":0.0,"gold_gain":0.0,"event_name":"Knowing Skull","player_choice":"","floor":21.0,"potions_obtained":[],"gold_loss":0.0,"damage_taken":6.0,"cards_obtained":[]},{"damage_healed":0.0,"max_hp_gain":0.0,"max_hp_loss":0.0,"gold_gain":0.0,"cards_transformed":["octo:OctoBerserk"],"event_name":"Transmorgrifier","player_choice":"Transformed","floor":30.0,"gold_loss":0.0,"damage_taken":0.0,"cards_obtained":["Finesse"]},{"damage_healed":0.0,"max_hp_gain":0.0,"max_hp_loss":0.0,"gold_gain":0.0,"cards_transformed":["Eruption"],"event_name":"Transmorgrifier","player_choice":"Transformed","floor":30.0,"gold_loss":0.0,"damage_taken":0.0,"cards_obtained":["TheCursedMod:VoidForm"]}],"is_beta":false,"boss_relics":[{"not_picked":["Astrolabe","sneckomod:SneckoTalon"],"picked":"zeldaRelics:HylianShield"}],"items_purged_floors":[20],"is_endless":false,"potions_floor_spawned":[1,6,7,13,14,22,23,25],"killed_by":"Pondfish","ascension_level":20}}