{"host":"6dypmz777xraikqf","time":1609682359,"event":{"mods":["AchievementEnabler","BaseMod","BetterRewards","Colored Map","Colored Powertips","Downfall","Highlight Path","Hubris","Infinite Spire","Minty Spire (QoL Compilation)","Replay The Spire","StSLib"],"gold_per_floor":[113,288,288,45,57,82,82,82,133,162,162,190,210,230,230,230,230],"floor_reached":16,"playtime":958,"items_purged":["Defend_R","Doubt"],"score":205,"play_id":"1836168b-fd51-466f-a985-1e674df57ca3","local_time":"20210103135919","is_ascension_mode":true,"campfire_choices":[{"floor":11,"key":"REST"},{"floor":15,"key":"REST"}],"circlet_count":0,"master_deck":["Strike_R","Strike_R","Strike_R","Strike_R","Strike_R","Defend_R","Defend_R","Defend_R+1","Bash","expansioncontent:DefensiveStance","ReplayTheSpireMod:Stacked+1","Entrench+1","Metallicize","Double Tap","Shrug It Off","ReplayReversal"],"relics":["Burning Blood","Torii","Mango","hubris:TinFlute","Replay:Wax Seal","Odd Mushroom","Vajra"],"acts_visited":["Exordium"],"potions_floor_usage":[13,16],"damage_taken":[{"damage":1,"enemies":"Small Slimes","floor":1,"turns":4},{"damage":1,"enemies":"2 Louse","floor":5,"turns":5},{"damage":28,"enemies":"3 Sentries","floor":6,"turns":15},{"damage":11,"enemies":"The Mushroom Lair","floor":10,"turns":8},{"damage":39,"enemies":"Lagavulin","floor":12,"turns":15},{"damage":14,"enemies":"infinitespire:Voidling","floor":13,"turns":7},{"damage":7,"enemies":"3 Louse","floor":14,"turns":5},{"damage":54,"enemies":"Slime Boss","floor":16,"turns":12}],"seed_played":"5845536519977900266","potions_obtained":[{"floor":6,"key":"sneckomod:MuddlingPotion"},{"floor":10,"key":"Milkshake"},{"floor":12,"key":"ElixirPotion"},{"floor":14,"key":"Languid Potion"}],"is_trial":false,"path_per_floor":["M","?","?","$","M","E","?","T","T","?","R","E","M","M","R","B"],"character_chosen":"IRONCLAD","items_purchased":["expansioncontent:DefensiveStance","Entrench","Metallicize"],"campfire_rested":2,"item_purchase_floors":[0,4,4],"current_hp_per_floor":[50,50,50,50,55,47,28,28,28,23,51,18,24,23,51,0,0],"gold":230,"neow_bonus":"","is_daily":false,"chose_seed":false,"campfire_upgraded":0,"win_rate":0.0,"timestamp":1609682359,"path_taken":["M","?","?","$","M","E","?","?","T","?","R","E","M","M","R","BOSS"],"items_purchased_type":["Card","Card","Card"],"build_version":"2020-12-22","purchased_purges":2,"victory":false,"max_hp_per_floor":[80,80,80,80,80,94,94,94,94,94,94,94,94,94,94,94,94],"card_choices":[{"not_picked":["Wild Strike","Clothesline"],"picked":"ReplayTheSpireMod:Stacked","floor":1},{"not_picked":["Wild Strike","Searing Blow","ReplayTheSpireMod:Muscle Training"],"picked":"SKIP","floor":5},{"not_picked":["Warcry","Searing Blow"],"picked":"Double Tap","floor":6},{"not_picked":["Cleave","Corruption"],"picked":"Shrug It Off","floor":12},{"not_picked":["Clash","Reckless Charge","Replay:Undeath\u0027s Touch"],"picked":"SKIP","floor":13},{"not_picked":["Thunderclap","ReplayTheSpireMod:LeadingStrike"],"picked":"ReplayReversal","floor":14}],"player_experience":89241,"relics_obtained":[{"floor":6,"key":"Mango"},{"floor":8,"key":"hubris:TinFlute"},{"floor":9,"key":"Replay:Wax Seal"},{"floor":10,"key":"Odd Mushroom"},{"floor":12,"key":"Vajra"}],"event_choices":[{"damage_healed":0,"gold_gain":175,"player_choice":"AGREE","damage_taken":0,"max_hp_gain":0,"max_hp_loss":0,"event_name":"Liars Game","floor":2,"gold_loss":0,"cards_obtained":["Doubt"]},{"damage_healed":0,"gold_gain":0,"player_choice":"Entered Light","damage_taken":19,"max_hp_gain":0,"max_hp_loss":0,"event_name":"Shining Light","floor":7,"gold_loss":0,"cards_upgraded":["Defend_R","Entrench"]},{"damage_healed":0,"gold_gain":0,"player_choice":"Fought Mushrooms","damage_taken":0,"max_hp_gain":0,"max_hp_loss":0,"event_name":"Mushrooms","floor":10,"gold_loss":0}],"is_beta":false,"boss_relics":[],"items_purged_floors":[0,4],"is_endless":false,"potions_floor_spawned":[6,10,12,14],"killed_by":"Slime Boss","ascension_level":6}}