{"host":"hfxp6ue4pvwo3fit","time":1609661136,"event":{"mods":["AchievementEnabler","BaseMod","Colored Map","Colored Powertips","Highlight Path","Minty Spire (QoL Compilation)","Relic Stats","StSLib","SuperFastMode"],"gold_per_floor":[167,167,181,181,193,193,220,220,220,232,38,57,72,92,92,92,92],"floor_reached":16,"playtime":490,"items_purged":["Meteor Strike"],"score":208,"play_id":"5e4370b7-c18e-431b-8578-10a6c4c1362d","local_time":"20210103020536","is_ascension_mode":true,"campfire_choices":[{"data":"Zap","floor":6,"key":"SMITH"},{"data":"1","floor":8,"key":"LIFT"},{"floor":15,"key":"REST"}],"circlet_count":0,"master_deck":["AscendersBane","Strike_B","Strike_B+1","Strike_B","Defend_B","Defend_B","Defend_B","Defend_B","Zap+1","Dualcast","Ball Lightning","Sweeping Beam","Gash","Gash","Genetic Algorithm","FTL","Chill","Compile Driver","Creative AI","Conserve Battery"],"relics":["Tiny House","Girya","Letter Opener"],"acts_visited":["Exordium"],"potions_floor_usage":[7,14,16,16],"damage_taken":[{"damage":14,"enemies":"Jaw Worm","floor":1,"turns":4},{"damage":0,"enemies":"Cultist","floor":3,"turns":2},{"damage":7,"enemies":"Small Slimes","floor":5,"turns":3},{"damage":27,"enemies":"Gremlin Nob","floor":7,"turns":4},{"damage":20,"enemies":"Gremlin Gang","floor":10,"turns":4},{"damage":0,"enemies":"3 Louse","floor":12,"turns":2},{"damage":4,"enemies":"Large Slime","floor":13,"turns":4},{"damage":1,"enemies":"Blue Slaver","floor":14,"turns":2},{"damage":25,"enemies":"The Guardian","floor":16,"turns":9}],"seed_played":"-6972384043279328150","potions_obtained":[{"floor":0,"key":"DuplicationPotion"},{"floor":3,"key":"Block Potion"},{"floor":7,"key":"SteroidPotion"},{"floor":14,"key":"SkillPotion"}],"is_trial":false,"path_per_floor":["M","?","M","?","M","R","E","R","T","M","$","M","M","M","R","B"],"character_chosen":"DEFECT","items_purchased":["FTL","Chill"],"campfire_rested":1,"item_purchase_floors":[11,11],"current_hp_per_floor":[55,60,60,60,53,53,26,26,26,6,6,6,2,1,25,0,0],"gold":92,"neow_bonus":"BOSS_RELIC","is_daily":false,"chose_seed":false,"campfire_upgraded":1,"win_rate":0.0,"timestamp":1609661136,"path_taken":["M","?","M","?","M","R","E","R","T","M","$","M","?","M","R","BOSS"],"items_purchased_type":["Card","Card"],"build_version":"2020-12-22","purchased_purges":1,"victory":false,"max_hp_per_floor":[76,81,81,81,81,81,81,81,81,81,81,81,81,81,81,81,81],"relic_stats":{"counters":[9,34],"Letter Opener":[30],"obtain_stats":[{"Girya":7,"Tiny House":0,"Letter Opener":9,"Cracked Core":0},{"Girya":4,"Tiny House":0,"Letter Opener":4,"Cracked Core":0},{"Girya":13,"Tiny House":0,"Letter Opener":13,"Cracked Core":0}]},"card_choices":[{"not_picked":["Beam Cell","Darkness"],"picked":"Ball Lightning","floor":0},{"not_picked":["Scrape","Fusion"],"picked":"Sweeping Beam","floor":1},{"not_picked":["Turbo","Lockon"],"picked":"Gash","floor":3},{"not_picked":["Compile Driver","Consume"],"picked":"Gash","floor":5},{"not_picked":["Stack","Lockon"],"picked":"Genetic Algorithm","floor":7},{"not_picked":["Sweeping Beam","Skim","Hello World"],"picked":"SKIP","floor":10},{"not_picked":["Stack","Auto Shields"],"picked":"Compile Driver","floor":12},{"not_picked":["Stack","Coolheaded"],"picked":"Creative AI","floor":13},{"not_picked":["Lockon","Compile Driver"],"picked":"Conserve Battery","floor":14}],"player_experience":468222,"relics_obtained":[{"floor":7,"key":"Girya"},{"floor":9,"key":"Letter Opener"}],"event_choices":[{"damage_healed":0,"gold_gain":0,"player_choice":"Donut","damage_taken":0,"max_hp_gain":5,"max_hp_loss":0,"event_name":"Big Fish","floor":2,"gold_loss":0},{"damage_healed":0,"gold_gain":0,"cards_transformed":["Strike_B"],"player_choice":"Transformed","damage_taken":0,"max_hp_gain":0,"max_hp_loss":0,"event_name":"Transmorgrifier","floor":4,"gold_loss":0,"cards_obtained":["Meteor Strike"]}],"is_beta":false,"boss_relics":[],"items_purged_floors":[11],"is_endless":false,"potions_floor_spawned":[3,7,10,14],"killed_by":"The Guardian","ascension_level":20}}