{"host":"8fjsnt81u6xsmhji","time":1609666578,"event":{"mods":["BaseMod","Beaked The Cultist","Colored Powertips","Downfall","Glutton Mod","Hermit","Minty Spire (QoL Compilation)","Quick Restart","StSLib","The Bug Knight","The Forsaken","The Hierophant","The Runesmith"],"gold_per_floor":[366,366,376,130,145,145,158,188,211,211,226,252,327,307,307,402,402,416,429,429,429,449,781,792,792,816,277,277,37,47,47,47,147,147,158,158,158,168,168,168],"floor_reached":39,"playtime":1601,"items_purged":[],"score":530,"play_id":"20d6951e-97c4-44e5-9d22-dd8f5cc797b3","local_time":"20210103033618","is_ascension_mode":true,"campfire_choices":[{"data":"Runesmith:Grindstone","floor":6.0,"key":"SMITH"},{"floor":10.0,"key":"REST"},{"data":"expansioncontent:DashGenerateEvil","floor":15.0,"key":"SMITH"},{"floor":25.0,"key":"REST"},{"data":"Runesmith:CraftPrismatica","floor":28.0,"key":"SMITH"},{"data":"Runesmith:LithiumIon","floor":32.0,"key":"SMITH"}],"circlet_count":0,"master_deck":["Runesmith:Defend_RS","Runesmith:Defend_RS","Runesmith:Defend_RS","Runesmith:Defend_RS","Runesmith:CraftFirestone","Runesmith:Fortify","Runesmith:Grindstone+1","Runesmith:LithiumIon+1","Runesmith:Firestorm","expansioncontent:DashGenerateEvil+1","Runesmith:EnergizedChisel","Runesmith:GoWithTheFlow","Runesmith:CraftIncendium","Runesmith:FrozenChisel","Runesmith:CraftPrismatica+1","Runesmith:EarthShield","Runesmith:CraftObretio","Runesmith:GoWithTheFlow+1","Runesmith:Repurpose+1","Slimebound:Tackle+1","Slimebound:Tackle+1","Slimebound:Tackle+1","Runesmith:GenerateForcefield","Runesmith:Reinforce+1","Madness","Madness","Runesmith:LithiumIon"],"relics":["Runesmith:BrokenRuby","Runesmith:MiniCore","Ancient Tea Set","MealTicket","Velvet Choker","Old Coin","Pen Nib","Matryoshka","Orichalcum","HandDrill","Meat on the Bone","Black Star"],"acts_visited":["Exordium","TheCity","TheBeyond"],"potions_floor_usage":[35,39],"damage_taken":[{"damage":7.0,"enemies":"Jaw Worm","floor":1.0,"turns":5.0},{"damage":0.0,"enemies":"Cultist","floor":3.0,"turns":4.0},{"damage":6.0,"enemies":"Small Slimes","floor":5.0,"turns":4.0},{"damage":0.0,"enemies":"Looter","floor":7.0,"turns":3.0},{"damage":16.0,"enemies":"3 Sentries","floor":8.0,"turns":7.0},{"damage":0.0,"enemies":"Lots of Slimes","floor":11.0,"turns":1.0},{"damage":1.0,"enemies":"Lagavulin","floor":12.0,"turns":6.0},{"damage":0.0,"enemies":"Hexaghost","floor":16.0,"turns":9.0},{"damage":6.0,"enemies":"Spheric Guardian","floor":18.0,"turns":4.0},{"damage":18.0,"enemies":"3 Byrds","floor":19.0,"turns":4.0},{"damage":4.0,"enemies":"Snecko","floor":22.0,"turns":5.0},{"damage":21.0,"enemies":"Book of Stabbing","floor":23.0,"turns":6.0},{"damage":6.0,"enemies":"Shelled Parasite and Fungi","floor":24.0,"turns":6.0},{"damage":11.0,"enemies":"Centurion and Healer","floor":30.0,"turns":6.0},{"damage":10.0,"enemies":"Champ","floor":33.0,"turns":9.0},{"damage":24,"enemies":"3 Darklings","floor":35,"turns":7},{"damage":5,"enemies":"Orb Walker","floor":38,"turns":4},{"damage":48,"enemies":"Spire Growth","floor":39,"turns":5}],"seed_played":"-7894017761762503225","potions_obtained":[{"floor":5.0,"key":"Explosive Potion"},{"floor":8.0,"key":"Swift Potion"},{"floor":11.0,"key":"SkillPotion"},{"floor":12.0,"key":"Energy Potion"},{"floor":19.0,"key":"PowerPotion"},{"floor":22.0,"key":"champ:CounterPotion"},{"floor":30.0,"key":"SkillPotion"},{"floor":38,"key":"hexamod:EctoCoolerPotion"}],"is_trial":false,"path_per_floor":["M","?","M","$","M","R","M","E","T","R","M","E","?","?","R","B",null,"M","M","?","?","M","E","M","R","T","$","R","$","M","?","R","B",null,"M","?","?","M","M"],"character_chosen":"RUNESMITH_CLASS","items_purchased":["Runesmith:Firestorm","expansioncontent:DashGenerateEvil","Matryoshka","Orichalcum","HandDrill","Meat on the Bone"],"campfire_rested":2,"item_purchase_floors":[4,4,27,27,27,29],"current_hp_per_floor":[63,63,63,63,57,57,57,41,41,62,62,61,50,50,50,50,70,64,46,46,70,66,45,39,60,60,70,70,70,59,59,59,49,70,46,37,37,44,0,0],"gold":168,"neow_bonus":"TWO_FIFTY_GOLD","is_daily":false,"chose_seed":false,"campfire_upgraded":4,"win_rate":0.0,"timestamp":1609666578,"path_taken":["M","?","M","$","M","R","M","E","T","R","?","E","?","?","R","BOSS","M","?","?","?","?","E","M","R","T","?","R","$","M","?","R","BOSS","M","?","?","M","?"],"items_purchased_type":["Card","Card","Relic","Relic","Relic","Relic"],"build_version":"2020-12-22","purchased_purges":0,"victory":false,"max_hp_per_floor":[70,70,70,70,70,70,70,70,70,70,70,70,70,70,70,70,70,70,70,70,70,70,70,70,70,70,70,70,70,70,70,70,70,70,70,70,70,70,70,70],"card_choices":[{"not_picked":["Runesmith:StaticCage","Runesmith:FieryHammer"],"picked":"Runesmith:Grindstone","floor":1.0},{"not_picked":["Runesmith:EnergizedChisel","Runesmith:PerfectChisel"],"picked":"Runesmith:LithiumIon","floor":3.0},{"not_picked":["Runesmith:RuneHurl","Runesmith:Overpower"],"picked":"Runesmith:EnergizedChisel","floor":5.0},{"not_picked":["Runesmith:Repurpose","Runesmith:Superposition"],"picked":"Runesmith:GoWithTheFlow","floor":7.0},{"not_picked":["Runesmith:FieryHammer","Runesmith:Repurpose"],"picked":"Runesmith:CraftIncendium","floor":8.0},{"not_picked":["Runesmith:StaticCage","Runesmith:MakeshiftArmor","Runesmith:Attraction"],"picked":"SKIP","floor":11.0},{"not_picked":["Runesmith:CraftMedicinae","Runesmith:GenerateForcefield"],"picked":"Runesmith:FrozenChisel","floor":12.0},{"not_picked":["Runesmith:ReplicatingBarrier","Runesmith:GenerateForcefield"],"picked":"Runesmith:CraftPrismatica","floor":16.0},{"not_picked":["Runesmith:RuneHurl","Runesmith:HeatedChisel"],"picked":"Runesmith:EarthShield","floor":18.0},{"not_picked":["Runesmith:HeatExchange","Runesmith:RuneHurl"],"picked":"Runesmith:NegativeSpace","floor":19.0},{"not_picked":["Runesmith:HammerThrow+1","Runesmith:MakeshiftArmor","Runesmith:ShiftingStrike"],"picked":"SKIP","floor":22.0},{"not_picked":["Runesmith:Electrocute","Runesmith:ArcReactor"],"picked":"Runesmith:CraftObretio","floor":23.0},{"not_picked":["Runesmith:HammerAndChisel+1","Runesmith:EarthShield"],"picked":"Runesmith:GoWithTheFlow+1","floor":24.0},{"not_picked":["Runesmith:Prism","Runesmith:Overpower"],"picked":"Runesmith:Repurpose+1","floor":30.0},{"not_picked":["Runesmith:Supernova","Runesmith:ArcReactor"],"picked":"Runesmith:GenerateForcefield","floor":33.0},{"not_picked":["Runesmith:HeatedChisel","Runesmith:CraftVitae+1"],"picked":"Runesmith:Reinforce+1","floor":35},{"not_picked":["Runesmith:BackupBattery+1","Runesmith:OneForEveryone"],"picked":"Runesmith:LithiumIon","floor":38}],"player_experience":701668,"relics_obtained":[{"floor":8.0,"key":"Runesmith:MiniCore"},{"floor":9.0,"key":"Ancient Tea Set"},{"floor":12.0,"key":"MealTicket"},{"floor":23.0,"key":"Old Coin"},{"floor":26.0,"key":"Pen Nib"}],"event_choices":[{"cards_removed":["theForsaken:PlagueCurse"],"damage_healed":0.0,"max_hp_gain":0.0,"max_hp_loss":0.0,"gold_gain":0.0,"event_name":"Fountain of Cleansing","player_choice":"Removed Curses","floor":2.0,"gold_loss":0.0,"damage_taken":0.0},{"damage_healed":0.0,"max_hp_gain":0.0,"max_hp_loss":0.0,"gold_gain":75.0,"event_name":"World of Goop","player_choice":"Gather Gold","floor":13.0,"gold_loss":0.0,"damage_taken":11.0},{"damage_healed":0.0,"max_hp_gain":0.0,"max_hp_loss":0.0,"gold_gain":0.0,"event_name":"The Woman in Blue","player_choice":"Bought 1 Potion","floor":14.0,"gold_loss":0.0,"damage_taken":0.0},{"damage_healed":0.0,"max_hp_gain":0.0,"max_hp_loss":0.0,"gold_gain":0.0,"event_name":"Ghosts","player_choice":"Ignored","floor":20.0,"gold_loss":0.0,"damage_taken":0.0},{"cards_removed":["Runesmith:NegativeSpace"],"damage_healed":24.0,"max_hp_gain":0.0,"max_hp_loss":0.0,"gold_gain":0.0,"event_name":"Bonfire Elementals","player_choice":"Offered Uncommon","floor":21.0,"gold_loss":0.0,"damage_taken":0.0},{"damage_healed":0,"gold_gain":0,"player_choice":"Embrace Madness","damage_taken":9,"max_hp_gain":0,"max_hp_loss":0,"event_name":"Winding Halls","floor":36,"gold_loss":0,"cards_obtained":["Madness","Madness"]},{"damage_healed":0,"gold_gain":0,"player_choice":"Ignored","damage_taken":0,"max_hp_gain":0,"max_hp_loss":0,"event_name":"Mysterious Sphere","floor":37,"gold_loss":0}],"is_beta":false,"boss_relics":[{"not_picked":["Runic Dome","Fusion Hammer"],"picked":"Velvet Choker"},{"not_picked":["Runesmith:UraniumAnvil","SlaversCollar"],"picked":"Black Star"}],"items_purged_floors":[],"is_endless":false,"potions_floor_spawned":[5,8,11,12,19,22,30,38],"killed_by":"Spire Growth","ascension_level":2}}