{"host":"2js2pxuugveqjuf7","time":1609679110,"event":{"mods":["BaseMod","Downfall","Minty Spire (QoL Compilation)","Relic Stats","StSLib"],"gold_per_floor":[349,349,360,360,12,12,12,12,52,85,123,161,161,222,282,402,402,402,443,443,20,57,112,137,190,40,83,126,161,161,190,235,363,363,363,451,468,532,202,240,263,320,355,280,317,379,405,405,421,421,421,452,4,4,4],"floor_reached":56,"playtime":10727,"items_purged":["Slimebound:Tackle"],"score":1568,"play_id":"3cc349bf-e156-495f-8445-c4cf32328fe1","local_time":"20210103070510","is_ascension_mode":false,"campfire_choices":[{"data":"Slimebound:CorrosiveSpit","floor":1,"key":"SMITH"},{"data":"HandOfGreed","floor":6,"key":"SMITH"},{"data":"Slimebound:LevelUp","floor":8,"key":"SMITH"},{"data":"Slimebound:GoopSpray","floor":13,"key":"SMITH"},{"data":"Slimebound:Replication","floor":18,"key":"SMITH"},{"floor":26,"key":"RECALL"},{"data":"Slimebound:MinionMaster","floor":30,"key":"SMITH"},{"data":"Slimebound:FirmFortitude+1","floor":35,"key":"PURGE"},{"data":"Slimebound:SlimeBarrage","floor":44,"key":"SMITH"},{"floor":54,"key":"REST"}],"circlet_count":0,"master_deck":["Slimebound:Defend_Slimebound","Slimebound:Defend_Slimebound","Slimebound:Defend_Slimebound","Slimebound:Split+1","Slimebound:CorrosiveSpit+1","Slimebound:SplitMire","Slimebound:OneTwoCombo","Slimebound:LevelUp+1","HandOfGreed+1","Slimebound:SlimeBarrage","Slimebound:ProtectTheBoss","Slimebound:SlimeTap","Slimebound:GoopSpray+1","Slimebound:SplitAcid","Slimebound:Replication+1","Slimebound:MinionMaster+1","Slimebound:RallyTheTroops+1","Slimebound:Prepare+1","Slimebound:SplitAcid","Slimebound:RallyTheTroops","Slimebound:LevelUp","Slimebound:LevelUp","Secret Technique","Slimebound:RejuvenatingLick+1","Slimebound:MegaLick+1","Slimebound:RejuvenatingLick+1","Slimebound:PressTheAttack+1","Slimebound:SlimeTap+1","Slimebound:MegaLick+1","Slimebound:Prepare+1","Slimebound:ForwardTackle","Slimebound:DouseInSlime+1","Slimebound:RejuvenatingLick+1","Slimebound:SlimeBarrage+1","Slimebound:SlimeTap+1","Slimebound:PressTheAttack","Slimebound:GoopSpray+1","Slimebound:HauntingLick+1","Slimebound:PrepareCrush+1","Slimebound:MegaLick+1","Slimebound:LivingWall+1","Slimebound:SplitAcid+1","Slimebound:LeechingTouch","Slimebound:LeechingTouch","Slimebound:SplitMire+1","Slimebound:Schlurp+1","Slimebound:SplitLeeching+1","Slimebound:SplitLeeching+1","Slimebound:RejuvenatingLick+1","Slimebound:AcidTongue","Slimebound:LeechingTouch","expansioncontent:TimeRipple","Secret Weapon+1","Panacea+1","PanicButton+1","expansioncontent:ChargeUp+1","Secret Technique+1","Slimebound:RejuvenatingLick+1"],"relics":["Slimebound:AbsorbEndCombat","Dream Catcher","Membership Card","The Courier","Ancient Tea Set","Astrolabe","Happy Flower","Toy Ornithopter","Toxic Egg 2","Peace Pipe","Pen Nib","downfall:HeartBlessingBlue","downfall:HeartBlessingGreen","Bag of Preparation","HornCleat","SlaversCollar","FossilizedHelix","CaptainsWheel","Calipers","Chemical X","Vajra","Bag of Marbles","MealTicket","downfall:HeartBlessingRed","Potion Belt","Centennial Puzzle","Kunai"],"acts_visited":["Exordium","TheCity","TheBeyond","TheEnding"],"potions_floor_usage":[16,22,23,25,32,33,38,50,55,55,55],"damage_taken":[{"damage":14,"enemies":"Jaw Worm","floor":3,"turns":4},{"damage":16,"enemies":"downfall:FleeingMerchant","floor":5,"turns":4},{"damage":4,"enemies":"Cultist","floor":9,"turns":2},{"damage":22,"enemies":"Gremlin Nob","floor":10,"turns":4},{"damage":8,"enemies":"2 Louse","floor":11,"turns":2},{"damage":4,"enemies":"Red Slaver","floor":12,"turns":2},{"damage":28,"enemies":"3 Louse","floor":14,"turns":4},{"damage":16,"enemies":"Large Slime","floor":15,"turns":4},{"damage":23,"enemies":"downfall:Defect","floor":16,"turns":4},{"damage":10,"enemies":"Shell Parasite","floor":19,"turns":3},{"damage":16,"enemies":"downfall:FleeingMerchant","floor":21,"turns":4},{"damage":22,"enemies":"3 Byrds","floor":22,"turns":4},{"damage":42,"enemies":"Gremlin Leader","floor":23,"turns":4},{"damage":33,"enemies":"Slavers","floor":25,"turns":4},{"damage":22,"enemies":"Snecko","floor":27,"turns":4},{"damage":15,"enemies":"Centurion and Healer","floor":28,"turns":2},{"damage":34,"enemies":"Book of Stabbing","floor":29,"turns":4},{"damage":31,"enemies":"Gremlin Leader","floor":31,"turns":4},{"damage":11,"enemies":"Snake Plant","floor":32,"turns":2},{"damage":24,"enemies":"downfall:Ironclad","floor":33,"turns":4},{"damage":32,"enemies":"3 Shapes","floor":36,"turns":12},{"damage":13,"enemies":"3 Darklings","floor":37,"turns":2},{"damage":24,"enemies":"4 Shapes","floor":38,"turns":8},{"damage":15,"enemies":"downfall:FleeingMerchant","floor":39,"turns":3},{"damage":23,"enemies":"Sphere and 2 Shapes","floor":40,"turns":7},{"damage":20,"enemies":"Reptomancer","floor":42,"turns":5},{"damage":8,"enemies":"Spire Growth","floor":43,"turns":6},{"damage":23,"enemies":"Maw","floor":45,"turns":8},{"damage":42,"enemies":"4 Shapes","floor":46,"turns":15},{"damage":20,"enemies":"Giant Head","floor":47,"turns":5},{"damage":19,"enemies":"3 Darklings","floor":49,"turns":3},{"damage":16,"enemies":"downfall:Watcher","floor":50,"turns":4},{"damage":56,"enemies":"downfall:CharBossMerchant","floor":52,"turns":7},{"damage":31,"enemies":"downfall:NeowBoss","floor":55,"turns":20}],"seed_played":"-4661324150620620790","potions_obtained":[{"floor":9,"key":"Block Potion"},{"floor":12,"key":"Slimebound:SlimyTonguePotion"},{"floor":14,"key":"Explosive Potion"},{"floor":15,"key":"Fire Potion"},{"floor":16,"key":"SpeedPotion"},{"floor":19,"key":"DistilledChaos"},{"floor":25,"key":"LiquidMemories"},{"floor":29,"key":"Regen Potion"},{"floor":32,"key":"ColorlessPotion"},{"floor":33,"key":"Explosive Potion"},{"floor":38,"key":"EssenceOfSteel"},{"floor":43,"key":"PowerPotion"},{"floor":45,"key":"Guardian:BlockOnCardUsePotion"},{"floor":47,"key":"BlessingOfTheForge"},{"floor":49,"key":"Slimebound:SlimedPotion"}],"is_trial":false,"path_per_floor":["R","?","M","?","$","R","T","R","M","E","M","M","R","M","M","B",null,"R","M","?","$","M","E","T","E","R","M","M","E","R","E","M","B",null,"R","M","M","M","$","M","T","E","M","R","M","M","E","?","M","B",null,"E","$","R","B",null],"character_chosen":"SLIMEBOUND","items_purchased":["Membership Card","Slimebound:LevelUp","HandOfGreed","Slimebound:SlimeBarrage","Happy Flower","Slimebound:LevelUp","Secret Technique","Toy Ornithopter","Toxic Egg 2","Slimebound:RejuvenatingLick+1","Slimebound:MegaLick+1","Slimebound:RejuvenatingLick+1","Slimebound:GoopSpray+1","Slimebound:HauntingLick+1","Slimebound:PrepareCrush+1","Slimebound:MegaLick+1","Slimebound:LivingWall+1","Slimebound:SplitAcid+1","Slimebound:LeechingTouch","FossilizedHelix","CaptainsWheel","Calipers","Chemical X","Vajra","Kunai","Slimebound:AcidTongue","Slimebound:LeechingTouch","expansioncontent:TimeRipple","Secret Weapon+1","Panacea+1","PanicButton+1","expansioncontent:ChargeUp+1","Secret Technique+1"],"campfire_rested":1,"item_purchase_floors":[5,5,5,5,21,21,21,21,21,21,21,21,39,39,39,39,39,39,39,39,39,39,39,39,53,53,53,53,53,53,53,53,53],"current_hp_per_floor":[42,42,40,33,37,37,37,37,43,43,45,51,51,41,49,46,60,60,60,60,60,58,44,44,36,46,32,37,29,29,26,41,60,70,70,54,65,60,70,63,63,70,70,70,61,44,66,66,70,70,70,44,59,70,70],"gold":4,"neow_bonus":"TWO_FIFTY_GOLD","is_daily":false,"chose_seed":false,"campfire_upgraded":7,"win_rate":0.0,"timestamp":1609679110,"path_taken":["R","?","?","?","$","R","T","R","M","E","M","M","R","M","M","BOSS","R","M","?","$","M","E","T","E","R","?","M","E","R","E","M","BOSS","R","M","M","M","$","M","T","E","M","R","M","M","E","?","M","BOSS","E","$","R","BOSS"],"items_purchased_type":["Relic","Card","Card","Card","Relic","Card","Card","Relic","Relic","Card","Card","Card","Card","Card","Card","Card","Card","Card","Card","Relic","Relic","Relic","Relic","Relic","Relic","Card","Card","Card","Card","Card","Card","Card","Card"],"build_version":"2020-12-22","purchased_purges":1,"victory":true,"max_hp_per_floor":[60,60,60,60,60,60,60,60,60,60,60,60,60,60,60,60,60,60,60,60,60,60,60,60,60,70,70,70,70,70,70,70,70,70,70,70,70,70,70,70,70,70,70,70,70,70,70,70,70,70,70,70,70,70,70],"relic_stats":{"Happy Flower":[45],"counters":[34,172],"Astrolabe":["Slimebound:RallyTheTroops","Slimebound:Prepare","Slimebound:FirmFortitude"],"Pen Nib":[13],"Bag of Preparation":[34],"Peace Pipe":1,"Dream Catcher":1,"Centennial Puzzle":[3],"MealTicket":15,"Chemical X":[1],"Kunai":[3],"obtain_stats":[{"Calipers":39,"Vajra":39,"downfall:HeartBlessingGreen":26,"Bag of Preparation":29,"Ancient Tea Set":10,"Dream Catcher":4,"Centennial Puzzle":52,"HornCleat":31,"downfall:HeartBlessingBlue":26,"MealTicket":42,"Chemical X":39,"Kunai":53,"Toxic Egg 2":21,"Potion Belt":47,"Happy Flower":21,"downfall:HeartBlessingRed":44,"Astrolabe":17,"The Courier":7,"Pen Nib":25,"Peace Pipe":23,"SlaversCollar":34,"CaptainsWheel":39,"Slimebound:AbsorbEndCombat":0,"Bag of Marbles":41,"Membership Card":5,"Toy Ornithopter":21,"FossilizedHelix":39},{"Calipers":24,"Vajra":24,"downfall:HeartBlessingGreen":14,"Bag of Preparation":17,"Ancient Tea Set":4,"Dream Catcher":1,"Centennial Puzzle":33,"HornCleat":18,"downfall:HeartBlessingBlue":14,"MealTicket":26,"Chemical X":24,"Kunai":33,"Toxic Egg 2":11,"Potion Belt":30,"Happy Flower":11,"downfall:HeartBlessingRed":27,"Astrolabe":9,"The Courier":2,"Pen Nib":14,"Peace Pipe":13,"SlaversCollar":20,"CaptainsWheel":24,"Slimebound:AbsorbEndCombat":0,"Bag of Marbles":25,"Membership Card":2,"Toy Ornithopter":11,"FossilizedHelix":24},{"Calipers":93,"Vajra":93,"downfall:HeartBlessingGreen":49,"Bag of Preparation":58,"Ancient Tea Set":14,"Dream Catcher":4,"Centennial Puzzle":152,"HornCleat":62,"downfall:HeartBlessingBlue":49,"MealTicket":105,"Chemical X":93,"Kunai":152,"Toxic Egg 2":37,"Potion Belt":138,"Happy Flower":37,"downfall:HeartBlessingRed":111,"Astrolabe":30,"The Courier":8,"Pen Nib":49,"Peace Pipe":45,"SlaversCollar":68,"CaptainsWheel":93,"Slimebound:AbsorbEndCombat":0,"Bag of Marbles":100,"Membership Card":8,"Toy Ornithopter":37,"FossilizedHelix":93}],"Toy Ornithopter":25},"card_choices":[{"not_picked":["Slimebound:RollThrough","Slimebound:SlimeSpikes"],"picked":"Slimebound:SplitMire","floor":3},{"not_picked":["Slimebound:ForwardTackle","Slimebound:Dissolve"],"picked":"Slimebound:OneTwoCombo","floor":5},{"not_picked":["Slimebound:Equalize","Slimebound:PressTheAttack"],"picked":"Slimebound:ProtectTheBoss","floor":9},{"not_picked":["Slimebound:RollThrough","Slimebound:ComboTackle","Slimebound:ViciousTackle"],"picked":"SKIP","floor":10},{"not_picked":["Slimebound:LeechingTouch","Slimebound:DisruptingSlam"],"picked":"Slimebound:SlimeTap","floor":11},{"not_picked":["Slimebound:RejuvenatingLick","Slimebound:LevelUp"],"picked":"Slimebound:GoopSpray","floor":12},{"not_picked":["Slimebound:Schlurp","Slimebound:SlimeBarrage"],"picked":"Slimebound:SplitAcid","floor":14},{"not_picked":["Slimebound:AcidTongue","Slimebound:Schlurp"],"picked":"Slimebound:Replication","floor":15},{"not_picked":["Slimebound:OneTwoCombo","Slimebound:DouseInSlime"],"picked":"Slimebound:MinionMaster","floor":16},{"not_picked":["Slimebound:PressTheAttack+1","Slimebound:MegaLick"],"picked":"Slimebound:SplitAcid","floor":19},{"not_picked":["Slimebound:PressTheAttack","Slimebound:GrowthPunch"],"picked":"Slimebound:LevelUp","floor":21},{"not_picked":["Slimebound:Gluttony+1","Slimebound:SlimeSpikes+1"],"picked":"Slimebound:PressTheAttack+1","floor":22},{"not_picked":["Slimebound:SamplingLick+1","Slimebound:ServeAndProtect+1"],"picked":"Slimebound:SlimeTap+1","floor":23},{"not_picked":["Slimebound:Nibble","Slimebound:RollThrough","Slimebound:FirmFortitude"],"picked":"SKIP","floor":25},{"not_picked":["Slimebound:Nibble","Slimebound:Schlurp+1","Slimebound:RollThrough"],"picked":"SKIP","floor":27},{"not_picked":["Slimebound:GoopSpray+1","Slimebound:DivideAndConquer+1","Slimebound:TongueLash"],"picked":"SKIP","floor":28},{"not_picked":["Slimebound:DivideAndConquer+1","Slimebound:DisruptingSlam"],"picked":"Slimebound:MegaLick+1","floor":29},{"not_picked":["Slimebound:ViciousTackle+1","Slimebound:TongueLash"],"picked":"Slimebound:Prepare+1","floor":31},{"not_picked":["Slimebound:SlimeBarrage","Slimebound:BestDefense"],"picked":"Slimebound:ForwardTackle","floor":32},{"not_picked":["Slimebound:SlimeSlap","Slimebound:OozeBath+1"],"picked":"Slimebound:DouseInSlime+1","floor":33},{"not_picked":["Slimebound:BestDefense+1","Slimebound:SlimeBrawl+1"],"picked":"Slimebound:RejuvenatingLick+1","floor":36},{"not_picked":["Slimebound:SlimeBrawl+1","Slimebound:ServeAndProtect+1"],"picked":"Slimebound:SlimeBarrage","floor":37},{"not_picked":["Slimebound:ItLooksTasty+1","Slimebound:SpikyOuterGoop+1"],"picked":"Slimebound:SlimeTap+1","floor":38},{"not_picked":["Slimebound:ItLooksTasty","Slimebound:Dissolve+1"],"picked":"Slimebound:PressTheAttack","floor":39},{"not_picked":["Slimebound:PressTheAttack","Slimebound:LeechEnergy+1"],"picked":"Slimebound:LeechingTouch","floor":40},{"not_picked":["Slimebound:GoopSpray+1","Slimebound:GoopTackle"],"picked":"Slimebound:SplitMire+1","floor":42},{"not_picked":["Slimebound:BestDefense+1","Slimebound:PrepareCrush+1"],"picked":"Slimebound:Schlurp+1","floor":43},{"not_picked":["Slimebound:ComboTackle","Slimebound:SlimeBrawl+1"],"picked":"Slimebound:SplitLeeching+1","floor":45},{"not_picked":["Slimebound:SplitBruiser+1","Slimebound:SlimeBrawl+1"],"picked":"Slimebound:SplitLeeching+1","floor":46},{"not_picked":["Slimebound:FinishingTackle","Slimebound:BestDefense","Slimebound:CheckThePlaybook+1"],"picked":"SKIP","floor":47},{"not_picked":["Slimebound:FinishingTackle","Slimebound:SplitAcid+1"],"picked":"Slimebound:SplitLeeching+1","floor":49},{"not_picked":["Slimebound:CheckThePlaybook+1","Slimebound:Grow+1"],"picked":"Slimebound:RejuvenatingLick+1","floor":52},{"not_picked":["Slimebound:ProtectTheBoss","Slimebound:GrowthPunch"],"picked":"Slimebound:RejuvenatingLick+1","floor":54}],"player_experience":252704,"relics_obtained":[{"floor":7,"key":"The Courier"},{"floor":10,"key":"Ancient Tea Set"},{"floor":23,"key":"Peace Pipe"},{"floor":25,"key":"Pen Nib"},{"floor":29,"key":"Bag of Preparation"},{"floor":31,"key":"HornCleat"},{"floor":41,"key":"Bag of Marbles"},{"floor":42,"key":"MealTicket"},{"floor":47,"key":"Potion Belt"},{"floor":52,"key":"Centennial Puzzle"}],"event_choices":[{"damage_healed":0,"gold_gain":0,"player_choice":"Upgraded","damage_taken":0,"max_hp_gain":0,"max_hp_loss":0,"event_name":"Upgrade Shrine","floor":2,"gold_loss":0,"cards_upgraded":["Slimebound:Split"]},{"damage_healed":0,"gold_gain":0,"player_choice":"Success","damage_taken":7,"relics_obtained":["Dream Catcher"],"max_hp_gain":0,"max_hp_loss":0,"event_name":"Scrap Ooze","floor":4,"gold_loss":0},{"damage_healed":0,"gold_gain":0,"cards_transformed":["Slimebound:Defend_Slimebound"],"player_choice":"Transformed","damage_taken":0,"max_hp_gain":0,"max_hp_loss":0,"event_name":"Transmorgrifier","floor":20,"gold_loss":0,"cards_obtained":["Slimebound:RallyTheTroops"]},{"cards_removed":["Slimebound:SplitLeeching"],"damage_healed":0,"gold_gain":0,"player_choice":"Removed Skill","damage_taken":0,"max_hp_gain":0,"max_hp_loss":0,"event_name":"Falling","floor":48,"gold_loss":0}],"is_beta":false,"boss_relics":[{"not_picked":["Coffee Dripper","SacredBark"],"picked":"Astrolabe"},{"not_picked":["Cursed Key","Velvet Choker"],"picked":"SlaversCollar"}],"items_purged_floors":[5],"is_endless":false,"potions_floor_spawned":[9,12,14,15,16,19,25,29,32,33,38,43,45,47,49],"ascension_level":0}}