{"host":"ssbj2e5691x5ub3h","time":1609633318,"event":{"mods":["BaseMod","Duelist Mod","Minty Spire (QoL Compilation)","Quick Restart","StSLib","SuperFastMode"],"gold_per_floor":[137,137,154,154,165,199,264,290,313,326,381,408,428,142,142,218,218,232,251,264,0,14,14,24,24,48,48,48,0,27,39,39,110,110,120,133,133,58,75,75,105,105,105,122,135,0,0,0,0,0,0,0,0,0,29,29],"floor_reached":57,"playtime":2675,"items_purged":["theDuelist:Sparks"],"score":2969,"play_id":"ac105c4a-f90d-42b6-b705-960512650d8e","local_time":"20210102222158","is_ascension_mode":true,"campfire_choices":[{"floor":15,"key":"REST"},{"floor":23,"key":"RECALL"},{"data":"theDuelist:ShallowGrave","floor":25,"key":"SMITH"},{"data":"theDuelist:Lajinn","floor":28,"key":"SMITH"},{"floor":32,"key":"REST"},{"floor":40,"key":"REST"},{"floor":42,"key":"REST"},{"floor":47,"key":"REST"},{"floor":49,"key":"REST"},{"floor":53,"key":"REST"}],"circlet_count":0,"master_deck":["theDuelist:Metronome","theDuelist:ShallowGrave+1","theDuelist:MaskedDragon+1","AscendersBane","theDuelist:DunamesDarkWitch","theDuelist:SuperSolarNutrient+1","theDuelist:RainbowNeos+1","theDuelist:VioletCrystal+1","theDuelist:RainbowKuribohBasic","theDuelist:CastleWalls","theDuelist:Metronome","theDuelist:KamionTimelord","theDuelist:Hayate","theDuelist:DarkSparks","theDuelist:Lajinn+1","theDuelist:Hayate","theDuelist:VioletCrystal","theDuelist:KamionTimelord","theDuelist:BeastTalwar","theDuelist:AlphaMagnet","theDuelist:RainbowFlower","theDuelist:RainbowMagician","theDuelist:Lajinn+1","theDuelist:Yami+1","theDuelist:AlphaMagnet","theDuelist:RainbowDragon","theDuelist:Eva","theDuelist:WingedKuribohLv9","theDuelist:ShallowGrave+1","theDuelist:SuperSolarNutrient","theDuelist:CastleWalls","theDuelist:TributeDoomed+1"],"relics":["theDuelist:MillenniumPuzzle","theDuelist:CardPoolRelic","theDuelist:CardPoolBasicRelic","theDuelist:BoosterPackPoolRelic","theDuelist:CardPoolAddRelic","theDuelist:CardPoolMinusRelic","theDuelist:CardPoolSaveRelic","theDuelist:CardPoolOptionsRelic","Pen Nib","theDuelist:SummonAnchor","Oddly Smooth Stone","Blood Vial","theDuelist:YugiMirror","theDuelist:MillenniumRing","Pantograph","Blood Vial","theDuelist:DuelistTeaSet","theDuelist:MillenniumRod","Fusion Hammer","Gremlin Horn","theDuelist:MillenniumArmor","Bronze Scales","Blood Vial","Red Mask","Snake Skull"],"acts_visited":["Exordium","TheCity","TheBeyond","TheEnding"],"potions_floor_usage":[6,33,39,51,56],"damage_taken":[{"damage":0,"enemies":"Small Slimes","floor":1,"turns":3},{"damage":1,"enemies":"2 Louse","floor":3,"turns":2},{"damage":0,"enemies":"Cultist","floor":5,"turns":1},{"damage":18,"enemies":"Gremlin Nob","floor":6,"turns":4},{"damage":0,"enemies":"Gremlin Nob","floor":7,"turns":3},{"damage":10,"enemies":"Lagavulin","floor":8,"turns":4},{"damage":0,"enemies":"Blue Slaver","floor":10,"turns":2},{"damage":0,"enemies":"Gremlin Nob","floor":12,"turns":3},{"damage":0,"enemies":"Looter","floor":13,"turns":2},{"damage":50,"enemies":"The Guardian","floor":16,"turns":8},{"damage":0,"enemies":"3 Byrds","floor":18,"turns":2},{"damage":0,"enemies":"2 Thieves","floor":19,"turns":2},{"damage":8,"enemies":"Centurion and Healer","floor":20,"turns":3},{"damage":0,"enemies":"Snecko","floor":22,"turns":2},{"damage":14,"enemies":"Chosen and Byrds","floor":24,"turns":4},{"damage":0,"enemies":"theDuelist:KaibaA2","floor":30,"turns":2},{"damage":0,"enemies":"Centurion and Healer","floor":31,"turns":2},{"damage":7,"enemies":"Collector","floor":33,"turns":3},{"damage":2,"enemies":"Orb Walker","floor":35,"turns":2},{"damage":19,"enemies":"3 Shapes","floor":36,"turns":4},{"damage":28,"enemies":"Jaw Worm Horde","floor":39,"turns":3},{"damage":15,"enemies":"Nemesis","floor":41,"turns":3},{"damage":7,"enemies":"Transient","floor":44,"turns":6},{"damage":0,"enemies":"Maw","floor":45,"turns":3},{"damage":0,"enemies":"Awakened One","floor":50,"turns":6},{"damage":2,"enemies":"Donu and Deca","floor":51,"turns":3},{"damage":0,"enemies":"Shield and Spear","floor":55,"turns":3},{"damage":20,"enemies":"The Heart","floor":56,"turns":5}],"seed_played":"-2637759421763935905","potions_obtained":[{"floor":5,"key":"theDuelist:VoidBottle"},{"floor":6,"key":"PowerPotion"},{"floor":10,"key":"CunningPotion"},{"floor":33,"key":"theDuelist:OrbBottle"},{"floor":41,"key":"theDuelist:SummonArmorPotion"},{"floor":44,"key":"AttackPotion"}],"is_trial":false,"path_per_floor":["M","?","M","?","M","E","?","E","T","M","?","E","M","$","R","B",null,"M","M","M","?","M","R","M","R","T","?","R","?","E","M","R","B",null,"M","M","?","$","M","R","E","R","T","M","M","?","R","?","R","B","B",null,"R","$","E","B",null],"character_chosen":"THE_DUELIST","items_purchased":["Pantograph"],"campfire_rested":7,"item_purchase_floors":[14],"current_hp_per_floor":[63,63,62,54,54,36,36,28,28,30,30,32,34,34,55,20,58,60,62,56,56,60,60,50,50,50,50,50,50,54,58,70,63,68,68,51,51,51,27,48,37,58,58,55,59,59,70,70,70,70,68,70,70,70,70,50],"gold":29,"neow_bonus":"RANDOM_COMMON_RELIC","is_daily":false,"chose_seed":false,"campfire_upgraded":2,"win_rate":0.0,"timestamp":1609633318,"path_taken":["M","?","M","?","?","E","?","E","T","M","?","E","M","?","R","BOSS","M","M","M","?","?","R","M","R","T","?","R","?","E","M","R","BOSS","M","?","?","$","M","R","E","R","T","M","?","?","R","?","R","BOSS","BOSS","R","$","E","BOSS"],"items_purchased_type":["Relic"],"build_version":"2020-12-22","purchased_purges":1,"victory":true,"max_hp_per_floor":[70,70,70,70,70,70,70,70,70,70,70,70,70,70,70,70,70,70,70,70,70,70,70,70,70,70,70,70,70,70,70,70,70,70,70,70,70,70,70,70,70,70,70,70,70,70,70,70,70,70,70,70,70,70,70,70],"card_choices":[{"not_picked":["theDuelist:PatricianDarkness","theDuelist:Zombyra","theDuelist:RevivalJam","theDuelist:FabledAshenveil"],"picked":"theDuelist:ShallowGrave","floor":1},{"not_picked":["theDuelist:GraydleSlimeJr","theDuelist:Eva","theDuelist:PatricianDarkness","theDuelist:DunamesDarkWitch"],"picked":"theDuelist:ShallowGrave","floor":3},{"not_picked":["theDuelist:KingYami","theDuelist:BetaMagnet","theDuelist:DragonPiper","theDuelist:Biofalcon","theDuelist:BlastAsmodian"],"picked":"SKIP","floor":5},{"not_picked":["theDuelist:NeoMagic","theDuelist:GoblinZombie","theDuelist:FabledAshenveil","theDuelist:SummonedSkull"],"picked":"theDuelist:AlphaMagnet","floor":6},{"not_picked":["theDuelist:BlizzardWarrior","theDuelist:RainbowFlower","theDuelist:GreenGadget","theDuelist:BlastAsmodian"],"picked":"theDuelist:SuperSolarNutrient","floor":8},{"not_picked":["theDuelist:VampireFraulein","theDuelist:Zombyra","theDuelist:BetaMagnet","theDuelist:GadgetSoldier"],"picked":"theDuelist:Lajinn","floor":10},{"not_picked":["theDuelist:TwinHeadedFire","theDuelist:DesLacooda","theDuelist:RevivalJam","theDuelist:GammaMagnet"],"picked":"theDuelist:BeastTalwar","floor":12},{"not_picked":["Discovery","Impatience","Thinking Ahead","Transmutation"],"picked":"SKIP","floor":13},{"not_picked":["theDuelist:BlasterDragonInfernos","theDuelist:HeartUnderdog","theDuelist:RainbowMagician","theDuelist:RainbowJar"],"picked":"theDuelist:KamionTimelord","floor":16},{"not_picked":["theDuelist:DarkMagician+1","theDuelist:FlyingSaucer"],"picked":"theDuelist:WingedKuribohLv9","floor":18},{"not_picked":["theDuelist:WhiteHowling+1","theDuelist:Jinzo","theDuelist:Mountain"],"picked":"theDuelist:VioletCrystal","floor":19},{"not_picked":["theDuelist:MaskedDragon","theDuelist:BlizzardDefender+1"],"picked":"theDuelist:AlphaMagnet","floor":20},{"not_picked":["theDuelist:WhiteHowling","theDuelist:CardSafeReturn","theDuelist:RainbowRuins","theDuelist:RainbowRefraction"],"picked":"SKIP","floor":22},{"not_picked":["theDuelist:CatShark","theDuelist:YamataDragon","theDuelist:GravityBlaster"],"picked":"SKIP","floor":24},{"not_picked":["theDuelist:PatricianDarkness","theDuelist:RainbowFlower"],"picked":"theDuelist:MaskedDragon+1","floor":30},{"not_picked":["theDuelist:Eva","theDuelist:AlphaMagnet"],"picked":"theDuelist:Lajinn+1","floor":31},{"not_picked":["theDuelist:SangaWater","theDuelist:RainbowDarkDragon"],"picked":"theDuelist:Metronome","floor":33},{"not_picked":["theDuelist:WhiteHowling+1","theDuelist:CardSafeReturn+1"],"picked":"theDuelist:VioletCrystal+1","floor":35},{"not_picked":["theDuelist:DarkMagician","theDuelist:WanderingKing"],"picked":"theDuelist:RainbowDragon","floor":36},{"not_picked":["theDuelist:ShallowGrave","theDuelist:GravityBlaster"],"picked":"theDuelist:SuperSolarNutrient+1","floor":39},{"not_picked":["theDuelist:SpiralSpearStrike","theDuelist:VampireGrace+1"],"picked":"theDuelist:RainbowMagician","floor":41},{"not_picked":["theDuelist:HappyLover","theDuelist:Eva"],"picked":"theDuelist:KamionTimelord","floor":44},{"not_picked":["theDuelist:CardSafeReturn+1","theDuelist:TyrantWing+1"],"picked":"theDuelist:Yami+1","floor":45},{"not_picked":["theDuelist:Sparks+1","theDuelist:RainbowRuins+1"],"picked":"theDuelist:TributeDoomed+1","floor":55}],"player_experience":318035,"relics_obtained":[{"floor":6,"key":"Oddly Smooth Stone"},{"floor":7,"key":"Blood Vial"},{"floor":8,"key":"theDuelist:YugiMirror"},{"floor":12,"key":"theDuelist:MillenniumRing"},{"floor":26,"key":"theDuelist:DuelistTeaSet"},{"floor":30,"key":"theDuelist:MillenniumRod"},{"floor":41,"key":"Gremlin Horn"},{"floor":43,"key":"theDuelist:MillenniumArmor"},{"floor":55,"key":"Snake Skull"}],"event_choices":[{"damage_healed":0,"gold_gain":0,"player_choice":"Leave","duelist":true,"damage_taken":0,"max_hp_gain":0,"max_hp_loss":0,"event_name":"Millennium Items","floor":2,"gold_loss":0},{"damage_healed":0,"gold_gain":0,"player_choice":"Dig - random Duelist relic","duelist":true,"damage_taken":0,"max_hp_gain":0,"max_hp_loss":0,"event_name":"Aknamkanon\u0027s Tomb","floor":4,"gold_loss":0},{"damage_healed":0,"gold_gain":0,"player_choice":"Searched \u00271\u0027 times","damage_taken":0,"max_hp_gain":0,"max_hp_loss":0,"event_name":"Dead Adventurer","floor":7,"gold_loss":0},{"damage_healed":0,"gold_gain":55,"player_choice":"Gained Gold","damage_taken":0,"max_hp_gain":0,"max_hp_loss":0,"event_name":"Golden Wing","floor":11,"gold_loss":0},{"damage_healed":0,"gold_gain":0,"player_choice":"Duplicated Relic - Blood Vial","duelist":true,"damage_taken":0,"max_hp_gain":0,"max_hp_loss":0,"event_name":"Relic Duplicator","floor":21,"gold_loss":0},{"damage_healed":0,"gold_gain":0,"player_choice":"Ignored","damage_taken":0,"max_hp_gain":0,"max_hp_loss":0,"event_name":"The Mausoleum","floor":27,"gold_loss":0},{"damage_healed":0,"gold_gain":0,"player_choice":"Purchased Millennium Metronome for 48 Gold.","duelist":true,"damage_taken":0,"max_hp_gain":0,"max_hp_loss":0,"event_name":"Card Trader","floor":29,"gold_loss":0},{"damage_healed":0,"gold_gain":0,"player_choice":"Scored: 712","duelist":true,"damage_taken":0,"max_hp_gain":0,"max_hp_loss":0,"event_name":"Visit from Anubis","floor":37,"gold_loss":0},{"damage_healed":0,"gold_gain":0,"player_choice":"Duplicated Relic - Blood Vial","duelist":true,"damage_taken":0,"max_hp_gain":0,"max_hp_loss":0,"event_name":"Relic Duplicator","floor":46,"gold_loss":0},{"damage_healed":0,"gold_gain":0,"player_choice":"Paid","damage_taken":0,"relics_obtained":["Red Mask"],"max_hp_gain":0,"max_hp_loss":0,"event_name":"Tomb of Lord Red Mask","floor":48,"gold_loss":0}],"is_beta":false,"boss_relics":[{"not_picked":["Black Star","Runic Pyramid"],"picked":"Busted Crown"},{"not_picked":["Coffee Dripper","Astrolabe"],"picked":"Fusion Hammer"}],"items_purged_floors":[38],"is_endless":false,"potions_floor_spawned":[5,6,10,12,13,20,33,36,41,44],"ascension_level":20}}