{"host":"baymyijz6sxaqj5s","time":1609665867,"event":{"mods":["AchievementEnabler","BaseMod","Colored Map","Colored Powertips","DeckTracker","Highlight Path","KOR Keyword Fix","Keyboard Shortcuts","Minty Spire (QoL Compilation)","Quick Restart","StSLib","SuperFastMode"],"gold_per_floor":[109,119,119,119,132,132,24,24,24,24,38,51,71,101,101,201,201,218,317,336,39,39,39,49,49,76,96,96,107,73,90,90,192,192,210,210,225,236,196,196,196,196],"floor_reached":41,"playtime":1201,"items_purged":[],"score":472,"play_id":"aedd7f3d-7a62-4607-ac84-ed1e394937bf","local_time":"20210103182427","is_ascension_mode":true,"campfire_choices":[{"data":"Leg Sweep","floor":6,"key":"SMITH"},{"data":"Survivor","floor":8,"key":"SMITH"},{"floor":15,"key":"REST"},{"floor":23,"key":"REST"},{"floor":25,"key":"REST"},{"floor":28,"key":"REST"},{"floor":32,"key":"REST"},{"floor":40,"key":"REST"}],"circlet_count":0,"master_deck":["Strike_G","Strike_G","Strike_G","Strike_G","Strike_G","Defend_G","Defend_G","Defend_G","Defend_G","Defend_G","Survivor+1","Neutralize","Leg Sweep+1","Deadly Poison","Noxious Fumes","Leg Sweep","Poisoned Stab","Burst","Outmaneuver","Deadly Poison","Catalyst","Noxious Fumes","Corpse Explosion+1","Noxious Fumes+1","Catalyst"],"relics":["Ring of the Snake","Gambling Chip","Sozu","Shovel","Smiling Mask","Busted Crown"],"acts_visited":["Exordium","TheCity","TheBeyond"],"potions_floor_usage":[5,16,33],"damage_taken":[{"damage":2,"enemies":"2 Louse","floor":1,"turns":3},{"damage":6,"enemies":"Jaw Worm","floor":2,"turns":6},{"damage":19,"enemies":"Small Slimes","floor":5,"turns":5},{"damage":3,"enemies":"2 Fungi Beasts","floor":11,"turns":4},{"damage":0,"enemies":"Blue Slaver","floor":12,"turns":4},{"damage":18,"enemies":"Lots of Slimes","floor":13,"turns":6},{"damage":18,"enemies":"Hexaghost","floor":16,"turns":9},{"damage":13,"enemies":"Chosen","floor":18,"turns":5},{"damage":30,"enemies":"3 Byrds","floor":20,"turns":7},{"damage":20,"enemies":"Centurion and Healer","floor":24,"turns":8},{"damage":21,"enemies":"Snake Plant","floor":27,"turns":5},{"damage":1,"enemies":"Snecko","floor":29,"turns":5},{"damage":26,"enemies":"Cultist and Chosen","floor":31,"turns":6},{"damage":56,"enemies":"Collector","floor":33,"turns":9},{"damage":32,"enemies":"3 Shapes","floor":35,"turns":3},{"damage":16,"enemies":"3 Darklings","floor":37,"turns":3},{"damage":24,"enemies":"Maw","floor":38,"turns":5},{"damage":50,"enemies":"4 Shapes","floor":41,"turns":3}],"seed_played":"-3922335042806541081","potions_obtained":[{"floor":2,"key":"LiquidMemories"},{"floor":5,"key":"BlessingOfTheForge"},{"floor":13,"key":"FearPotion"}],"is_trial":false,"path_per_floor":["M","M","?","?","M","R","$","R","T","?","M","M","M","?","R","B",null,"M","?","M","$","?","R","M","R","T","M","R","M","$","M","R","B",null,"M","?","M","M","?","R","M"],"character_chosen":"THE_SILENT","items_purchased":["Deadly Poison","Noxious Fumes","Shovel","Catalyst"],"campfire_rested":6,"item_purchase_floors":[7,7,21,30],"current_hp_per_floor":[75,69,69,74,55,55,55,55,55,55,52,52,34,34,58,40,82,69,69,39,39,39,63,43,67,67,46,70,69,69,43,67,11,82,50,50,34,10,10,34,0,0],"gold":196,"neow_bonus":"TEN_PERCENT_HP_BONUS","is_daily":false,"chose_seed":false,"campfire_upgraded":2,"win_rate":0.0,"timestamp":1609665867,"path_taken":["M","M","?","?","M","R","$","R","T","?","M","M","M","?","R","BOSS","M","?","M","$","?","R","M","R","T","?","R","M","?","?","R","BOSS","M","?","M","?","?","R","M"],"items_purchased_type":["Card","Card","Relic","Card"],"build_version":"2020-12-22","purchased_purges":0,"victory":false,"max_hp_per_floor":[77,77,77,82,82,82,82,82,82,82,82,82,82,82,82,82,82,82,82,82,82,82,82,82,82,82,82,82,82,82,82,82,82,82,82,82,82,82,82,82,82,82],"card_choices":[{"not_picked":["Underhanded Strike","Bane","Slice"],"picked":"SKIP","floor":1},{"not_picked":["Crippling Poison","Blade Dance"],"picked":"Leg Sweep","floor":2},{"not_picked":["Calculated Gamble","Terror","PiercingWail"],"picked":"SKIP","floor":5},{"not_picked":["Dodge and Roll","PiercingWail"],"picked":"Leg Sweep","floor":11},{"not_picked":["Doppelganger","Eviscerate"],"picked":"Poisoned Stab","floor":12},{"not_picked":["Blade Dance","Underhanded Strike","Quick Slash"],"picked":"SKIP","floor":13},{"not_picked":["After Image","Tools of the Trade"],"picked":"Burst","floor":16},{"not_picked":["Setup","Concentrate"],"picked":"Outmaneuver","floor":18},{"not_picked":["Well Laid Plans","Prepared+1","Accuracy+1"],"picked":"SKIP","floor":20},{"not_picked":["Blade Dance","PiercingWail"],"picked":"Deadly Poison","floor":24},{"not_picked":["Flying Knee","Footwork+1","Leg Sweep+1"],"picked":"SKIP","floor":27},{"not_picked":["PiercingWail+1","Dagger Throw","Predator"],"picked":"SKIP","floor":29},{"not_picked":["Quick Slash+1","A Thousand Cuts"],"picked":"Noxious Fumes","floor":31},{"not_picked":["Unload","Grand Finale"],"picked":"Corpse Explosion","floor":33},{"not_picked":[],"picked":"Noxious Fumes+1","floor":35},{"not_picked":["Quick Slash"],"picked":"SKIP","floor":37},{"not_picked":["Dagger Throw"],"picked":"SKIP","floor":38}],"player_experience":309816,"relics_obtained":[{"floor":9,"key":"Gambling Chip"},{"floor":26,"key":"Smiling Mask"}],"event_choices":[{"damage_healed":0,"gold_gain":0,"player_choice":"Ignored","damage_taken":0,"max_hp_gain":0,"max_hp_loss":0,"event_name":"Golden Idol","floor":3,"gold_loss":0},{"damage_healed":0,"gold_gain":0,"player_choice":"Donut","damage_taken":0,"max_hp_gain":5,"max_hp_loss":0,"event_name":"Big Fish","floor":4,"gold_loss":0},{"damage_healed":0,"gold_gain":0,"player_choice":"Ignored","damage_taken":0,"max_hp_gain":0,"max_hp_loss":0,"event_name":"Liars Game","floor":10,"gold_loss":0},{"damage_healed":0,"gold_gain":30,"player_choice":"Searched \u00272\u0027 times","damage_taken":0,"max_hp_gain":0,"max_hp_loss":0,"event_name":"Dead Adventurer","floor":14,"gold_loss":0},{"damage_healed":0,"gold_gain":99,"player_choice":"Stole From Cult","damage_taken":0,"max_hp_gain":0,"max_hp_loss":0,"event_name":"Nest","floor":19,"gold_loss":0},{"damage_healed":0,"gold_gain":0,"player_choice":"Ignored","damage_taken":0,"max_hp_gain":0,"max_hp_loss":0,"event_name":"N\u0027loth","floor":22,"gold_loss":0},{"damage_healed":0,"gold_gain":0,"player_choice":"Copied","damage_taken":0,"max_hp_gain":0,"max_hp_loss":0,"event_name":"Duplicator","floor":36,"gold_loss":0,"cards_obtained":["Catalyst"]},{"damage_healed":0,"gold_gain":0,"player_choice":"Upgrade","damage_taken":0,"max_hp_gain":0,"max_hp_loss":0,"event_name":"Designer","floor":39,"gold_loss":40,"cards_upgraded":["Corpse Explosion"]}],"is_beta":false,"boss_relics":[{"not_picked":["Black Star","SacredBark"],"picked":"Sozu"},{"not_picked":["Cursed Key","Snecko Eye"],"picked":"Busted Crown"}],"items_purged_floors":[],"is_endless":false,"potions_floor_spawned":[2,5,13,18,27,29,35],"killed_by":"4 Shapes","ascension_level":3}}