{"host":"kh6fvhxn285ncg0o","time":1609664439,"event":{"mods":["Act Like it!","BaseMod","Colored Map","Friendly Minions","Keyboard Shortcuts","Minty Spire (QoL Compilation)","Quick Restart","Relic Stats","StSLib","SuperFastMode"],"gold_per_floor":[118,130,55,55,80,123,141,141,141,156,156,200,200,241,241,337,337,357,373,373,146,164,205,51,72,126,126,167,188,232,248,248,344,344,367,367,367,31,45,78,97,132,132,173,197,34,34,48,48,48,48],"floor_reached":50,"playtime":1416,"items_purged":["Bash","Bash","Sever Soul+1"],"score":1424,"play_id":"e53cecf3-b155-4748-a821-7aac0365fa08","local_time":"20210103180039","is_ascension_mode":true,"campfire_choices":[{"floor":8.0,"key":"REST"},{"data":"Carnage","floor":11.0,"key":"SMITH"},{"data":"Immolate","floor":13.0,"key":"SMITH"},{"data":"Seeing Red","floor":15.0,"key":"SMITH"},{"floor":32,"key":"REST"},{"floor":49,"key":"RECALL"}],"circlet_count":0,"master_deck":["AscendersBane","Defend_R","Defend_R","Defend_R","Defend_R","Carnage+1","Metallicize","Second Wind","Seeing Red+1","Immolate+1","Shockwave","Offering","Combust+1","Carnage+1","Feel No Pain+1","Evolve","Offering","Flash of Steel+1","Barricade","Flash of Steel","Deep Breath","Feel No Pain","Body Slam","Burning Pact","Power Through","Rage+1"],"relics":["Burning Blood","Golden Idol","FossilizedHelix","Blue Candle","The Courier","Regal Pillow","Astrolabe","DollysMirror","MealTicket","Ancient Tea Set","Whetstone","Pear","Mark of Pain","Happy Flower","Sundial","Orichalcum","Letter Opener","Pen Nib"],"acts_visited":["Exordium","TheCity","TheBeyond"],"potions_floor_usage":[30,33,41,50],"damage_taken":[{"damage":0.0,"enemies":"2 Louse","floor":1.0,"turns":2.0},{"damage":4.0,"enemies":"Jaw Worm","floor":2.0,"turns":5.0},{"damage":0.0,"enemies":"Cultist","floor":5.0,"turns":3.0},{"damage":24.0,"enemies":"Gremlin Nob","floor":6.0,"turns":4.0},{"damage":18.0,"enemies":"Gremlin Gang","floor":7.0,"turns":7.0},{"damage":1.0,"enemies":"Looter","floor":10.0,"turns":3.0},{"damage":11.0,"enemies":"3 Sentries","floor":12.0,"turns":8.0},{"damage":2.0,"enemies":"Lagavulin","floor":14.0,"turns":6.0},{"damage":25.0,"enemies":"The Guardian","floor":16.0,"turns":10.0},{"damage":0.0,"enemies":"Chosen","floor":18.0,"turns":2.0},{"damage":14.0,"enemies":"Shell Parasite","floor":19.0,"turns":6.0},{"damage":6.0,"enemies":"3 Cultists","floor":22.0,"turns":3.0},{"damage":14.0,"enemies":"Gremlin Leader","floor":23.0,"turns":5.0},{"damage":12.0,"enemies":"Shelled Parasite and Fungi","floor":25.0,"turns":3.0},{"damage":21.0,"enemies":"Book of Stabbing","floor":28.0,"turns":4.0},{"damage":16.0,"enemies":"Snecko","floor":29.0,"turns":4.0},{"damage":42,"enemies":"Slavers","floor":30,"turns":5},{"damage":21,"enemies":"Snake Plant","floor":31,"turns":5},{"damage":19,"enemies":"Collector","floor":33,"turns":4},{"damage":9,"enemies":"3 Darklings","floor":35,"turns":5},{"damage":0,"enemies":"Orb Walker","floor":39,"turns":2},{"damage":22,"enemies":"Nemesis","floor":40,"turns":7},{"damage":15,"enemies":"Transient","floor":41,"turns":6},{"damage":39,"enemies":"Reptomancer","floor":42,"turns":7},{"damage":6,"enemies":"Giant Head","floor":44,"turns":7},{"damage":14,"enemies":"Writhing Mass","floor":45,"turns":5},{"damage":12,"enemies":"3 Darklings","floor":48,"turns":2},{"damage":18,"enemies":"Awakened One","floor":50,"turns":5}],"seed_played":"8039033013204359197","potions_obtained":[{"floor":1.0,"key":"Weak Potion"},{"floor":10.0,"key":"PowerPotion"},{"floor":14.0,"key":"LiquidMemories"},{"floor":16.0,"key":"Regen Potion"},{"floor":19.0,"key":"AttackPotion"},{"floor":29.0,"key":"Regen Potion"},{"floor":31,"key":"ColorlessPotion"},{"floor":35,"key":"Weak Potion"},{"floor":44,"key":"BlessingOfTheForge"},{"floor":45,"key":"Strength Potion"},{"floor":48,"key":"LiquidMemories"}],"is_trial":false,"path_per_floor":["M","M","?","?","M","E","M","R","T","M","R","E","R","E","R","B",null,"M","M","?","$","M","E","$","M","T","?","E","M","E","M","R","B",null,"M","?","?","$","M","E","M","E","T","E","M","$","?","M","R","B"],"character_chosen":"IRONCLAD","items_purchased":["Evolve","DollysMirror","Flash of Steel","Happy Flower","Sundial","Power Through"],"campfire_rested":2,"item_purchase_floors":[21,21,24,38,38,46],"current_hp_per_floor":[56,58,58,58,64,46,34,54,54,59,59,54,54,58,58,39,61,67,68,68,68,68,60,68,62,62,62,47,37,25,10,48,35,67,64,54,54,69,75,59,50,17,17,17,9,24,24,18,18,0,0],"gold":48,"neow_bonus":"TRANSFORM_TWO_CARDS","is_daily":false,"chose_seed":false,"campfire_upgraded":3,"win_rate":0.0,"timestamp":1609664439,"path_taken":["M","M","?","?","M","E","M","R","T","M","R","E","R","E","R","BOSS","M","M","?","$","M","E","?","?","T","?","E","M","E","?","R","BOSS","M","?","?","$","M","E","M","E","T","E","M","?","?","M","R","BOSS"],"items_purchased_type":["Card","Relic","Card","Relic","Relic","Card"],"build_version":"2020-12-22","purchased_purges":3,"victory":false,"max_hp_per_floor":[75,75,75,68,68,68,68,68,68,68,68,68,68,68,68,68,68,68,68,68,68,68,68,68,68,68,68,68,68,78,78,78,78,78,78,78,78,78,78,78,78,78,78,78,78,78,78,78,78,78,78],"relic_stats":{"Regal Pillow":15,"Happy Flower":[13],"counters":[28,135],"Golden Idol":165,"Blue Candle":[0],"Astrolabe":["Combust","Carnage","Feel No Pain"],"Pen Nib":[1],"Whetstone":["Sever Soul","Flash of Steel"],"Letter Opener":[72],"Orichalcum":[30],"Burning Blood":162,"Sundial":[24],"MealTicket":38,"obtain_stats":[{"Regal Pillow":14,"Pear":30,"Happy Flower":38,"Golden Idol":4,"Blue Candle":9,"Astrolabe":17,"The Courier":12,"Pen Nib":44,"Whetstone":28,"Letter Opener":42,"Orichalcum":40,"Ancient Tea Set":26,"Burning Blood":0,"DollysMirror":21,"Sundial":38,"MealTicket":23,"Mark of Pain":34,"FossilizedHelix":6},{"Regal Pillow":8,"Pear":17,"Happy Flower":20,"Golden Idol":2,"Blue Candle":5,"Astrolabe":9,"The Courier":7,"Pen Nib":25,"Whetstone":15,"Letter Opener":24,"Orichalcum":22,"Ancient Tea Set":14,"Burning Blood":0,"DollysMirror":11,"Sundial":20,"MealTicket":13,"Mark of Pain":19,"FossilizedHelix":4},{"Regal Pillow":38,"Pear":80,"Happy Flower":94,"Golden Idol":7,"Blue Candle":21,"Astrolabe":48,"The Courier":32,"Pen Nib":123,"Whetstone":71,"Letter Opener":116,"Orichalcum":103,"Ancient Tea Set":67,"Burning Blood":0,"DollysMirror":56,"Sundial":94,"MealTicket":64,"Mark of Pain":89,"FossilizedHelix":14}]},"card_choices":[{"not_picked":["Rampage","Combust","Iron Wave"],"picked":"SKIP","floor":1.0},{"not_picked":["Rupture","True Grit"],"picked":"Carnage","floor":2.0},{"not_picked":["Havoc","Flex","Armaments"],"picked":"SKIP","floor":5.0},{"not_picked":["Hemokinesis","Infernal Blade","Metallicize"],"picked":"SKIP","floor":6.0},{"not_picked":["Hemokinesis","Infernal Blade"],"picked":"Metallicize","floor":6.0},{"not_picked":["Infernal Blade","Body Slam"],"picked":"Second Wind","floor":7.0},{"not_picked":["Reaper","Combust"],"picked":"Seeing Red","floor":10.0},{"not_picked":["Havoc","Sword Boomerang"],"picked":"Immolate","floor":12.0},{"not_picked":["Twin Strike","Infernal Blade"],"picked":"Shockwave","floor":14.0},{"not_picked":["Feed","Exhume"],"picked":"Offering","floor":16.0},{"not_picked":["Clothesline","Body Slam","Thunderclap"],"picked":"SKIP","floor":18.0},{"not_picked":["Perfected Strike","Wild Strike","Shockwave"],"picked":"SKIP","floor":19.0},{"not_picked":["Intimidate","Armaments","True Grit+1"],"picked":"SKIP","floor":22.0},{"not_picked":["Anger","Entrench","Armaments"],"picked":"SKIP","floor":23.0},{"not_picked":["Intimidate","Exhume","True Grit"],"picked":"SKIP","floor":25.0},{"not_picked":["Rampage","Warcry","Anger+1"],"picked":"SKIP","floor":28.0},{"not_picked":["True Grit+1","Perfected Strike","Reckless Charge"],"picked":"SKIP","floor":29.0},{"not_picked":["Shrug It Off","Feel No Pain","Pommel Strike"],"picked":"SKIP","floor":30},{"not_picked":["Seeing Red","Headbutt+1","Twin Strike"],"picked":"SKIP","floor":31},{"not_picked":["Feed","Exhume"],"picked":"Barricade","floor":33},{"not_picked":["Clash","Searing Blow","Cleave"],"picked":"SKIP","floor":35},{"not_picked":["Secret Weapon","Jack Of All Trades"],"picked":"Flash of Steel","floor":36},{"not_picked":["Blind","Forethought"],"picked":"Deep Breath","floor":36},{"not_picked":["Pummel","Sword Boomerang","Feel No Pain"],"picked":"SKIP","floor":39},{"not_picked":["Pummel","Sword Boomerang"],"picked":"Feel No Pain","floor":39},{"not_picked":["Metallicize+1","Heavy Blade","Wild Strike"],"picked":"SKIP","floor":40},{"not_picked":["True Grit","Reaper","Twin Strike"],"picked":"SKIP","floor":41},{"not_picked":["Clothesline","Shrug It Off"],"picked":"Body Slam","floor":42},{"not_picked":["Body Slam","Entrench"],"picked":"Burning Pact","floor":44},{"not_picked":["Anger","Sword Boomerang","Havoc"],"picked":"SKIP","floor":45},{"not_picked":["Cleave","Intimidate+1"],"picked":"Rage+1","floor":48}],"player_experience":3354324,"relics_obtained":[{"floor":6.0,"key":"FossilizedHelix"},{"floor":9.0,"key":"Blue Candle"},{"floor":12.0,"key":"The Courier"},{"floor":14.0,"key":"Regal Pillow"},{"floor":23.0,"key":"MealTicket"},{"floor":26.0,"key":"Ancient Tea Set"},{"floor":28.0,"key":"Whetstone"},{"floor":30,"key":"Pear"},{"floor":40,"key":"Orichalcum"},{"floor":42,"key":"Letter Opener"},{"floor":44,"key":"Pen Nib"}],"event_choices":[{"cards_removed":["Strike_R"],"damage_healed":0.0,"max_hp_gain":0.0,"max_hp_loss":0.0,"gold_gain":0.0,"event_name":"The Cleric","player_choice":"Card Removal","floor":3.0,"gold_loss":75.0,"damage_taken":0.0},{"damage_healed":0.0,"max_hp_gain":0.0,"max_hp_loss":7.0,"gold_gain":0.0,"event_name":"Golden Idol","player_choice":"Lose Max HP","floor":4.0,"gold_loss":0.0,"damage_taken":0.0,"relics_obtained":["Golden Idol"]},{"damage_healed":0.0,"max_hp_gain":0.0,"max_hp_loss":0.0,"gold_gain":0.0,"event_name":"Match and Keep!","player_choice":"1 cards matched","floor":20.0,"gold_loss":0.0,"damage_taken":0.0,"cards_obtained":["Bash"]},{"damage_healed":0.0,"max_hp_gain":0.0,"max_hp_loss":0.0,"gold_gain":0.0,"cards_transformed":["Clash"],"event_name":"Transmorgrifier","player_choice":"Transformed","floor":27.0,"gold_loss":0.0,"damage_taken":0.0,"cards_obtained":["Sever Soul"]},{"damage_healed":0,"gold_gain":0,"player_choice":"Memory 3","damage_taken":10,"max_hp_gain":0,"max_hp_loss":0,"event_name":"SensoryStone","floor":36,"gold_loss":0},{"damage_healed":0,"gold_gain":0,"player_choice":"Ignored","damage_taken":0,"max_hp_gain":0,"max_hp_loss":0,"event_name":"Tomb of Lord Red Mask","floor":37,"gold_loss":0},{"damage_healed":0,"gold_gain":0,"player_choice":"Ignored","damage_taken":0,"max_hp_gain":0,"max_hp_loss":0,"event_name":"SecretPortal","floor":47,"gold_loss":0}],"is_beta":false,"boss_relics":[{"not_picked":["Tiny House","Fusion Hammer"],"picked":"Astrolabe"},{"not_picked":["Runic Pyramid","Black Blood"],"picked":"Mark of Pain"}],"items_purged_floors":[21,24,46],"is_endless":false,"potions_floor_spawned":[1,10,14,16,19,29,31,35,44,45,48],"killed_by":"Awakened One","ascension_level":20}}