{"host":"y2d5jdk6et74e3ks","time":1609636622,"event":{"mods":["BaseMod","Colored Map","Downfall","Hubris","Minty Spire (QoL Compilation)","Replay The Spire","StSLib"],"gold_per_floor":[111,2,2,2,12,44,44,55,102,102,119,119,119,10000,10000,10000,10000],"floor_reached":16,"playtime":1033,"items_purged":["Strike_R"],"score":138,"play_id":"763e4059-4736-4d86-b194-c0852c5791bc","local_time":"20210102201702","is_ascension_mode":true,"campfire_choices":[{"data":"Heavy Blade","floor":7,"key":"SMITH"},{"data":"Bash","floor":10,"key":"SMITH"},{"floor":12,"key":"REST"},{"data":"Limit Break","floor":15,"key":"SMITH"}],"circlet_count":0,"master_deck":["Strike_R","Strike_R","Strike_R","Strike_R","Defend_R","Defend_R","Defend_R","Defend_R","Bash+1","Headbutt","hubris:ReadiedAction","hubris:ReadiedAction","Shrug It Off+1","Heavy Blade+1","Metallicize","Flame Barrier","Limit Break+1"],"relics":["Burning Blood","Ornamental Fan","Oddly Smooth Stone","ReplayTheSpireMod:TigerMarble"],"acts_visited":[],"potions_floor_usage":[16],"damage_taken":[{"damage":1,"enemies":"Cultist","floor":1,"turns":3},{"damage":0,"enemies":"2 Louse","floor":5,"turns":2},{"damage":31,"enemies":"Replay:BlueRogue","floor":6,"turns":7},{"damage":7,"enemies":"Jaw Worm","floor":8,"turns":3},{"damage":35,"enemies":"Gremlin Gang","floor":11,"turns":7},{"damage":18,"enemies":"Gremlin Nob","floor":14,"turns":4},{"damage":59,"enemies":"Fading Forest","floor":16,"turns":9}],"seed_played":"-8749098773868773111","potions_obtained":[{"floor":1,"key":"Swift Potion"},{"floor":14,"key":"Milkshake"}],"is_trial":false,"path_per_floor":["M","$","?","$","M","E","R","M","T","R","M","R","?","E","R","B"],"character_chosen":"IRONCLAD","items_purchased":["hubris:ReadiedAction"],"campfire_rested":1,"item_purchase_floors":[2],"current_hp_per_floor":[77,77,77,77,83,58,58,57,57,57,28,56,56,44,44,0,0],"gold":10000,"neow_bonus":"TWENTY_PERCENT_HP_BONUS","is_daily":false,"chose_seed":false,"campfire_upgraded":3,"win_rate":0.0,"timestamp":1609636622,"path_taken":["M","?","?","$","M","E","R","M","T","R","?","R","?","E","R","BOSS"],"items_purchased_type":["Card"],"build_version":"2020-12-22","purchased_purges":1,"victory":false,"max_hp_per_floor":[96,96,96,96,96,96,96,96,96,96,96,96,96,96,96,96,96],"card_choices":[{"not_picked":["Abandon","Armaments"],"picked":"Headbutt","floor":1},{"not_picked":["Clothesline","True Grit"],"picked":"Shrug It Off","floor":5},{"not_picked":["Headbutt","ReplayTheSpireMod:Strike From Hell"],"picked":"Heavy Blade","floor":6},{"not_picked":["Twin Strike","Body Slam"],"picked":"Metallicize","floor":8},{"not_picked":["Cleave","ReplayTheSpireMod:Strike From Hell"],"picked":"Flame Barrier","floor":11},{"not_picked":["Rampage","Wild Strike"],"picked":"Limit Break","floor":14}],"player_experience":114262,"relics_obtained":[{"floor":6,"key":"Oddly Smooth Stone"},{"floor":14,"key":"ReplayTheSpireMod:TigerMarble"}],"event_choices":[{"damage_healed":0,"gold_gain":0,"player_choice":"Gave Potion","damage_taken":0,"relics_obtained":["Ornamental Fan"],"max_hp_gain":0,"max_hp_loss":0,"event_name":"WeMeetAgain","floor":3,"gold_loss":0},{"damage_healed":0,"gold_gain":0,"player_choice":"Upgraded","damage_taken":0,"max_hp_gain":0,"max_hp_loss":0,"event_name":"Upgrade Shrine","floor":13,"gold_loss":0,"cards_upgraded":["Shrug It Off"]}],"is_beta":false,"boss_relics":[],"items_purged_floors":[2],"is_endless":false,"potions_floor_spawned":[1,14],"killed_by":"Fading Forest","ascension_level":1}}