{"host":"ta9mufxydm4vkknf","time":1609687799,"event":{"mods":["AchievementEnabler","BaseMod","Minty Spire (QoL Compilation)"],"gold_per_floor":[110,110,127,140,154,154,184,234,279,279,305,317,346,374,386,500,512,540,552,582,605,151,151,184,184,209,209,226,239,258,293,293,393,393,408,425,475,475,124,124,150,150,199,199,199],"floor_reached":46,"playtime":3212,"items_purged":["Strike_B","Defend_B"],"score":863,"play_id":"651a0e0e-73c5-45b9-af3b-11c9389485af","local_time":"20210103162959","is_ascension_mode":true,"campfire_choices":[{"data":"Loop","floor":6,"key":"SMITH"},{"data":"Zap","floor":10,"key":"SMITH"},{"floor":15,"key":"REST"},{"data":"Chill","floor":23,"key":"SMITH"},{"data":"Ball Lightning","floor":25,"key":"SMITH"},{"data":"Rebound","floor":27,"key":"SMITH"},{"data":"Seek","floor":32,"key":"SMITH"},{"floor":40,"key":"DIG"},{"floor":42,"key":"REST"}],"circlet_count":0,"master_deck":["Strike_B","Strike_B","Defend_B","Defend_B","Defend_B","Zap+1","Dualcast","Defragment+1","Loop+1","Cold Snap","Ball Lightning+1","Barrage","Sweeping Beam","Chill+1","Hello World","Meteor Strike","CurseOfTheBell","Genetic Algorithm+1","White Noise","Rebound+1","Amplify","FTL","Seek+1","Echo Form","Capacitor","Redo+1","Leap+1","BootSequence"],"relics":["Cracked Core","Bag of Marbles","InkBottle","Nunchaku","Ancient Tea Set","MawBank","Bronze Scales","HornCleat","Du-Vu Doll","Nloth\u0027s Gift","OrangePellets","Eternal Feather","Happy Flower","Art of War","Sundial","Nuclear Battery","Shovel","Bottled Tornado","Pen Nib","Thread and Needle","Regal Pillow"],"acts_visited":["Exordium","TheCity","TheBeyond"],"potions_floor_usage":[20,31,35,45],"damage_taken":[{"damage":0,"enemies":"Cultist","floor":1,"turns":3},{"damage":2,"enemies":"Small Slimes","floor":3,"turns":3},{"damage":2,"enemies":"2 Louse","floor":4,"turns":3},{"damage":6,"enemies":"Looter","floor":5,"turns":3},{"damage":15,"enemies":"3 Sentries","floor":7,"turns":5},{"damage":20,"enemies":"Lagavulin","floor":11,"turns":5},{"damage":2,"enemies":"2 Fungi Beasts","floor":13,"turns":2},{"damage":4,"enemies":"Exordium Thugs","floor":14,"turns":3},{"damage":24,"enemies":"Hexaghost","floor":16,"turns":7},{"damage":12,"enemies":"2 Thieves","floor":18,"turns":4},{"damage":0,"enemies":"3 Byrds","floor":20,"turns":3},{"damage":16,"enemies":"Snecko","floor":21,"turns":4},{"damage":14,"enemies":"Gremlin Leader","floor":24,"turns":5},{"damage":4,"enemies":"3 Cultists","floor":28,"turns":4},{"damage":14,"enemies":"Shelled Parasite and Fungi","floor":29,"turns":4},{"damage":0,"enemies":"Sentry and Sphere","floor":30,"turns":4},{"damage":15,"enemies":"Book of Stabbing","floor":31,"turns":5},{"damage":25,"enemies":"Champ","floor":33,"turns":11},{"damage":18,"enemies":"3 Darklings","floor":35,"turns":5},{"damage":9,"enemies":"Orb Walker","floor":36,"turns":3},{"damage":3,"enemies":"Mind Bloom Boss Battle","floor":37,"turns":6},{"damage":37,"enemies":"Reptomancer","floor":41,"turns":5},{"damage":22,"enemies":"Donu and Deca","floor":45,"turns":8}],"seed_played":"-1231228342643412052","potions_obtained":[{"floor":4,"key":"SteroidPotion"},{"floor":7,"key":"SteroidPotion"},{"floor":11,"key":"Regen Potion"},{"floor":13,"key":"PowerPotion"},{"floor":21,"key":"SteroidPotion"},{"floor":31,"key":"SkillPotion"},{"floor":36,"key":"FearPotion"},{"floor":37,"key":"Dexterity Potion"}],"is_trial":false,"path_per_floor":["M","?","M","M","M","R","E","T","T","R","E","?","M","M","R","B",null,"M","?","M","M","$","R","E","R","T","R","M","M","M","E","R","B",null,"M","M","?","?","$","R","E","R","T","?","B",null],"character_chosen":"DEFECT","items_purchased":["OrangePellets","Eternal Feather","Bottled Tornado"],"campfire_rested":2,"item_purchase_floors":[22,22,39],"current_hp_per_floor":[75,75,73,71,65,65,50,50,50,50,30,23,21,17,39,15,75,63,63,68,52,52,64,50,62,62,74,70,56,56,41,56,31,75,57,48,45,45,45,60,23,60,60,60,38],"gold":199,"neow_bonus":"RANDOM_COMMON_RELIC","is_daily":false,"chose_seed":false,"campfire_upgraded":6,"win_rate":0.0,"timestamp":1609687799,"path_taken":["M","?","M","?","M","R","E","?","T","R","E","?","M","M","R","BOSS","M","?","M","M","$","R","E","R","T","R","?","M","M","E","R","BOSS","M","M","?","?","$","R","E","R","T","?","BOSS"],"items_purchased_type":["Relic","Relic","Relic"],"build_version":"2020-12-22","purchased_purges":2,"victory":true,"max_hp_per_floor":[75,75,75,75,75,75,75,75,75,75,75,75,75,75,75,75,75,75,75,75,75,75,75,75,75,75,75,75,75,75,75,75,75,75,75,75,75,75,75,75,75,75,75,75,75],"card_choices":[{"not_picked":["Stack","Turbo"],"picked":"Defragment","floor":1},{"not_picked":["Fusion","Rebound"],"picked":"Loop","floor":3},{"not_picked":["Recycle","Gash"],"picked":"Cold Snap","floor":4},{"not_picked":["Beam Cell","FTL"],"picked":"Ball Lightning","floor":5},{"not_picked":["Cold Snap","Compile Driver"],"picked":"Barrage","floor":7},{"not_picked":["Hologram","Double Energy"],"picked":"Sweeping Beam","floor":11},{"not_picked":["Gash","BootSequence"],"picked":"Chill","floor":13},{"not_picked":["Barrage","Cold Snap"],"picked":"Hello World","floor":14},{"not_picked":["Rainbow","Fission"],"picked":"Meteor Strike","floor":16},{"not_picked":["Barrage","Beam Cell"],"picked":"Genetic Algorithm+1","floor":18},{"not_picked":["Conserve Battery","Barrage"],"picked":"White Noise","floor":20},{"not_picked":["Hologram","Genetic Algorithm"],"picked":"Rebound","floor":21},{"not_picked":["Compile Driver","Double Energy+1"],"picked":"Amplify","floor":24},{"not_picked":["Force Field+1","Meteor Strike"],"picked":"FTL","floor":28},{"not_picked":["Stack","Rebound+1"],"picked":"Barrage+1","floor":29},{"not_picked":["Rebound+1","Buffer","Barrage"],"picked":"SKIP","floor":30},{"not_picked":["Undo+1","Barrage+1"],"picked":"Seek","floor":31},{"not_picked":["Hyperbeam","Meteor Strike"],"picked":"Echo Form","floor":33},{"not_picked":["Echo Form","Streamline+1"],"picked":"Capacitor","floor":35},{"not_picked":["Fission","Cold Snap"],"picked":"Redo+1","floor":36},{"not_picked":["Meteor Strike","Aggregate"],"picked":"Leap+1","floor":37},{"not_picked":["Cold Snap+1","Streamline+1"],"picked":"BootSequence","floor":41}],"player_experience":160022,"relics_obtained":[{"floor":7,"key":"InkBottle"},{"floor":8,"key":"Nunchaku"},{"floor":9,"key":"Ancient Tea Set"},{"floor":11,"key":"MawBank"},{"floor":17,"key":"Bronze Scales"},{"floor":17,"key":"HornCleat"},{"floor":17,"key":"Du-Vu Doll"},{"floor":24,"key":"Happy Flower"},{"floor":26,"key":"Art of War"},{"floor":31,"key":"Sundial"},{"floor":37,"key":"Shovel"},{"floor":40,"key":"Pen Nib"},{"floor":41,"key":"Thread and Needle"},{"floor":43,"key":"Regal Pillow"}],"event_choices":[{"damage_healed":0,"gold_gain":0,"player_choice":"Upgraded","damage_taken":0,"max_hp_gain":0,"max_hp_loss":0,"event_name":"Upgrade Shrine","floor":2,"gold_loss":0,"cards_upgraded":["Defragment"]},{"cards_removed":["Strike_B"],"damage_healed":0,"gold_gain":0,"player_choice":"Card Removal","damage_taken":7,"max_hp_gain":0,"max_hp_loss":0,"event_name":"Golden Wing","floor":12,"gold_loss":0},{"damage_healed":0,"gold_gain":0,"player_choice":"Traded Relic","damage_taken":0,"relics_obtained":["Nloth\u0027s Gift"],"max_hp_gain":0,"max_hp_loss":0,"event_name":"N\u0027loth","floor":19,"relics_lost":["Calling Bell"],"gold_loss":0},{"damage_healed":0,"gold_gain":0,"player_choice":"Fight","damage_taken":0,"max_hp_gain":0,"max_hp_loss":0,"event_name":"MindBloom","floor":37,"gold_loss":0},{"cards_removed":["Barrage"],"damage_healed":0,"gold_gain":0,"player_choice":"Removed Attack","damage_taken":0,"max_hp_gain":0,"max_hp_loss":0,"event_name":"Falling","floor":38,"gold_loss":0},{"damage_healed":0,"gold_gain":0,"player_choice":"Took Portal","damage_taken":0,"max_hp_gain":0,"max_hp_loss":0,"event_name":"SecretPortal","floor":44,"gold_loss":0}],"is_beta":false,"boss_relics":[{"not_picked":["Runic Pyramid","SlaversCollar"],"picked":"Calling Bell"},{"not_picked":["Astrolabe","Tiny House"],"picked":"Nuclear Battery"}],"items_purged_floors":[22,39],"is_endless":false,"potions_floor_spawned":[4,7,11,13,18,21,24,31,36,37],"ascension_level":2}}