{"host":"r0e4s450fexxrjel","time":1609666914,"event":{"mods":["AchievementEnabler","Act Like it!","AlwaysNeverKeys","BaseMod","Better Third Choice","Colored Map","Conspire","Dota2Spire","Downfall","Energized Spire","Evolution","Friendly Minions","GifTheSpireLib","Gold Saver","Hubris","Infinite Spire","Minty Spire (QoL Compilation)","RRrroohrrRGHHhhh!!","Replay The Spire","Shop Mod","StSLib","The Dragon Tamer","??????REMEMod"],"gold_per_floor":[1261,1261,1261,1273,1288,1298,1298,1314,1314,1324,1324,1343,1371,1389,1406,1406,1406,1406],"floor_reached":16,"playtime":616,"items_purged":[],"score":131,"play_id":"b2646e98-8fc2-46bc-b874-2b6210f781eb","local_time":"20210103104154","is_ascension_mode":false,"campfire_choices":[{"data":"champ:Execute","floor":1,"key":"SMITH"},{"data":"champ:GladiatorStyle","floor":9,"key":"SMITH"},{"data":"champ:CheapShot","floor":11,"key":"SMITH"}],"circlet_count":0,"master_deck":["champ:Strike","champ:Strike","champ:Strike","champ:Defend","champ:Defend","champ:Defend","champ:Defend","champ:Execute+1","champ:Taunt","champ:CheapShot+1","champ:FlashCut","champ:FanOfKnives","champ:GladiatorStyle+1","champ:ShieldSlam","champ:ShieldWall","champ:FalseCounter","champ:Encircle","champ:StanceDance"],"relics":["champ:ChampionCrown","EVO:Axolotl","REME_ComplimentaryCards","downfall:HeartBlessingRed","downfall:HeartBlessingGreen","downfall:HeartBlessingBlue","infinitespire:PuzzleCube","Replay:Mystery Machine"],"acts_visited":["Exordium"],"potions_floor_usage":[14,14,16],"damage_taken":[{"damage":5,"enemies":"Small Slimes","floor":4,"turns":5},{"damage":10,"enemies":"Jaw Worm","floor":5,"turns":3},{"damage":16,"enemies":"infinitespire:Voidling","floor":6,"turns":3},{"damage":3,"enemies":"2 Fungi Beasts","floor":8,"turns":3},{"damage":6,"enemies":"Red Slaver","floor":10,"turns":5},{"damage":5,"enemies":"3 Louse","floor":12,"turns":4},{"damage":34,"enemies":"Lagavulin","floor":13,"turns":6},{"damage":32,"enemies":"Gremlin Gang","floor":14,"turns":4},{"damage":25,"enemies":"Blue Slaver","floor":15,"turns":3},{"damage":46,"enemies":"downfall:Ironclad","floor":16,"turns":5}],"seed_played":"-1311532580442694067","potions_obtained":[{"floor":4,"key":"Dota2Spire:HealingSalve"},{"floor":5,"key":"GamblersBrew"},{"floor":10,"key":"LiquidBronze"},{"floor":14,"key":"BlessingOfTheForge"}],"is_trial":false,"path_per_floor":["R","?","?","M","M","M","T","M","R","M","R","M","E","M","M","B"],"character_chosen":"THE_CHAMP","items_purchased":[],"campfire_rested":0,"item_purchase_floors":[],"current_hp_per_floor":[109,109,109,109,104,97,97,94,94,91,91,91,70,50,34,0,0,0],"gold":1406,"neow_bonus":"TEN_PERCENT_HP_BONUS","is_daily":false,"chose_seed":false,"campfire_upgraded":3,"win_rate":0.0,"timestamp":1609666914,"path_taken":["R","?","?","M","M","M","T","M","R","?","R","M","E","M","M","BOSS"],"items_purchased_type":[],"build_version":"2020-12-22","purchased_purges":0,"victory":false,"max_hp_per_floor":[109,109,109,109,109,109,109,109,109,109,109,109,109,109,109,109,109,109],"card_choices":[{"not_picked":["champ:BringItOn","champ:Lariat"],"picked":"champ:FlashCut","floor":4},{"not_picked":["champ:GutPunch","champ:FaceSlap"],"picked":"champ:FanOfKnives","floor":5},{"not_picked":["champ:GladiatorsShout","champ:EnragedBash"],"picked":"champ:GladiatorStyle","floor":6},{"not_picked":["champ:StanceDance","champ:BladeFlurry","champ:FocusedBerserking"],"picked":"SKIP","floor":8},{"not_picked":["champ:StanceDance","champ:FocusedBerserking"],"picked":"champ:ShieldSlam","floor":10},{"not_picked":["champ:FlashCut","champ:RecklessLeap"],"picked":"champ:ShieldWall","floor":12},{"not_picked":["champ:EnGarde","champ:FanOfKnives"],"picked":"champ:FalseCounter","floor":13},{"not_picked":["champ:FocusedGladiator","champ:Circumvent"],"picked":"champ:Encircle","floor":14},{"not_picked":["champ:Shatter","champ:FocusedGladiator"],"picked":"champ:StanceDance","floor":15}],"player_experience":50939,"relics_obtained":[{"floor":7,"key":"infinitespire:PuzzleCube"},{"floor":13,"key":"Replay:Mystery Machine"}],"event_choices":[{"damage_healed":0,"gold_gain":0,"player_choice":"Ignored","damage_taken":0,"max_hp_gain":0,"max_hp_loss":0,"event_name":"Purifier","floor":3,"gold_loss":0}],"is_beta":false,"boss_relics":[],"items_purged_floors":[],"is_endless":false,"potions_floor_spawned":[4,5,10,14],"killed_by":"downfall:Ironclad","ascension_level":0}}