{"host":"qnk15saze0ayia2v","time":1609672626,"event":{"mods":["BaseMod","GifTheSpireLib","Koishi","Marisa????????","Minty Spire (QoL Compilation)","Replay The Spire","StSLib","The Necromancer","The Servant 0.9.4"],"gold_per_floor":[115,0,0,16,32,32,32,32,32,32,32,5,180,191,191,289,289,308,308,113,124,142,142,142],"floor_reached":23,"playtime":1722,"items_purged":["Strike_P","Doubt"],"score":204,"play_id":"0f1b5dfe-ca62-4d88-8995-43ba19db1f24","local_time":"20210103121706","is_ascension_mode":false,"campfire_choices":[{"data":"LikeWater","floor":6,"key":"SMITH"},{"data":"PathToVictory","floor":10,"key":"SMITH"},{"floor":15,"key":"REST"}],"circlet_count":0,"master_deck":["Strike_P","Defend_P","Defend_P+1","Defend_P","Eruption+1","Vigilance+1","LikeWater+1","PathToVictory+1","Ragnarok","ClearTheMind","Doubt","Replay:ManipulateFuture","Crescendo","DeusExMachina","Injury","Sickly","Consecrate+1"],"relics":["PureWater","Replay:PocketPolymizer","ReplayTheSpireMod:Ninjato","Replay:Ancient Bell","Smiling Mask","Darkstone Periapt","Incense Burner","Shuriken","Lantern"],"acts_visited":["Exordium","TheCity"],"potions_floor_usage":[16,16,23],"damage_taken":[{"damage":0,"enemies":"Small Slimes","floor":1,"turns":3},{"damage":0,"enemies":"2 Louse","floor":4,"turns":1},{"damage":0,"enemies":"Jaw Worm","floor":5,"turns":4},{"damage":1,"enemies":"Lots of Slimes","floor":14,"turns":4},{"damage":1,"enemies":"Slime Boss","floor":16,"turns":8},{"damage":25,"enemies":"Spheric Guardian","floor":18,"turns":4},{"damage":17,"enemies":"3 Byrds","floor":21,"turns":6},{"damage":11,"enemies":"Centurion and Healer","floor":22,"turns":8},{"damage":41,"enemies":"Shelled Parasite and Fungi","floor":23,"turns":4}],"seed_played":"-4886621406177208626","potions_obtained":[{"floor":4,"key":"Swift Potion"},{"floor":5,"key":"Strength Potion"},{"floor":16,"key":"Elixir"},{"floor":22,"key":"BottledMiracle"}],"is_trial":false,"path_per_floor":["M","$","?","M","M","R","?","?","T","R","T","$","?","M","R","B",null,"M","?","$","M","M","M"],"character_chosen":"WATCHER","items_purchased":["LikeWater","ClearTheMind","Lantern"],"campfire_rested":1,"item_purchase_floors":[2,12,20],"current_hp_per_floor":[72,72,58,58,58,58,58,51,51,51,51,51,51,50,71,70,90,65,65,65,48,37,0,0],"gold":142,"neow_bonus":"RANDOM_EVENT","is_daily":false,"chose_seed":false,"campfire_upgraded":2,"win_rate":0.0,"timestamp":1609672626,"path_taken":["M","$","?","M","M","R","?","?","T","R","?","$","?","M","R","BOSS","M","?","$","M","M","?"],"items_purchased_type":["Card","Card","Relic"],"build_version":"2020-12-22","purchased_purges":2,"victory":false,"max_hp_per_floor":[72,72,72,72,72,72,72,72,72,72,72,72,72,72,72,72,90,90,90,90,90,90,90,90],"card_choices":[{"not_picked":["Protect","CrushJoints"],"picked":"Consecrate","floor":1},{"not_picked":["BattleHymn","Prostrate"],"picked":"PathToVictory","floor":4},{"not_picked":["WheelKick","CrushJoints","FlyingSleeves"],"picked":"SKIP","floor":5},{"not_picked":["DeceiveReality","Weave"],"picked":"Replay:ManipulateFuture","floor":14},{"not_picked":["Brilliance","Scrawl"],"picked":"DeusExMachina","floor":16},{"not_picked":["Sickly","Decay"],"picked":"Doubt","floor":17},{"not_picked":["ReplayTheSpireMod:Splinters","Writhe"],"picked":"Injury","floor":17},{"not_picked":["Shame","Replay:Hysterical Blindness"],"picked":"Sickly","floor":17},{"not_picked":["FlurryOfBlows","Halt","Fasting2"],"picked":"SKIP","floor":18},{"not_picked":["EmptyFist","ReachHeaven","MentalFortress"],"picked":"SKIP","floor":21},{"not_picked":["Swivel","SashWhip"],"picked":"Consecrate+1","floor":22}],"player_experience":382909,"relics_obtained":[{"floor":9,"key":"Replay:PocketPolymizer"},{"floor":11,"key":"ReplayTheSpireMod:Ninjato"}],"event_choices":[{"damage_healed":0,"gold_gain":0,"player_choice":"Grow","damage_taken":0,"max_hp_gain":0,"max_hp_loss":0,"event_name":"Living Wall","floor":0,"gold_loss":0,"cards_upgraded":["Eruption"]},{"damage_healed":0,"gold_gain":0,"player_choice":"Entered Light","damage_taken":14,"max_hp_gain":0,"max_hp_loss":0,"event_name":"Shining Light","floor":3,"gold_loss":0,"cards_upgraded":["Defend_P","Vigilance"]},{"cards_removed":["Strike_P"],"damage_healed":0,"gold_gain":0,"player_choice":"Card Removal","damage_taken":7,"max_hp_gain":0,"max_hp_loss":0,"event_name":"Golden Wing","floor":8,"gold_loss":0},{"damage_healed":0,"gold_gain":175,"player_choice":"AGREE","damage_taken":0,"max_hp_gain":0,"max_hp_loss":0,"event_name":"Liars Game","floor":13,"gold_loss":0,"cards_obtained":["Doubt"]},{"cards_removed":["Consecrate"],"damage_healed":0,"gold_gain":0,"player_choice":"Gave Card","damage_taken":0,"relics_obtained":["Shuriken"],"max_hp_gain":0,"max_hp_loss":0,"event_name":"WeMeetAgain","floor":19,"gold_loss":0}],"is_beta":false,"boss_relics":[{"not_picked":["Velvet Choker","Replay:Bronze Core"],"picked":"Replay:Ancient Bell"},{"not_picked":["ReplayTheSpireMod:TigerMarble","Replay:Rubber Ducky"],"picked":"Smiling Mask"},{"not_picked":["Garlic","Replay:Accelerometer"],"picked":"Darkstone Periapt"},{"not_picked":["Dead Branch","Pocketwatch"],"picked":"Incense Burner"}],"items_purged_floors":[2,20],"is_endless":false,"potions_floor_spawned":[4,5,16,22],"killed_by":"Shelled Parasite and Fungi","ascension_level":0}}