{"host":"xz7n3qy1zq36rzpg","time":1609674634,"event":{"mods":["BaseMod","Colored Map","Colored Powertips","Highlight Path","Minty Spire (QoL Compilation)","Quick Restart","Shop Mod"],"gold_per_floor":[114,64,164,179,194,224,239,196,196,196,211,211,241,256,256,356,356,371,371,386,183,133,163,178,208,233,233,33,33,48,63,63,63,63],"floor_reached":33,"playtime":1794,"items_purged":[],"score":447,"play_id":"5cc6daf7-2e6f-466c-a57e-aa3d07b209b0","local_time":"20210103125034","daily_mods":["Allstar","Hoarder","Terminal"],"is_ascension_mode":false,"campfire_choices":[{"data":"Bash","floor":10,"key":"SMITH"},{"data":"Headbutt","floor":15,"key":"SMITH"},{"data":"Writhe","floor":32,"key":"PURGE"}],"circlet_count":0,"master_deck":["Strike_R","Strike_R","Strike_R","Strike_R","Defend_R","Defend_R","Defend_R","Defend_R","Bash+1","Thinking Ahead","Thinking Ahead","Thinking Ahead","The Bomb","The Bomb","The Bomb","PanicButton","PanicButton","PanicButton","Secret Weapon","Secret Weapon","Secret Weapon","Good Instincts","Good Instincts","Good Instincts","Iron Wave","Iron Wave","Iron Wave","Anger","Anger","Anger","Flex","Flex","Flex","Infernal Blade","Infernal Blade","Infernal Blade","Headbutt+1","Headbutt","Headbutt","Intimidate","Intimidate","Intimidate","Exhume","Exhume","Exhume","True Grit","True Grit","True Grit","Writhe","Writhe","Rage","Rage","Rage","Shrug It Off","Shrug It Off","Shrug It Off","Infernal Blade","Infernal Blade","Infernal Blade","Clothesline","Clothesline","Clothesline","Thunderclap+1","Thunderclap+1","Thunderclap+1"],"relics":["Burning Blood","Thread and Needle","Anchor","Kunai","Fusion Hammer","Omamori","Boot","Mercury Hourglass","Peace Pipe","Strawberry","Red Skull"],"acts_visited":["Exordium","TheCity"],"potions_floor_usage":[20,23,25,25,30,33,33],"damage_taken":[{"damage":0,"enemies":"Small Slimes","floor":1,"turns":5},{"damage":0,"enemies":"2 Louse","floor":4,"turns":4},{"damage":0,"enemies":"Cultist","floor":5,"turns":3},{"damage":21,"enemies":"3 Sentries","floor":6,"turns":7},{"damage":14,"enemies":"Gremlin Gang","floor":7,"turns":4},{"damage":0,"enemies":"2 Fungi Beasts","floor":11,"turns":3},{"damage":11,"enemies":"Gremlin Nob","floor":13,"turns":4},{"damage":0,"enemies":"Exordium Wildlife","floor":14,"turns":3},{"damage":2,"enemies":"Hexaghost","floor":16,"turns":8},{"damage":0,"enemies":"3 Byrds","floor":18,"turns":3},{"damage":5,"enemies":"Spheric Guardian","floor":20,"turns":5},{"damage":0,"enemies":"Slavers","floor":23,"turns":5},{"damage":0,"enemies":"Shelled Parasite and Fungi","floor":24,"turns":6},{"damage":50,"enemies":"Gremlin Leader","floor":25,"turns":7},{"damage":4,"enemies":"3 Cultists","floor":30,"turns":4},{"damage":0,"enemies":"Snecko","floor":31,"turns":5},{"damage":46,"enemies":"Collector","floor":33,"turns":11}],"seed_played":"4251252283042701915","potions_obtained":[{"floor":1,"key":"GamblersBrew"},{"floor":7,"key":"SteroidPotion"},{"floor":11,"key":"FearPotion"},{"floor":13,"key":"Explosive Potion"},{"floor":18,"key":"Strength Potion"},{"floor":20,"key":"AttackPotion"},{"floor":23,"key":"Dexterity Potion"},{"floor":31,"key":"Ancient Potion"}],"is_trial":false,"path_per_floor":["M","?","?","M","M","E","M","?","T","R","M","$","E","M","R","B",null,"M","?","M","$","?","E","M","E","T","?","$","?","M","M","R","B"],"character_chosen":"IRONCLAD","items_purchased":["Boot","Shrug It Off","Red Skull","ColorlessPotion"],"campfire_rested":0,"item_purchase_floors":[21,21,28,28],"current_hp_per_floor":[78,77,76,75,74,59,51,51,51,51,57,57,52,58,58,62,62,61,60,59,58,57,56,55,11,18,18,18,37,39,45,45,0,0],"gold":63,"neow_bonus":"","is_daily":true,"chose_seed":false,"campfire_upgraded":2,"win_rate":0.0,"timestamp":1609674634,"path_taken":["M","?","?","M","?","E","?","?","T","R","M","?","E","M","R","BOSS","M","?","M","$","?","E","?","E","T","?","$","?","M","M","R","BOSS"],"items_purchased_type":["Relic","Card","Relic","Potion"],"build_version":"2020-12-22","purchased_purges":0,"victory":false,"max_hp_per_floor":[78,77,76,75,74,73,72,71,70,69,68,67,66,65,64,63,62,61,60,59,58,57,56,55,54,60,59,58,57,56,55,54,54,54],"card_choices":[{"not_picked":["Hemokinesis","Twin Strike"],"picked":"Iron Wave","floor":1},{"not_picked":["Armaments","Perfected Strike"],"picked":"Anger","floor":4},{"not_picked":["Combust","Burning Pact"],"picked":"Flex","floor":5},{"not_picked":["Brutality","Combust","Sword Boomerang"],"picked":"SKIP","floor":6},{"not_picked":["Sword Boomerang","Clash"],"picked":"Infernal Blade","floor":7},{"not_picked":["Clash","Dropkick","Flex"],"picked":"SKIP","floor":11},{"not_picked":["Entrench","Combust"],"picked":"Headbutt","floor":13},{"not_picked":["True Grit","Sword Boomerang"],"picked":"Intimidate","floor":14},{"not_picked":["Bludgeon","Juggernaut"],"picked":"Exhume","floor":16},{"not_picked":["Wild Strike","Pummel"],"picked":"True Grit","floor":18},{"not_picked":["True Grit","Bloodletting"],"picked":"Rage","floor":20},{"not_picked":["Berserk","Heavy Blade"],"picked":"Infernal Blade","floor":23},{"not_picked":["Searing Blow+1","Armaments"],"picked":"Clothesline","floor":24},{"not_picked":["Searing Blow","Spot Weakness","True Grit"],"picked":"SKIP","floor":25},{"not_picked":["Sword Boomerang","Twin Strike","Power Through+1"],"picked":"SKIP","floor":30},{"not_picked":["Headbutt","Fire Breathing"],"picked":"Thunderclap+1","floor":31}],"player_experience":293125,"relics_obtained":[{"floor":6,"key":"Thread and Needle"},{"floor":9,"key":"Anchor"},{"floor":13,"key":"Kunai"},{"floor":23,"key":"Mercury Hourglass"},{"floor":25,"key":"Peace Pipe"},{"floor":26,"key":"Strawberry"}],"event_choices":[{"cards_removed":["Strike_R"],"damage_healed":0,"gold_gain":0,"player_choice":"Card Removal","damage_taken":0,"max_hp_gain":0,"max_hp_loss":0,"event_name":"The Cleric","floor":2,"gold_loss":50},{"damage_healed":0,"gold_gain":100,"player_choice":"Pray","damage_taken":0,"max_hp_gain":0,"max_hp_loss":0,"event_name":"Golden Shrine","floor":3,"gold_loss":0},{"damage_healed":0,"gold_gain":0,"player_choice":"Left Gold","damage_taken":0,"max_hp_gain":0,"max_hp_loss":0,"event_name":"World of Goop","floor":8,"gold_loss":43},{"damage_healed":0,"gold_gain":0,"player_choice":"Opened","damage_taken":0,"relics_obtained":["Omamori"],"max_hp_gain":0,"max_hp_loss":0,"event_name":"The Mausoleum","floor":19,"gold_loss":0,"cards_obtained":["Writhe"]},{"damage_healed":0,"gold_gain":0,"player_choice":"Bet on Murderer","damage_taken":0,"max_hp_gain":0,"max_hp_loss":0,"event_name":"The Joust","floor":22,"gold_loss":50},{"damage_healed":0,"gold_gain":0,"player_choice":"Smashed Altar","damage_taken":0,"max_hp_gain":0,"max_hp_loss":0,"event_name":"Forgotten Altar","floor":27,"gold_loss":0,"cards_obtained":["Decay"]},{"damage_healed":19,"gold_gain":0,"player_choice":"Heal","damage_taken":0,"max_hp_gain":0,"max_hp_loss":0,"event_name":"The Library","floor":29,"gold_loss":0}],"is_beta":false,"boss_relics":[{"not_picked":["Busted Crown","SacredBark"],"picked":"Fusion Hammer"}],"items_purged_floors":[],"is_endless":false,"potions_floor_spawned":[1,7,11,13,18,20,23,31],"killed_by":"Collector","ascension_level":0}}