{"host":"gkp57zoegrd3f2ij","time":1609698622,"event":{"mods":["BaseMod","Colored Map","Colored Powertips","Downfall","Minty Spire (QoL Compilation)","StSLib"],"gold_per_floor":[109,109,122,170,184,184,215,215,215,225,6,71,71,171,171,270,270,282,29,41,60,60,60,60,95,95,111,111,126,126,136,136,235,235,253,253,253,58,78,78,97,26,26,40,40,54,69,69,69,69,69],"floor_reached":50,"playtime":3513,"items_purged":["Strike_B","Strike_B","Strike_B"],"score":485,"play_id":"54e0d103-db41-4850-8a93-b99f36c080fe","local_time":"20210103193022","is_ascension_mode":true,"campfire_choices":[{"data":"Zap","floor":6,"key":"SMITH"},{"data":"Steam","floor":8,"key":"SMITH"},{"floor":15,"key":"REST"},{"floor":23,"key":"REST"},{"floor":28,"key":"REST"},{"data":"Sunder","floor":30,"key":"SMITH"},{"data":"Defragment","floor":32,"key":"SMITH"},{"data":"Self Repair","floor":40,"key":"SMITH"},{"data":"Buffer","floor":45,"key":"SMITH"},{"data":"Consume","floor":49,"key":"SMITH"}],"circlet_count":0,"master_deck":["Strike_B+1","Defend_B","Defend_B+1","Defend_B+1","Zap+1","Dualcast+1","Conserve Battery","Steam+1","Ball Lightning","Sunder+1","Buffer+1","Seek","Hologram+1","Darkness+1","Go for the Eyes","Compile Driver+1","Defragment+1","Defragment+1","Echo Form+1","Cold Snap+1","Self Repair+1","Go for the Eyes+1","Parasite","Consume+1"],"relics":["FrozenCore","War Paint","Oddly Smooth Stone","Juzu Bracelet","Matryoshka","Unceasing Top","Bag of Marbles","MutagenicStrength","Bag of Preparation","Regal Pillow","Letter Opener","Philosopher\u0027s Stone","Orichalcum","Toxic Egg 2"],"acts_visited":["Exordium","TheCity","TheBeyond"],"potions_floor_usage":[16,16,25,25,31,31,50,50],"damage_taken":[{"damage":0,"enemies":"Jaw Worm","floor":1,"turns":3},{"damage":0,"enemies":"2 Louse","floor":3,"turns":3},{"damage":0,"enemies":"Small Slimes","floor":5,"turns":3},{"damage":20,"enemies":"3 Sentries","floor":7,"turns":9},{"damage":0,"enemies":"Exordium Wildlife","floor":10,"turns":3},{"damage":12,"enemies":"3 Sentries","floor":12,"turns":9},{"damage":17,"enemies":"The Guardian","floor":16,"turns":11},{"damage":0,"enemies":"Chosen","floor":18,"turns":4},{"damage":0,"enemies":"Shell Parasite","floor":20,"turns":6},{"damage":8,"enemies":"Shelled Parasite and Fungi","floor":21,"turns":8},{"damage":22,"enemies":"Slavers","floor":25,"turns":7},{"damage":5,"enemies":"Snake Plant","floor":27,"turns":5},{"damage":0,"enemies":"3 Cultists","floor":29,"turns":5},{"damage":8,"enemies":"Sentry and Sphere","floor":31,"turns":5},{"damage":12,"enemies":"Automaton","floor":33,"turns":10},{"damage":3,"enemies":"3 Darklings","floor":35,"turns":4},{"damage":12,"enemies":"3 Shapes","floor":39,"turns":3},{"damage":12,"enemies":"Writhing Mass","floor":41,"turns":7},{"damage":7,"enemies":"4 Shapes","floor":44,"turns":5},{"damage":0,"enemies":"Transient","floor":46,"turns":5},{"damage":15,"enemies":"Spire Growth","floor":47,"turns":5},{"damage":87,"enemies":"Awakened One","floor":50,"turns":13}],"seed_played":"9180833659615920568","potions_obtained":[{"floor":3,"key":"Block Potion"},{"floor":5,"key":"hexamod:EctoCoolerPotion"},{"floor":12,"key":"FocusPotion"},{"floor":20,"key":"FearPotion"},{"floor":21,"key":"Guardian:BlockOnCardUsePotion"},{"floor":27,"key":"Weak Potion"},{"floor":44,"key":"champ:CounterPotion"},{"floor":47,"key":"SneckoOil"}],"is_trial":false,"path_per_floor":["M","?","M","T","M","R","E","R","T","M","$","?","?","?","R","B",null,"M","$","M","M","?","R","?","E","T","M","R","M","R","M","R","B",null,"M","?","?","$","M","R","M","$","T","M","R","M","M","?","R","B"],"character_chosen":"DEFECT","items_purchased":["Buffer","Bag of Marbles","Self Repair","Consume"],"campfire_rested":3,"item_purchase_floors":[11,19,38,42],"current_hp_per_floor":[75,75,75,75,75,75,55,55,55,55,55,43,28,28,50,33,75,75,75,75,67,53,77,77,55,55,50,80,80,80,72,72,60,80,77,77,76,76,76,76,74,74,74,76,76,76,71,71,71,0,0],"gold":69,"neow_bonus":"RANDOM_COMMON_RELIC","is_daily":false,"chose_seed":false,"campfire_upgraded":7,"win_rate":0.0,"timestamp":1609698622,"path_taken":["M","?","M","?","M","R","E","R","T","M","$","?","?","?","R","BOSS","M","$","M","M","?","R","?","E","T","M","R","M","R","M","R","BOSS","M","?","?","$","M","R","M","$","T","M","R","M","M","?","R","BOSS"],"items_purchased_type":["Card","Relic","Card","Card"],"build_version":"2020-12-22","purchased_purges":3,"victory":false,"max_hp_per_floor":[75,75,75,75,75,75,75,75,75,75,75,75,75,75,75,75,75,75,75,75,75,80,80,80,80,80,80,80,80,80,80,80,80,80,80,80,76,76,76,76,76,76,76,76,76,76,76,76,76,76,76],"card_choices":[{"not_picked":["Barrage","Rebound"],"picked":"Conserve Battery","floor":1},{"not_picked":["Sweeping Beam","Static Discharge","Hologram"],"picked":"SKIP","floor":3},{"not_picked":["Capacitor","Streamline"],"picked":"Steam","floor":5},{"not_picked":["Turbo","Compile Driver"],"picked":"Ball Lightning","floor":7},{"not_picked":["Redo","Cold Snap"],"picked":"Sunder","floor":10},{"not_picked":["Amplify","Fission"],"picked":"Seek","floor":16},{"not_picked":["Fusion+1","Recycle"],"picked":"Hologram+1","floor":18},{"not_picked":["Stack","Double Energy","Sweeping Beam"],"picked":"SKIP","floor":20},{"not_picked":["Conserve Battery","Redo"],"picked":"Darkness+1","floor":21},{"not_picked":["Capacitor","Blizzard"],"picked":"Go for the Eyes","floor":25},{"not_picked":["Blizzard","Streamline"],"picked":"Compile Driver+1","floor":27},{"not_picked":["Double Energy","Compile Driver"],"picked":"Defragment+1","floor":29},{"not_picked":["Recycle","Redo"],"picked":"Defragment","floor":31},{"not_picked":["Multi-Cast","Amplify"],"picked":"Echo Form","floor":33},{"not_picked":["Ball Lightning+1","Leap"],"picked":"Cold Snap+1","floor":35},{"not_picked":["Lockon","Gash+1"],"picked":"Go for the Eyes+1","floor":39},{"not_picked":["Ball Lightning+1","Rebound","Turbo+1"],"picked":"SKIP","floor":41},{"not_picked":["White Noise+1","Compile Driver","Conserve Battery+1"],"picked":"SKIP","floor":44},{"not_picked":["Compile Driver","Double Energy+1","Hologram+1"],"picked":"SKIP","floor":46},{"not_picked":["Sweeping Beam","Defragment","White Noise+1"],"picked":"SKIP","floor":47}],"player_experience":208100,"relics_obtained":[{"floor":4,"key":"Oddly Smooth Stone"},{"floor":7,"key":"Juzu Bracelet"},{"floor":9,"key":"Matryoshka"},{"floor":12,"key":"Unceasing Top"},{"floor":25,"key":"Bag of Preparation"},{"floor":26,"key":"Regal Pillow"},{"floor":26,"key":"Letter Opener"},{"floor":43,"key":"Orichalcum"},{"floor":43,"key":"Toxic Egg 2"}],"event_choices":[{"damage_healed":0,"gold_gain":0,"player_choice":"Ignored","damage_taken":0,"max_hp_gain":0,"max_hp_loss":0,"event_name":"Liars Game","floor":2,"gold_loss":0},{"damage_healed":0,"gold_gain":0,"player_choice":"Searched \u00271\u0027 times","damage_taken":0,"max_hp_gain":0,"max_hp_loss":0,"event_name":"Dead Adventurer","floor":12,"gold_loss":0},{"damage_healed":0,"gold_gain":0,"player_choice":"Entered Light","damage_taken":15,"max_hp_gain":0,"max_hp_loss":0,"event_name":"Shining Light","floor":13,"gold_loss":0,"cards_upgraded":["Strike_B","Dualcast"]},{"damage_healed":0,"gold_gain":100,"player_choice":"Pray","damage_taken":0,"max_hp_gain":0,"max_hp_loss":0,"event_name":"Golden Shrine","floor":14,"gold_loss":0},{"damage_healed":0,"gold_gain":0,"player_choice":"Shed Blood","damage_taken":19,"max_hp_gain":5,"max_hp_loss":0,"event_name":"Forgotten Altar","floor":22,"gold_loss":0},{"damage_healed":0,"gold_gain":0,"player_choice":"Inject Mutagens","damage_taken":0,"relics_obtained":["MutagenicStrength"],"max_hp_gain":0,"max_hp_loss":0,"event_name":"Drug Dealer","floor":24,"gold_loss":0},{"damage_healed":0,"gold_gain":0,"player_choice":"Forge","damage_taken":0,"max_hp_gain":0,"max_hp_loss":0,"event_name":"Accursed Blacksmith","floor":36,"gold_loss":0,"cards_upgraded":["Echo Form"]},{"damage_healed":0,"gold_gain":0,"player_choice":"Max HP","damage_taken":0,"max_hp_gain":0,"max_hp_loss":4,"event_name":"Winding Halls","floor":37,"gold_loss":0},{"cards_removed":["Defend_B"],"damage_healed":0,"gold_gain":0,"player_choice":"Removed Skill","damage_taken":0,"max_hp_gain":0,"max_hp_loss":0,"event_name":"Falling","floor":48,"gold_loss":0}],"is_beta":false,"boss_relics":[{"not_picked":["Runic Pyramid","Fusion Hammer"],"picked":"FrozenCore"},{"not_picked":["Astrolabe","Tiny House"],"picked":"Philosopher\u0027s Stone"}],"items_purged_floors":[11,19,38],"is_endless":false,"potions_floor_spawned":[3,5,12,20,21,27,44,47],"killed_by":"Awakened One","ascension_level":1}}