{"host":"h5pmktbc0hzjipqc","time":1609699031,"event":{"mods":["2.2 Compatiblity","AchievementEnabler","BaseMod","Better Altar","Better Match","Better Note","Better Sensory Stone","Better Skull","Better Third Choice","Better Vampires","BetterRewards","Block Reminder","Clawfect","Colored Powertips","Conspire","Curses Come First","Energized Spire","GifTheSpireLib","Halation","Hero for Fun","Hubris","Jedi Mod","Minty Spire (QoL Compilation)","Permanent Neow","Quick Restart","Rare Cards Sparkle","Relic Sorter","Relic Stats","Replay The Spire","Spicy Shops","Spikes Relics","StSLib","Synergy Search","The Jungle","Trackpad","Unceasing Turn Reminder","everything is the same but u backflip on backflip","vexMod"],"gold_per_floor":[110,37,99,99,114,144,144,92,117,147,164,133,133,52,52,183,183,199,474,498,498,524,524,562,562,589,64,64,100,100,124,124,252,918,939,939,939,257,303,339,339,352,352,352,57,92,92,117,117,120,120],"floor_reached":50,"playtime":2151,"items_purged":["Regret"],"score":771,"play_id":"d402aa45-27ec-49f4-8bc3-7d91b8913a24","local_time":"20210103123711","is_ascension_mode":true,"campfire_choices":[{"data":"vexMod:StairwayStrike","floor":15,"key":"SMITH"},{"data":"Fiend Fire","floor":23,"key":"SMITH"},{"data":"Twin Strike","floor":28,"key":"SMITH"},{"floor":30,"key":"REST"},{"data":"Strike_R+1","floor":32,"key":"SMITH"},{"floor":41,"key":"REST"},{"floor":44,"key":"REST"},{"data":"Massacre","floor":49,"key":"SMITH"}],"circlet_count":0,"master_deck":["Strike_R","Strike_R","Strike_R","Strike_R","Strike_R+2","Defend_R","Defend_R+1","Defend_R","Defend_R+1","vexMod:StairwayStrike+1","jedi:suffering","Twin Strike+1","Eruption","Twin Strike+1","Halt","BowlingBash","BowlingBash","Fiend Fire+1","Wild Strike+1","Flex","Anger","Perfected Strike","Pommel Strike","conspire:HitWhereItHurts","Wild Strike+1","Twin Strike","Twin Strike","Iron Wave+1","Twin Strike+1","Massacre+1"],"relics":["vexMod:RedPlottingStone","Replay:M_SmolderingBlood","Simple Rune","Replay:Wax Seal","hubris:EmptyBottle","Red Skull","jedi:ironblood","halation:Toothbrush","Blood Vial","trackpad:AdjectivePendant","Golden Idol","hubris:ScarierMask","PreservedInsect","Centennial Puzzle","halation:AfternoonTea","Ginger","vexMod:Spyglass","vexMod:RockOfEvil","Lizard Tail","BrokenLever","ReplayTheSpireMod:TigerMarble","Dream Catcher","Replay:Baseball","Counterbalance","Brimstone","halation:IllGainedPizza"],"acts_visited":["Exordium","Exordium","TheBeyond"],"potions_floor_usage":[0,6,6,6,6,6,10,10,10,10,16,16,24,33,33,33,33,33,40,50,50],"damage_taken":[{"damage":6,"enemies":"Cultist","floor":1,"turns":3},{"damage":5,"enemies":"Small Slimes","floor":5,"turns":4},{"damage":14,"enemies":"Gremlin Nob","floor":6,"turns":3},{"damage":0,"enemies":"Lagavulin","floor":10,"turns":2},{"damage":0,"enemies":"2 Louse","floor":11,"turns":2},{"damage":1,"enemies":"Large Slime","floor":14,"turns":3},{"damage":0,"enemies":"Slime Boss","floor":16,"turns":4},{"damage":12,"enemies":"Shell Parasite","floor":18,"turns":2},{"damage":6,"enemies":"theJungle:MUSHROOMGANG","floor":20,"turns":3},{"damage":20,"enemies":"theJungle:Cassacara","floor":24,"turns":3},{"damage":3,"enemies":"theJungle:2_Phrogs","floor":29,"turns":3},{"damage":0,"enemies":"theJungle:2_Snecko_Cultists","floor":31,"turns":2},{"damage":67,"enemies":"theJungle:TotemBoss","floor":33,"turns":7},{"damage":16,"enemies":"3 Shapes","floor":35,"turns":2},{"damage":114,"enemies":"Nemesis","floor":40,"turns":3},{"damage":15,"enemies":"Orb Walker","floor":42,"turns":2},{"damage":10,"enemies":"Reptomancer","floor":46,"turns":2},{"damage":17,"enemies":"Spire Growth","floor":48,"turns":3},{"damage":70,"enemies":"conspire:OrnateMirror","floor":50,"turns":2}],"seed_played":"6479870606039649415","potions_obtained":[{"floor":5,"key":"Fire Potion"},{"floor":16,"key":"Dexterity Potion"},{"floor":24,"key":"jedi:tentaclejuice"},{"floor":37,"key":"DistilledChaos"},{"floor":40,"key":"Toxic Potion"},{"floor":42,"key":"Venom Potion"}],"is_trial":false,"path_per_floor":["M","$","?","?","M","E","?","$","T","E","M","$","?","M","R","B",null,"M","?","M","?","T","R","E","?","T","$","R","E","R","M","R","B",null,"M","?","?","$","T","E","R","M","T","R","$","E","?","M","R","B"],"character_chosen":"IRONCLAD","items_purchased":["vexMod:StairwayStrike","vexMod:RedPlottingStone","hubris:EmptyBottle","EntropicBrew","Red Skull","Twin Strike","Replay:Wax Seal","Strength Potion","Ginger","vexMod:Spyglass","Lizard Tail","jedi:StrikingPotion","Twin Strike","BrokenLever","Counterbalance","Brimstone"],"campfire_rested":3,"item_purchase_floors":[0,0,0,0,2,8,12,12,27,27,38,38,38,38,45,45],"current_hp_per_floor":[64,64,64,64,65,57,57,57,57,59,61,61,41,45,45,47,83,71,71,67,67,67,67,49,49,49,52,52,51,76,83,83,18,86,70,70,70,70,70,43,68,60,60,85,85,76,76,61,61,0,0],"gold":120,"neow_bonus":"","is_daily":false,"chose_seed":false,"campfire_upgraded":5,"win_rate":0.0,"timestamp":1609699031,"path_taken":["M","$","?","?","M","E","?","?","T","E","?","$","?","M","R","BOSS","M","?","?","?","?","R","E","?","T","?","R","E","R","M","R","BOSS","M","?","?","$","?","E","R","?","T","R","$","E","?","M","R","BOSS"],"items_purchased_type":["Card","Relic","Relic","Potion","Relic","Card","Relic","Potion","Relic","Relic","Relic","Potion","Card","Relic","Relic","Relic"],"build_version":"2020-12-22","purchased_purges":1,"victory":false,"max_hp_per_floor":[80,80,80,80,80,80,80,80,80,80,80,80,80,83,83,83,83,83,83,83,83,83,83,83,83,83,86,86,86,86,86,86,86,86,86,86,86,86,86,86,86,86,86,86,86,86,86,86,86,86,86],"relic_stats":{"Blood Vial":27,"Centennial Puzzle":[24],"Lizard Tail":43,"Dream Catcher":2,"counters":[19,55],"Golden Idol":110,"PreservedInsect":198,"Ginger":[4],"obtain_stats":[{"BrokenLever":38,"Ginger":27,"hubris:EmptyBottle":0,"halation:StarCompass":25,"vexMod:Spyglass":27,"vexMod:RockOfEvil":34,"Burning Blood":0,"Blood Vial":9,"Centennial Puzzle":24,"Lizard Tail":38,"Dream Catcher":40,"Replay:M_SmolderingBlood":7,"halation:SimulatedSpire":0,"vexMod:RedPlottingStone":0,"hubris:ScarierMask":17,"halation:Toothbrush":6,"trackpad:AdjectivePendant":10,"Replay:Wax Seal":12,"Red Skull":2,"Golden Idol":13,"Counterbalance":45,"halation:IllGainedPizza":46,"PreservedInsect":22,"jedi:ironblood":3,"Replay:Baseball":43,"Brimstone":45,"Simple Rune":29,"ReplayTheSpireMod:TigerMarble":39,"halation:AfternoonTea":26},{"BrokenLever":14,"Ginger":10,"hubris:EmptyBottle":0,"halation:StarCompass":10,"vexMod:Spyglass":10,"vexMod:RockOfEvil":13,"Burning Blood":0,"Blood Vial":3,"Centennial Puzzle":10,"Lizard Tail":14,"Dream Catcher":15,"Replay:M_SmolderingBlood":3,"halation:SimulatedSpire":0,"vexMod:RedPlottingStone":0,"hubris:ScarierMask":7,"halation:Toothbrush":3,"trackpad:AdjectivePendant":4,"Replay:Wax Seal":5,"Red Skull":1,"Golden Idol":5,"Counterbalance":16,"halation:IllGainedPizza":17,"PreservedInsect":9,"jedi:ironblood":1,"Replay:Baseball":16,"Brimstone":16,"Simple Rune":11,"ReplayTheSpireMod:TigerMarble":14,"halation:AfternoonTea":10},{"BrokenLever":43,"Ginger":29,"hubris:EmptyBottle":0,"halation:StarCompass":29,"vexMod:Spyglass":29,"vexMod:RockOfEvil":41,"Burning Blood":0,"Blood Vial":10,"Centennial Puzzle":29,"Lizard Tail":43,"Dream Catcher":46,"Replay:M_SmolderingBlood":10,"halation:SimulatedSpire":0,"vexMod:RedPlottingStone":0,"hubris:ScarierMask":21,"halation:Toothbrush":10,"trackpad:AdjectivePendant":12,"Replay:Wax Seal":14,"Red Skull":3,"Golden Idol":14,"Counterbalance":48,"halation:IllGainedPizza":50,"PreservedInsect":26,"jedi:ironblood":3,"Replay:Baseball":48,"Brimstone":48,"Simple Rune":32,"ReplayTheSpireMod:TigerMarble":43,"halation:AfternoonTea":29}]},"card_choices":[{"not_picked":["Disarm","Run Through","Clothesline"],"picked":"SKIP","floor":1},{"not_picked":["Sword Boomerang","Metallicize"],"picked":"jedi:suffering","floor":3},{"not_picked":["Reckless Charge","jedi:suffering","Ghostly Armor"],"picked":"SKIP","floor":5},{"not_picked":["ReplayTheSpireMod:LeadingStrike","hubris:SharpeningStone"],"picked":"Twin Strike","floor":6},{"not_picked":["jedi:collectorstrike","Shrug It Off"],"picked":"Halt","floor":10},{"not_picked":["Absolvement","Halt"],"picked":"BowlingBash","floor":11},{"not_picked":["Abandon","Battle Trance"],"picked":"BowlingBash","floor":14},{"not_picked":["Bludgeon","Exhume"],"picked":"Fiend Fire","floor":16},{"not_picked":["Thunderclap","Shrug It Off+1"],"picked":"Wild Strike+1","floor":18},{"not_picked":["Power Through+1","Perfected Strike"],"picked":"Flex","floor":20},{"not_picked":["Invigoration+1","Hemokinesis"],"picked":"Anger","floor":24},{"not_picked":["Rampage","ReplayTheSpireMod:Strike From Hell"],"picked":"Perfected Strike","floor":29},{"not_picked":["Rupture","Absolvement"],"picked":"Pommel Strike","floor":31},{"not_picked":["jedi:strikingstrike","hubris:StunningStrike"],"picked":"conspire:HitWhereItHurts","floor":33},{"not_picked":["Combust","Armaments"],"picked":"Wild Strike+1","floor":35},{"not_picked":["Wild Strike","ReplayTheSpireMod:Limb From Limb"],"picked":"Iron Wave+1","floor":40},{"not_picked":["Headbutt","Battle Trance+1"],"picked":"Twin Strike+1","floor":41},{"not_picked":["conspire:HitWhereItHurts","Reckless Charge","Body Slam+1"],"picked":"SKIP","floor":42},{"not_picked":["Infernal Blade","Pummel","Metallicize"],"picked":"SKIP","floor":46},{"not_picked":["Iron Wave+1","Shrug It Off+1"],"picked":"Massacre","floor":48}],"player_experience":28100,"relics_obtained":[{"floor":3,"key":"jedi:ironblood"},{"floor":6,"key":"halation:Toothbrush"},{"floor":9,"key":"Blood Vial"},{"floor":10,"key":"trackpad:AdjectivePendant"},{"floor":22,"key":"PreservedInsect"},{"floor":24,"key":"Centennial Puzzle"},{"floor":26,"key":"halation:AfternoonTea"},{"floor":29,"key":"Simple Rune"},{"floor":39,"key":"ReplayTheSpireMod:TigerMarble"},{"floor":40,"key":"Dream Catcher"},{"floor":43,"key":"Replay:Baseball"},{"floor":46,"key":"halation:IllGainedPizza"}],"event_choices":[{"damage_healed":0,"gold_gain":0,"player_choice":"Take Damage","damage_taken":20,"relics_obtained":["Golden Idol"],"max_hp_gain":0,"max_hp_loss":0,"event_name":"Golden Idol","floor":13,"gold_loss":0},{"damage_healed":0,"gold_gain":275,"player_choice":"Desecrate","damage_taken":0,"max_hp_gain":0,"max_hp_loss":0,"event_name":"Golden Shrine","floor":19,"gold_loss":0,"cards_obtained":["Regret"]},{"damage_healed":0,"gold_gain":0,"player_choice":"Upgraded","damage_taken":0,"max_hp_gain":0,"max_hp_loss":0,"event_name":"Upgrade Shrine","floor":36,"gold_loss":0,"cards_upgraded":["Twin Strike"]},{"damage_healed":0,"gold_gain":0,"player_choice":"Leave","damage_taken":0,"max_hp_gain":0,"max_hp_loss":0,"event_name":"conspire:Investor","floor":47,"gold_loss":0}],"is_beta":false,"boss_relics":[{"not_picked":["Honey Jar","vexMod:NewClearReactor"],"picked":"hubris:ScarierMask"},{"not_picked":["halation:SmartPhone","hubris:TerracottaHorce"],"picked":"vexMod:RockOfEvil"}],"items_purged_floors":[27],"is_endless":false,"potions_floor_spawned":[5,6,16,24,40,42],"killed_by":"conspire:OrnateMirror","ascension_level":1}}