{"host":"g01l53quoe6lrer0","time":1609685409,"event":{"mods":["2.2 Compatiblity","AchievementEnabler","BaseMod","Colored Map","Highlight Path","Keyboard Shortcuts","Minty Spire (QoL Compilation)","Permanent Neow","Quick Restart","StSLib","SuperFastMode","everything is the same but u backflip on backflip"],"gold_per_floor":[13,30,30,30,55,55,93,117,117,148,148,148,191,210,210,329,329,345,363,386,409,16,16,29,29,56,100,115,159,159,258,258,384,384,409,472,496,0,24,24,24,37,37,84,107,132,0,14,14,14],"floor_reached":51,"playtime":1940,"items_purged":["Strike_G","Strike_G"],"score":898,"play_id":"f17caed9-f517-4146-ac48-d6fdb3b00aab","local_time":"20210103235009","is_ascension_mode":true,"campfire_choices":[{"data":"Noxious Fumes","floor":6.0,"key":"SMITH"},{"floor":11.0,"key":"REST"},{"data":"Poisoned Stab","floor":15.0,"key":"SMITH"},{"data":"Apotheosis","floor":23.0,"key":"SMITH"},{"floor":30.0,"key":"DIG"},{"floor":32.0,"key":"DIG"},{"floor":40.0,"key":"DIG"},{"floor":49,"key":"DIG"}],"circlet_count":0,"master_deck":["Strike_G","Strike_G+1","Defend_G","Defend_G","Defend_G","Defend_G","Survivor","Neutralize","Quick Slash+1","Well Laid Plans","Noxious Fumes+1","Poisoned Stab+1","Catalyst+1","Calculated Gamble","Dash","PiercingWail","After Image","Corpse Explosion","Setup+1","Apotheosis+1","Crippling Poison+1","Shame","Calculated Gamble+1","Catalyst+1","PiercingWail+1","Footwork"],"relics":["Ring of the Snake","Golden Idol","Blood Vial","Question Card","MealTicket","Letter Opener","Mummified Hand","Velvet Choker","TwistedFunnel","Gambling Chip","Whetstone","Lantern","Shovel","Centennial Puzzle","Vajra","Busted Crown","Girya","Darkstone Periapt","CaptainsWheel","Smiling Mask","Anchor","Red Mask","Snake Skull"],"acts_visited":["Exordium","TheCity","TheBeyond"],"potions_floor_usage":[],"damage_taken":[{"damage":4.0,"enemies":"Jaw Worm","floor":1.0,"turns":4.0},{"damage":3.0,"enemies":"2 Louse","floor":2.0,"turns":3.0},{"damage":0.0,"enemies":"Cultist","floor":5.0,"turns":3.0},{"damage":5.0,"enemies":"Gremlin Nob","floor":7.0,"turns":3.0},{"damage":3.0,"enemies":"Gremlin Gang","floor":8.0,"turns":5.0},{"damage":17.0,"enemies":"3 Sentries","floor":10.0,"turns":6.0},{"damage":8.0,"enemies":"Lagavulin","floor":13.0,"turns":6.0},{"damage":1.0,"enemies":"Looter","floor":14.0,"turns":3.0},{"damage":18.0,"enemies":"The Guardian","floor":16.0,"turns":8.0},{"damage":0.0,"enemies":"Chosen","floor":18.0,"turns":4.0},{"damage":18.0,"enemies":"Spheric Guardian","floor":19.0,"turns":4.0},{"damage":12.0,"enemies":"Chosen and Byrds","floor":20.0,"turns":6.0},{"damage":1.0,"enemies":"Centurion and Healer","floor":21.0,"turns":5.0},{"damage":5.0,"enemies":"Sentry and Sphere","floor":24.0,"turns":4.0},{"damage":3.0,"enemies":"Book of Stabbing","floor":27.0,"turns":4.0},{"damage":0.0,"enemies":"Snake Plant","floor":28.0,"turns":3.0},{"damage":8.0,"enemies":"Gremlin Leader","floor":29.0,"turns":5.0},{"damage":12.0,"enemies":"Automaton","floor":33.0,"turns":5.0},{"damage":0.0,"enemies":"3 Shapes","floor":35.0,"turns":1.0},{"damage":0.0,"enemies":"Mind Bloom Boss Battle","floor":36.0,"turns":5.0},{"damage":0.0,"enemies":"Orb Walker","floor":37.0,"turns":3.0},{"damage":0.0,"enemies":"Transient","floor":39.0,"turns":5.0},{"damage":0,"enemies":"3 Darklings","floor":42,"turns":2},{"damage":3,"enemies":"Spire Growth","floor":45,"turns":3},{"damage":0,"enemies":"Jaw Worm Horde","floor":46,"turns":3},{"damage":0,"enemies":"Transient","floor":48,"turns":5},{"damage":28,"enemies":"Time Eater","floor":50,"turns":4}],"seed_played":"4222433774749752026","potions_obtained":[{"floor":1.0,"key":"SteroidPotion"},{"floor":2.0,"key":"SkillPotion"},{"floor":10.0,"key":"Regen Potion"},{"floor":14.0,"key":"Weak Potion"},{"floor":16.0,"key":"Poison Potion"},{"floor":18.0,"key":"AttackPotion"},{"floor":19.0,"key":"Strength Potion"},{"floor":28.0,"key":"AttackPotion"},{"floor":33.0,"key":"Weak Potion"},{"floor":37.0,"key":"EntropicBrew"}],"is_trial":false,"path_per_floor":["M","M","?","?","M","R","E","M","T","E","R","?","E","M","R","B",null,"M","M","M","M","$","R","M","?","T","E","M","E","R","?","R","B",null,"M","?","M","$","M","R","?","M","T","T","M","M","?","M","R","B",null],"character_chosen":"THE_SILENT","items_purchased":["TwistedFunnel","Apotheosis","Footwork","DuplicationPotion","Darkstone Periapt"],"campfire_rested":1,"item_purchase_floors":[22,22,38,38,38],"current_hp_per_floor":[66,63,46,43,45,45,42,41,41,26,47,47,41,42,42,26,70,70,52,51,52,67,67,64,64,64,63,65,59,59,59,59,49,70,70,70,70,70,70,70,70,70,70,70,67,69,69,70,70,42],"gold":14,"neow_bonus":"TRANSFORM_TWO_CARDS","is_daily":false,"chose_seed":false,"campfire_upgraded":3,"win_rate":0.0,"timestamp":1609685409,"path_taken":["M","M","?","?","M","R","E","M","T","E","R","?","E","M","R","BOSS","M","M","?","?","$","R","M","?","T","E","M","E","R","?","R","BOSS","M","?","M","$","M","R","?","M","T","?","M","?","?","M","R","BOSS"],"items_purchased_type":["Relic","Card","Card","Potion","Relic"],"build_version":"2020-12-22","purchased_purges":2,"victory":true,"max_hp_per_floor":[70,70,70,70,70,70,70,70,70,70,70,70,70,70,70,70,70,70,70,70,70,70,70,70,70,70,70,70,70,70,70,70,70,70,70,70,70,70,70,70,70,70,70,70,70,70,70,70,70,70],"card_choices":[{"not_picked":["Terror","All Out Attack"],"picked":"Noxious Fumes","floor":1.0},{"not_picked":["Underhanded Strike","Quick Slash"],"picked":"Poisoned Stab","floor":2.0},{"not_picked":["Riddle With Holes","All Out Attack"],"picked":"Catalyst","floor":5.0},{"not_picked":["Bane","Setup"],"picked":"Calculated Gamble","floor":7.0},{"not_picked":["Poisoned Stab","Quick Slash","Riddle With Holes"],"picked":"Dash","floor":8.0},{"not_picked":["Poisoned Stab","Grand Finale","Acrobatics"],"picked":"PiercingWail","floor":10.0},{"not_picked":["Bane","Dagger Throw","Blur","Acrobatics"],"picked":"SKIP","floor":13.0},{"not_picked":["Slice","Noxious Fumes","Deadly Poison"],"picked":"After Image","floor":14.0},{"not_picked":["Burst","Glass Knife","Die Die Die"],"picked":"Corpse Explosion","floor":16.0},{"not_picked":["Dagger Throw","Deflect","Cloak And Dagger+1","Escape Plan"],"picked":"SKIP","floor":18.0},{"not_picked":["Escape Plan","Cloak And Dagger","Blade Dance","Quick Slash"],"picked":"SKIP","floor":19.0},{"not_picked":["Underhanded Strike","Sucker Punch","Unload","Dagger Spray+1"],"picked":"SKIP","floor":20.0},{"not_picked":["Slice","Masterful Stab","Poisoned Stab+1"],"picked":"Setup+1","floor":21.0},{"not_picked":["Slice","Prepared","Grand Finale"],"picked":"Crippling Poison+1","floor":24.0},{"not_picked":["Skewer+1","Dodge and Roll+1","Deflect"],"picked":"Calculated Gamble+1","floor":27.0},{"not_picked":["Skewer+1","Predator","Deflect","Backstab"],"picked":"SKIP","floor":28.0},{"not_picked":["Terror","Riddle With Holes","Escape Plan+1"],"picked":"Catalyst+1","floor":29.0},{"not_picked":["Backstab+1","Infinite Blades"],"picked":"SKIP","floor":35.0},{"not_picked":["Slice+1"],"picked":"PiercingWail+1","floor":37.0},{"not_picked":["All Out Attack+1","Choke"],"picked":"SKIP","floor":39.0},{"not_picked":["Dagger Spray+1","Dagger Throw+1"],"picked":"SKIP","floor":42},{"not_picked":["Cloak And Dagger","Sucker Punch+1"],"picked":"SKIP","floor":45},{"not_picked":["Accuracy","Acrobatics"],"picked":"SKIP","floor":46},{"not_picked":["Unload","Dodge and Roll+1"],"picked":"SKIP","floor":48}],"player_experience":44870,"relics_obtained":[{"floor":7.0,"key":"Question Card"},{"floor":9.0,"key":"MealTicket"},{"floor":10.0,"key":"Letter Opener"},{"floor":13.0,"key":"Mummified Hand"},{"floor":26.0,"key":"Whetstone"},{"floor":27.0,"key":"Lantern"},{"floor":29.0,"key":"Shovel"},{"floor":30.0,"key":"Centennial Puzzle"},{"floor":32.0,"key":"Vajra"},{"floor":36.0,"key":"Girya"},{"floor":40.0,"key":"CaptainsWheel"},{"floor":43,"key":"Smiling Mask"},{"floor":44,"key":"Anchor"},{"floor":49,"key":"Snake Skull"}],"event_choices":[{"damage_healed":0.0,"max_hp_gain":0.0,"max_hp_loss":0.0,"gold_gain":0.0,"event_name":"Golden Idol","player_choice":"Take Damage","floor":3.0,"gold_loss":0.0,"damage_taken":17.0,"relics_obtained":["Golden Idol"]},{"damage_healed":0.0,"max_hp_gain":0.0,"max_hp_loss":0.0,"gold_gain":0.0,"event_name":"Scrap Ooze","player_choice":"Success","floor":4.0,"gold_loss":0.0,"damage_taken":3.0,"relics_obtained":["Blood Vial"]},{"damage_healed":0.0,"max_hp_gain":0.0,"max_hp_loss":0.0,"gold_gain":0.0,"event_name":"Upgrade Shrine","player_choice":"Upgraded","floor":12.0,"gold_loss":0.0,"damage_taken":0.0,"cards_upgraded":["Catalyst"]},{"damage_healed":0.0,"max_hp_gain":0.0,"max_hp_loss":0.0,"gold_gain":0.0,"event_name":"Addict","player_choice":"Stole Relic","floor":25.0,"gold_loss":0.0,"damage_taken":0.0,"relics_obtained":["Gambling Chip"],"cards_obtained":["Shame"]},{"damage_healed":0.0,"max_hp_gain":0.0,"max_hp_loss":0.0,"gold_gain":99.0,"event_name":"Nest","player_choice":"Stole From Cult","floor":31.0,"gold_loss":0.0,"damage_taken":0.0},{"damage_healed":0.0,"max_hp_gain":0.0,"max_hp_loss":0.0,"gold_gain":0.0,"event_name":"MindBloom","player_choice":"Fight","floor":36.0,"gold_loss":0.0,"damage_taken":0.0},{"damage_healed":0.0,"max_hp_gain":0.0,"max_hp_loss":0.0,"gold_gain":0.0,"event_name":"Mysterious Sphere","player_choice":"Ignored","floor":41.0,"gold_loss":0.0,"damage_taken":0.0},{"damage_healed":0,"gold_gain":0,"player_choice":"Paid","damage_taken":0,"relics_obtained":["Red Mask"],"max_hp_gain":0,"max_hp_loss":0,"event_name":"Tomb of Lord Red Mask","floor":47,"gold_loss":132}],"is_beta":false,"boss_relics":[{"not_picked":["Empty Cage","Black Star"],"picked":"Velvet Choker"},{"not_picked":["Snecko Eye","Tiny House"],"picked":"Busted Crown"}],"items_purged_floors":[22,38],"is_endless":false,"potions_floor_spawned":[1,2,10,14,16,18,19,28,33,37,45,48],"ascension_level":4}}