{"host":"emut9mh212kd9b86","time":1609674150,"event":{"mods":["ATMod(°¢èªMod)","Act Like it!","BaseMod","Better Vampires","Downfall","Koishi","KomeijiMod","Minty Spire (QoL Compilation)","MostiFishMod","Shop Mod","Spicy Shops","StSLib","TestMod","Waifu the Spire","noobMod","¡¾ÒÅÎï¿¨ÅÆ¡¿REMEMod"],"gold_per_floor":[111,129,129,141,154,213,227,261,261,271,282,299,299,331,331,434,434,447,847,860,880,485,510,520,520,520,552,552,586,601,611,611,714,714,728,739,435,450,450,480,499,528,608,608,633,305,317,64,64,64],"floor_reached":51,"playtime":3769,"items_purged":["Strike_Komeiji","Strike_Komeiji","Strike_Komeiji"],"score":1560,"play_id":"110ba410-8c0b-442a-a6cd-4647471efdcd","local_time":"20210103194230","is_ascension_mode":true,"campfire_choices":[{"data":"AT_BodySlamDance","floor":13,"key":"SMITH"},{"data":"VampireKiss","floor":15,"key":"SMITH"},{"data":"Slimebound:LivingWall","floor":32,"key":"SMITH"},{"data":"Defend_Koishi","floor":49,"key":"SMITH"}],"circlet_count":0,"master_deck":["AscendersBane","AT_BodySlamDance+1","Slimebound:LivingWall+1","RikonNoKama+1","RikonNoKama+1","VampireKiss+1","Defend_Koishi+1","Defend_Koishi+1","Defend_Koishi+1","Defend_Koishi","DochyakuKami+1"],"relics":["SpellCardsRule","MusicBox","ice","DaveBox","AT_ATBox","REME_ComplimentaryCards","testmod-EqualTreatment","ArrowTower","SynthV:TestCard","KyoryuNoHagoromo","Centennial Puzzle","Omamori","MerchantsRug","Oddly Smooth Stone","testmod-ArcanaOfDestiny","MutagenicStrength","Question Card","Bag of Marbles","testmod-LifeArmor","HaiYi:Twilight","KoishisEye","testmod-OneHitWonder","Art of War","Meat on the Bone","AT_SilvercatRing","ClockworkSouvenir","Dodecahedron","AT_TimeSand"],"acts_visited":["Exordium","TheCity","TheBeyond"],"potions_floor_usage":[6,16,21],"damage_taken":[{"damage":5,"enemies":"Jaw Worm","floor":1,"turns":4},{"damage":0,"enemies":"Cultist","floor":2,"turns":3},{"damage":0,"enemies":"Small Slimes","floor":4,"turns":3},{"damage":0,"enemies":"3 Louse","floor":5,"turns":2},{"damage":0,"enemies":"3 Sentries","floor":6,"turns":4},{"damage":0,"enemies":"Exordium Thugs","floor":7,"turns":3},{"damage":30,"enemies":"Gremlin Nob","floor":8,"turns":5},{"damage":1,"enemies":"2 Fungi Beasts","floor":10,"turns":3},{"damage":6,"enemies":"Looter","floor":11,"turns":2},{"damage":0,"enemies":"Exordium Wildlife","floor":12,"turns":4},{"damage":8,"enemies":"Lagavulin","floor":14,"turns":4},{"damage":0,"enemies":"The Guardian","floor":16,"turns":7},{"damage":8,"enemies":"Chosen","floor":18,"turns":3},{"damage":11,"enemies":"2 Thieves","floor":20,"turns":3},{"damage":0,"enemies":"Sentry and Sphere","floor":21,"turns":3},{"damage":0,"enemies":"Gremlin Leader","floor":23,"turns":4},{"damage":0,"enemies":"Centurion and Healer","floor":24,"turns":2},{"damage":0,"enemies":"REME_1_Revenger","floor":27,"turns":2},{"damage":14,"enemies":"Book of Stabbing","floor":29,"turns":3},{"damage":0,"enemies":"3 Cultists","floor":30,"turns":2},{"damage":0,"enemies":"Sentry and Sphere","floor":31,"turns":3},{"damage":57,"enemies":"Automaton","floor":33,"turns":9},{"damage":6,"enemies":"Orb Walker","floor":35,"turns":2},{"damage":3,"enemies":"3 Darklings","floor":36,"turns":3},{"damage":22,"enemies":"Writhing Mass","floor":38,"turns":5},{"damage":14,"enemies":"Giant Head","floor":40,"turns":8},{"damage":11,"enemies":"Transient","floor":41,"turns":5},{"damage":16,"enemies":"Reptomancer","floor":42,"turns":3},{"damage":7,"enemies":"Nemesis","floor":45,"turns":3},{"damage":6,"enemies":"Sphere and 2 Shapes","floor":47,"turns":2},{"damage":40,"enemies":"Awakened One","floor":50,"turns":6}],"seed_played":"8141084321315722868","potions_obtained":[{"floor":2,"key":"Block Potion"},{"floor":4,"key":"SneckoOil"},{"floor":5,"key":"REME_GoldPotion"},{"floor":6,"key":"PowerPotion"},{"floor":21,"key":"testmod-SpacePotion"},{"floor":24,"key":"LiquidMemories"},{"floor":27,"key":"Ancient Potion"},{"floor":33,"key":"FearPotion"},{"floor":38,"key":"SpeedPotion"},{"floor":42,"key":"Dexterity Potion"},{"floor":45,"key":"Slimebound:ThreeZeroPotion"}],"is_trial":false,"path_per_floor":["M","M","?","M","M","E","M","E","T","M","M","M","R","E","R","B",null,"M","?","M","M","$","E","M","?","T","E","?","E","M","M","R","B",null,"M","M","$","M","?","E","M","E","T","?","E","$","M","$","R","B",null],"character_chosen":"KomeijiSatori","items_purchased":["MerchantsRug","Oddly Smooth Stone","Matryoshka","AT_SilvercatRing","ClockworkSouvenir","War Paint","DochyakuKami+1","Dodecahedron","AT_TimeSand"],"campfire_rested":0,"item_purchase_floors":[22,22,37,46,46,46,46,48,48],"current_hp_per_floor":[38,38,38,38,38,38,38,8,8,7,2,60,60,55,55,67,70,71,71,79,81,81,82,83,83,83,84,84,73,89,91,91,44,88,98,108,108,93,93,105,114,117,127,127,124,124,129,129,129,108],"gold":64,"neow_bonus":"TWENTY_PERCENT_HP_BONUS","is_daily":false,"chose_seed":false,"campfire_upgraded":4,"win_rate":0.0,"timestamp":1609674150,"path_taken":["M","M","?","M","M","E","M","E","T","?","M","M","R","E","R","BOSS","M","?","M","M","$","E","M","?","T","E","?","E","?","M","R","BOSS","M","M","$","M","?","E","M","E","T","?","E","$","M","?","R","BOSS"],"items_purchased_type":["Relic","Relic","Relic","Relic","Relic","Relic","Card","Relic","Relic"],"build_version":"2020-12-22","purchased_purges":3,"victory":true,"max_hp_per_floor":[60,60,60,60,60,60,60,60,60,60,60,62,62,64,64,71,71,74,74,79,81,81,82,83,83,83,84,84,88,89,91,91,102,102,104,108,108,113,113,119,125,128,138,138,142,142,145,145,145,149],"card_choices":[{"not_picked":["FreezeTouchMe","SeishiRoten+1","NingyouChiyari+1"],"picked":"SKIP","floor":1},{"not_picked":["DochyakuKami+1","SenseofElegance","SelfTokamak","RikonNoKama+1","SeekerDolls"],"picked":"SKIP","floor":2},{"not_picked":["TenguNoTaiko","HenyouMirume","ShyakuBuku","NingyouKisou+1","Mishyaguji+1"],"picked":"SKIP","floor":4},{"not_picked":["SeishiRoten+1","RikonNoKama+1","NingyouSP+1","Agarareta+1","SeekerWire+1"],"picked":"SKIP","floor":5},{"not_picked":["DochyakuKami+1","LittleLegion","OoedoNingyou+1","NingyouOkisou+1","JyouchiJin+1"],"picked":"SKIP","floor":6},{"not_picked":["EverywhereHibernate","ArtfulChanter","ShyakuBuku","Mishyaguji+1","SeekerDolls"],"picked":"SKIP","floor":7},{"not_picked":["DemonLordCradle","NingyouShinki+1","MakuraSeki","MusuNoYume","KinbakuJin+1"],"picked":"SKIP","floor":8},{"not_picked":["NingyouSP+1","MusuNoYume","GroundStardust+1","SenyouGoraku+1"],"picked":"RikonNoKama+1","floor":10},{"not_picked":["JigokuNoTaiyou","NingyouShinki+1","ShyakuBuku","EnMu+1","MissingPower"],"picked":"SKIP","floor":11},{"not_picked":["NingyouKisou+1","NingyouShinki+1","HagoromoMizu","SeekerWire+1"],"picked":"RikonNoKama+1","floor":12},{"not_picked":["TenguNoTaiko","NingyouSP+1","GasuOrimono","KeiseiJin+1"],"picked":"VampireKiss","floor":14},{"not_picked":["MusuNoYume","SeekerWire+1","OoedoNingyou+1","Agarareta+1","SeekerDolls"],"picked":"SKIP","floor":18},{"not_picked":["Sabishigari+1","DochyakuKami+1","VampireKiss","NingyouSP+1","NingyouChiyari+1"],"picked":"SKIP","floor":20},{"not_picked":["MissingPower","NingyouOkisou+1","GroundStardust+1","DemonsDinnerFork","SeekerDolls"],"picked":"SKIP","floor":21},{"not_picked":["HagoromoMizu","FreezeTouchMe","NingyouSP+1","KouPou+1","GasuOrimono+1"],"picked":"SKIP","floor":23},{"not_picked":["Melting","MusuNoYume","NingyouKasou+1","NingyouKisou+1","InscribeRedSoul"],"picked":"SKIP","floor":24},{"not_picked":["DemonLordCradle+1","DochyakuKami+1","NingyouChiyari+1","WumiGaWareru","Melting","KeiseiJin+1"],"picked":"SKIP","floor":27},{"not_picked":["VampireKiss","Melting","SeekerDolls","NingyouSousou+1","DochyakuKami+1","SemiAutomaton"],"picked":"SKIP","floor":29},{"not_picked":["KimairaNoYoku","NingyouShinki+1","LittleLegion","Agarareta+1","NingyouKisou+1","KouPou+1"],"picked":"SKIP","floor":30},{"not_picked":["NingyouMusou+1","KoKei+1","DemonsDinnerFork","NingyouSP+1","NingyouSousou+1","DochyakuKami+1"],"picked":"SKIP","floor":31},{"not_picked":["ShyakuBuku","SeekerWire+1","KeiseiJin+1","KinbakuJin+1","RikonNoKama+1","NingyouFukuhei+1"],"picked":"SKIP","floor":35},{"not_picked":["JyouchiJin+1","Mishyaguji+1","SeekerWire+1","KinbakuJin+1","DochyakuKami+1","SatsujinDooru"],"picked":"SKIP","floor":36},{"not_picked":["HenyouMirume","Agarareta+1","SenseofElegance","HagoromoKu","AbyssNova","KeiseiJin+1"],"picked":"SKIP","floor":38},{"not_picked":["IceTornado","DemonsDinnerFork","HagoromoMizu+1","KimairaNoYoku+1","FreezeTouchMe+1","DemonLordCradle+1"],"picked":"SKIP","floor":40},{"not_picked":["GasuOrimono+1","Melting+1","HagoromoMizu","NingyouShinki+1","MissingPower","NingyouSousou+1"],"picked":"SKIP","floor":41},{"not_picked":["Melting+1","NingyouFukuhei+1","InscribeRedSoul+1","Mishyaguji+1","MissingPower","MusuNoYume+1"],"picked":"SKIP","floor":42},{"not_picked":["Melting+1","KinbakuJin+1","NingyouMusou+1","HisouTensoku","TenguNoTaiko+1","NingyouSP+1"],"picked":"SKIP","floor":45},{"not_picked":["KeiseiJin+1","KinbakuJin+1","FreezeTouchMe","NingyouOkisou+1","SenseofElegance+1","KimairaNoYoku"],"picked":"SKIP","floor":47}],"player_experience":438977,"relics_obtained":[{"floor":1,"key":"SynthV:TestCard"},{"floor":6,"key":"KyoryuNoHagoromo"},{"floor":8,"key":"Centennial Puzzle"},{"floor":9,"key":"Omamori"},{"floor":14,"key":"REME_HandOfSuture"},{"floor":23,"key":"testmod-ArcanaOfDestiny"},{"floor":26,"key":"Question Card"},{"floor":27,"key":"Bag of Marbles"},{"floor":29,"key":"testmod-LifeArmor"},{"floor":40,"key":"testmod-OneHitWonder"},{"floor":42,"key":"Art of War"},{"floor":43,"key":"Meat on the Bone"},{"floor":43,"key":"Pear"},{"floor":45,"key":"Potion Belt"}],"event_choices":[{"cards_removed":["Strike_Komeiji"],"damage_healed":0,"gold_gain":0,"player_choice":"Offered Basic","damage_taken":0,"max_hp_gain":0,"max_hp_loss":0,"event_name":"Bonfire Elementals","floor":3,"gold_loss":0},{"damage_healed":0,"gold_gain":400,"player_choice":"Sell","damage_taken":0,"max_hp_gain":0,"max_hp_loss":0,"event_name":"¶÷ÂåË¹µÄÅÌ×Ó","floor":19,"relics_lost":["testmod-TestBox"],"gold_loss":0},{"damage_healed":0,"gold_gain":0,"player_choice":"Inject Mutagens","damage_taken":0,"relics_obtained":["MutagenicStrength"],"max_hp_gain":0,"max_hp_loss":0,"event_name":"Drug Dealer","floor":25,"gold_loss":0},{"damage_healed":0,"gold_gain":0,"player_choice":"Ignored","damage_taken":0,"max_hp_gain":0,"max_hp_loss":0,"event_name":"N\u0027loth","floor":28,"gold_loss":0},{"cards_removed":["Dash_Komeiji"],"damage_healed":0,"gold_gain":0,"player_choice":"Removed Skill","damage_taken":0,"max_hp_gain":0,"max_hp_loss":0,"event_name":"Falling","floor":44,"gold_loss":0}],"is_beta":false,"boss_relics":[{"not_picked":["testmod-SaigiyounoYou","testmod-Recursion"],"picked":"testmod-NegativeEmotionEnhancer"},{"not_picked":["Philosopher\u0027s Stone","testmod-TimeTraveler"],"picked":"HaiYi:Twilight"}],"items_purged_floors":[22,22,37],"is_endless":false,"potions_floor_spawned":[2,4,5,6,8,12,21,24,27,33,38,42,45],"ascension_level":10}}