{"host":"97feeoqujgl2pi7v","time":1609680000,"event":{"mods":["AchievementEnabler","Act Like it!","Aspiration","Bard","BaseMod","Better Third Choice","Colored Map","Colored Powertips","Conspire","DeckTracker","Downfall","Duelist Mod","Gensokyo","GifTheSpireLib","Gremlin Mod","Halation","Hallownest","Hermit","Hubris","Infinite Spire","Jorbs\u0027s Wanderer Trilogy","Koishi","Mad Scientist","Marisa（霧雨　魔理沙）","Minty Spire (QoL Compilation)","Rare Cards Sparkle","Reimu（博丽灵梦）","Replay The Spire","Robot Space Explorer","Shop Mod","StSLib","Td1madao Mod","The Administrix","The Animator","The Blackbeard","The Bladedancer","The Bug Knight","The Construct","The Cursed","The Disciple","The Dragon Tamer","The Marked","The Mystic","The Necromancer","The Runesmith","The Saiyan","The Senshi","The Servant 0.9.4","TheBandit","Yuri Mod"],"gold_per_floor":[114,50,63,75,93,93,93,126,126,243,243,57,76,96,96,192,192,208,226,276,276,119,119,119,134,160,294,304,304,304,323,323,427,427,443,443,443],"floor_reached":36,"playtime":4997,"items_purged":[],"score":276,"play_id":"59cd6e6c-7138-4fad-9608-36343e411e03","local_time":"20210103082000","is_ascension_mode":false,"campfire_choices":[{"floor":6,"key":"RECALL"},{"floor":11,"key":"REST"},{"floor":15,"key":"REST"},{"floor":23,"key":"REST"},{"data":"hubris:Fate","floor":23,"key":"SMITH"},{"floor":29,"key":"REST"},{"data":"theSenshi:MoonGorgeousMeditation","floor":29,"key":"SMITH"},{"floor":32,"key":"REST"},{"data":"infinitespire:Fortify","floor":32,"key":"SMITH"}],"circlet_count":0,"master_deck":["theSenshi:SailorKick","theSenshi:SailorKick","theSenshi:SailorKick","theSenshi:SailorBlock+1","theSenshi:SailorBlock","theSenshi:SailorBlock","theSenshi:SailorBlock","theSenshi:RoseThrow","theSenshi:MoonPrismPowerMakeUp","theSenshi:MoonPunch","theSenshi:TallSilhouette","theSenshi:SailorV","theSenshi:SailorMarsAssists+1","theSenshi:MoonTwilightFlash","theSenshi:SupersonicWaves+1","theSenshi:StudyParty","theSenshi:SailorVenusAssists","theSenshi:SailorVenusAssists","theSenshi:MoonGorgeousMeditation+1","theSenshi:MoonKick+1","theSenshi:MoonTiaraMagic+1","theSenshi:MoonKick","hubris:Fate+1","theSenshi:MoonCosmicPowerMakeUp","theSenshi:MoonTiaraMagic","infinitespire:Fortify+1","theSenshi:MoonTiaraMagic+1","ManaRampage","theSenshi:InTheNickOfTime+1","theSenshi:SteeledNerves+1","theSenshi:PlutosSolemnity+1","theSenshi:UranusStrength"],"relics":["theSenshi:TransformationBroochRelic","Gremlin Food","hubris:Icosahedron","hubris:DisguiseKit","Replay:Rubber Ducky","hubris:Backtick","infinitespire:Magic Flask","aspiration:FrozenJewel","Tiny House","Oddly Smooth Stone","Regal Pillow","Astrolabe"],"acts_visited":["Exordium","TheCity","TheBeyond"],"potions_floor_usage":[16,16,16,27,27,27,31,35],"damage_taken":[{"damage":0,"enemies":"2 Louse","floor":1,"turns":3},{"damage":0,"enemies":"Cultist","floor":3,"turns":3},{"damage":8,"enemies":"Jaw Worm","floor":4,"turns":3},{"damage":2,"enemies":"Large Slime","floor":5,"turns":6},{"damage":30,"enemies":"conspire:MimicChest","floor":8,"turns":7},{"damage":12,"enemies":"Exordium Wildlife","floor":10,"turns":3},{"damage":9,"enemies":"Red Slaver","floor":13,"turns":2},{"damage":4,"enemies":"3 Louse","floor":14,"turns":2},{"damage":23,"enemies":"Hexaghost","floor":16,"turns":12},{"damage":28,"enemies":"3 Byrds","floor":18,"turns":6},{"damage":21,"enemies":"conspire:FuzzyDice","floor":19,"turns":5},{"damage":0,"enemies":"Snake Plant","floor":25,"turns":4},{"damage":4,"enemies":"conspire:Head Lice","floor":27,"turns":7},{"damage":12,"enemies":"Sentry and Sphere","floor":28,"turns":4},{"damage":16,"enemies":"Centurion and Healer","floor":31,"turns":8},{"damage":0,"enemies":"Automaton","floor":33,"turns":3},{"damage":8,"enemies":"Orb Walker","floor":35,"turns":4},{"damage":11,"enemies":"3 Shapes","floor":36,"turns":2}],"seed_played":"3393887924267895115","potions_obtained":[{"floor":8,"key":"Energy Potion"},{"floor":10,"key":"Milkshake"},{"floor":14,"key":"Adrenaline Potion"},{"floor":16,"key":"ZuzhouPotion:ReiMu"},{"floor":18,"key":"Elixir"},{"floor":19,"key":"hexamod:EctoCoolerPotion"},{"floor":20,"key":"DistilledChaos"},{"floor":33,"key":"LiquidMemories"},{"floor":35,"key":"Languid Potion"}],"is_trial":false,"path_per_floor":["M","?","M","M","M","R","?","?","T","M","R","$","M","M","R","B",null,"M","M","AVR","?","$","R","?","M","T","E","M","R","?","M","R","B",null,"M","M"],"character_chosen":"THE_SENSHI","items_purchased":["theSenshi:StudyParty","theSenshi:SailorVenusAssists","Oddly Smooth Stone"],"campfire_rested":5,"item_purchase_floors":[12,12,22],"current_hp_per_floor":[82,82,82,74,72,72,72,42,42,30,54,54,45,41,65,42,82,54,33,38,38,38,64,64,64,64,60,48,87,65,49,87,87,87,79,68,68],"gold":443,"neow_bonus":"TEN_PERCENT_HP_BONUS","is_daily":false,"chose_seed":false,"campfire_upgraded":3,"win_rate":0.0,"timestamp":1609680000,"path_taken":["M","?","M","?","M","R","?","?","T","M","R","$","?","M","R","BOSS","M","M","AVR","?","$","R","?","M","T","E","M","R","?","M","R","BOSS","M","M"],"items_purchased_type":["Card","Card","Relic"],"build_version":"2020-12-22","purchased_purges":0,"victory":false,"max_hp_per_floor":[82,82,82,82,82,82,82,82,82,82,82,82,82,82,82,82,82,82,82,87,87,87,87,87,87,87,87,87,87,87,87,87,87,87,87,87,87],"card_choices":[{"not_picked":["theSenshi:LunasBite","theSenshi:MoonSpiralHeartAttack"],"picked":"theSenshi:MoonPunch","floor":1},{"not_picked":["theSenshi:MoonHealingEscalation","theSenshi:SailorChibiMoonAssists"],"picked":"theSenshi:TallSilhouette","floor":3},{"not_picked":["theSenshi:MoonCosmicPowerMakeUp","theSenshi:MoonKick"],"picked":"theSenshi:SailorV","floor":4},{"not_picked":["theSenshi:TuxedoMaskAssists","theSenshi:YouCanTalk"],"picked":"theSenshi:SailorMarsAssists","floor":5},{"not_picked":["theSenshi:TallSilhouette","theSenshi:TuxedoSmokingBomber"],"picked":"theSenshi:MoonTwilightFlash","floor":8},{"not_picked":["theSenshi:InTheNameOfTheMoon","theSenshi:MoonPrincessHalation","IllusionStar"],"picked":"theSenshi:SupersonicWaves","floor":10},{"not_picked":["theSenshi:GatheringStrength","theSenshi:MoonPrincessHalation","IllusionStar"],"picked":"theSenshi:TuxedoSmokingBomber","floor":13},{"not_picked":["theSenshi:SchoolBag","theSenshi:EncouragingSpeech","ShootingEcho"],"picked":"theSenshi:SailorVenusAssists","floor":14},{"not_picked":["theSenshi:InTheNameOfTheMoon","theSenshi:SailorStarHealerAssists","CasketOfStar"],"picked":"theSenshi:MoonGorgeousMeditation","floor":16},{"not_picked":["theSenshi:SailorMercuryAssists+1","theSenshi:SchoolBag+1","EnergyFlow"],"picked":"theSenshi:MoonKick+1","floor":18},{"not_picked":["theSenshi:MoonsReflection","theSenshi:EncouragingSpeech","SatelliteIllusion"],"picked":"theSenshi:MoonTiaraMagic+1","floor":19},{"not_picked":["theSenshi:SailorChibiMoonAssists","theSenshi:SupersonicWaves","OrrerysSun"],"picked":"theSenshi:MoonKick","floor":20},{"not_picked":["theSenshi:GlimpseOfThePast","theSenshi:MoonPunch","MilkyWay"],"picked":"theSenshi:LunasBite","floor":25},{"not_picked":["theSenshi:LunasBite","theSenshi:SupersonicWaves","EnergyFlow"],"picked":"theSenshi:MoonCosmicPowerMakeUp","floor":27},{"not_picked":["theSenshi:SailorStarMakerAssists","theSenshi:MoonsReflection","AsteroidBelt"],"picked":"theSenshi:MoonTiaraMagic","floor":28},{"not_picked":["infinitespire:NeuralNetwork","infinitespire:Oblivion"],"picked":"infinitespire:Fortify","floor":30},{"not_picked":["theSenshi:NeptunesGrace","theSenshi:TuxedoSmokingBomber","LuminesStrike"],"picked":"theSenshi:MoonTiaraMagic+1","floor":31},{"not_picked":["theSenshi:SailorPlutoAssists","theSenshi:MoonGorgeousMeditation","theSenshi:SailorCosmosAssists"],"picked":"ManaRampage","floor":33},{"not_picked":["theSenshi:PlutosSolemnity+1","theSenshi:Sidestep","SporeBomb"],"picked":"theSenshi:UranusStrength","floor":35}],"player_experience":402841,"relics_obtained":[{"floor":8,"key":"hubris:DisguiseKit"},{"floor":9,"key":"Replay:Rubber Ducky"},{"floor":27,"key":"Regal Pillow"}],"event_choices":[{"damage_healed":0,"gold_gain":0,"player_choice":"Paid Gold","damage_taken":0,"relics_obtained":["Gremlin Food"],"max_hp_gain":0,"max_hp_loss":0,"event_name":"WeMeetAgain","floor":2,"gold_loss":64},{"damage_healed":0,"gold_gain":0,"player_choice":"Ignored","damage_taken":0,"max_hp_gain":0,"max_hp_loss":0,"event_name":"Beggar","floor":24,"gold_loss":0}],"is_beta":false,"boss_relics":[{"not_picked":["Honey Jar","infinitespire:Cupcake"],"picked":"hubris:Backtick"},{"not_picked":["Coffee Dripper","halation:MonkeysPaw"],"picked":"Astrolabe"}],"items_purged_floors":[],"is_endless":false,"potions_floor_spawned":[8,10,14,16,18,19,33,35],"killed_by":"3 Shapes","ascension_level":0}}