{"host":"m77rrhbqzv44va4v","time":1609686836,"event":{"mods":["AchievementEnabler","BaseMod","Colored Map","DeckTracker","Keyboard Shortcuts","Minty Spire (QoL Compilation)","StSLib","SuperFastMode","everything is the same but u backflip on backflip"],"gold_per_floor":[115,134,134,159,109,152,152,2,2,57,57,75,104,144,144,277,277,293,327,372,89,114,114],"floor_reached":22,"playtime":651,"items_purged":["Strike_B","Defend_B"],"score":274,"play_id":"e329be78-a5e9-4f8e-ae63-991344673305","local_time":"20210104001356","is_ascension_mode":true,"campfire_choices":[{"floor":7,"key":"REST"},{"data":"Coolheaded","floor":11,"key":"SMITH"},{"floor":15,"key":"REST"}],"circlet_count":0,"master_deck":["Strike_B","Strike_B","Defend_B","Defend_B","Defend_B","Zap","Dualcast","Glacier","Sweeping Beam","Barrage","Cold Snap","Coolheaded+1","Undo","Electrodynamics","Core Surge","Redo","White Noise","Redo","Thunder Strike"],"relics":["Cracked Core","Golden Idol","Ornamental Fan","Bottled Flame","CeramicFish","Cables","SlaversCollar","Red Mask"],"acts_visited":["Exordium","TheCity"],"potions_floor_usage":[14,19,20,20],"damage_taken":[{"damage":1.0,"enemies":"Cultist","floor":1.0,"turns":4.0},{"damage":7.0,"enemies":"2 Louse","floor":2.0,"turns":2.0},{"damage":0.0,"enemies":"Jaw Worm","floor":4.0,"turns":4.0},{"damage":19,"enemies":"Gremlin Nob","floor":6,"turns":4},{"damage":1,"enemies":"Exordium Thugs","floor":12,"turns":5},{"damage":6,"enemies":"Exordium Wildlife","floor":13,"turns":5},{"damage":12,"enemies":"3 Sentries","floor":14,"turns":4},{"damage":27,"enemies":"The Guardian","floor":16,"turns":20},{"damage":10,"enemies":"Shell Parasite","floor":18,"turns":20},{"damage":22,"enemies":"2 Thieves","floor":19,"turns":4},{"damage":10,"enemies":"Masked Bandits","floor":20,"turns":2},{"damage":14,"enemies":"Snecko","floor":22,"turns":6}],"seed_played":"6229516063496630892","potions_obtained":[{"floor":2.0,"key":"SneckoOil"},{"floor":12,"key":"Fire Potion"},{"floor":13,"key":"Dexterity Potion"},{"floor":16,"key":"ColorlessPotion"},{"floor":22,"key":"SmokeBomb"}],"is_trial":false,"path_per_floor":["M","M","?","M","?","E","R","$","T","T","R","M","M","E","R","B",null,"M","M","?","$","M"],"character_chosen":"DEFECT","items_purchased":["Undo","Redo","Thunder Strike"],"campfire_rested":2,"item_purchase_floors":[8,21,21],"current_hp_per_floor":[67,60,42,42,42,23,45,45,45,45,45,44,38,26,48,21,62,52,30,20,20,6,6],"gold":114,"neow_bonus":"THREE_CARDS","is_daily":false,"chose_seed":false,"campfire_upgraded":1,"win_rate":0.0,"timestamp":1609686836,"path_taken":["M","?","?","M","?","E","R","$","T","?","R","?","M","E","R","BOSS","M","M","?","$","M"],"items_purchased_type":["Card","Card","Card"],"build_version":"2020-12-22","purchased_purges":2,"victory":false,"max_hp_per_floor":[75,75,75,75,75,75,75,75,75,75,75,75,75,75,75,75,75,75,75,75,75,75,75],"card_choices":[{"not_picked":["FTL","Hologram"],"picked":"Glacier","floor":0.0},{"not_picked":["Cold Snap","Leap"],"picked":"Sweeping Beam","floor":1.0},{"not_picked":["Blizzard","Turbo"],"picked":"Barrage","floor":2.0},{"not_picked":["Go for the Eyes","FTL"],"picked":"Cold Snap","floor":4.0},{"not_picked":["Go for the Eyes","Leap"],"picked":"Coolheaded","floor":6},{"not_picked":["Go for the Eyes","Sweeping Beam","Recycle"],"picked":"SKIP","floor":12},{"not_picked":["Gash","Stack"],"picked":"Electrodynamics","floor":13},{"not_picked":["Hologram","Reprogram","Sweeping Beam"],"picked":"SKIP","floor":14},{"not_picked":["Buffer","Hyperbeam"],"picked":"Core Surge","floor":16},{"not_picked":["Steam+1","Sweeping Beam","Gash"],"picked":"SKIP","floor":18},{"not_picked":["Stack","Hologram"],"picked":"Redo","floor":19},{"not_picked":["Stack","Leap"],"picked":"White Noise","floor":20}],"player_experience":882701,"relics_obtained":[{"floor":6,"key":"Ornamental Fan"},{"floor":9,"key":"Bottled Flame"},{"floor":10,"key":"CeramicFish"},{"floor":14,"key":"Cables"},{"floor":20,"key":"Red Mask"}],"event_choices":[{"damage_healed":0.0,"max_hp_gain":0.0,"max_hp_loss":0.0,"gold_gain":0.0,"event_name":"Golden Idol","player_choice":"Take Damage","floor":3.0,"gold_loss":0.0,"damage_taken":18.0,"relics_obtained":["Golden Idol"]},{"cards_removed":["Strike_B"],"damage_healed":0.0,"max_hp_gain":0.0,"max_hp_loss":0.0,"gold_gain":0.0,"event_name":"The Cleric","player_choice":"Card Removal","floor":5.0,"gold_loss":50.0,"damage_taken":0.0},{"damage_healed":0,"gold_gain":0,"player_choice":"Fought Bandits","damage_taken":0,"max_hp_gain":0,"max_hp_loss":0,"event_name":"Masked Bandits","floor":20,"gold_loss":0}],"is_beta":false,"boss_relics":[{"not_picked":["Tiny House","Coffee Dripper"],"picked":"SlaversCollar"}],"items_purged_floors":[8,21],"is_endless":false,"potions_floor_spawned":[2,12,13,16,22],"killed_by":"Snecko","ascension_level":8}}