{"host":"xcuflocadasoaqda","time":1609713129,"event":{"mods":["BaseMod","Bestiary","Filter the Spire","Minty Spire (QoL Compilation)","Relic Stats"],"gold_per_floor":[112,112,126,126,51,51,63,96,144,169,69,79,79,110,110,184,184,195,215,225,242,242,242,242,242,242,242,242],"floor_reached":27,"playtime":966,"items_purged":["Bash","Headbutt"],"score":502,"play_id":"18ab8981-dac6-4bae-8018-d9a010f08649","local_time":"20210103163209","is_ascension_mode":true,"campfire_choices":[{"data":"Uppercut","floor":6.0,"key":"SMITH"},{"data":"Spot Weakness","floor":13.0,"key":"SMITH"},{"data":"Inflame","floor":15.0,"key":"SMITH"},{"data":"Dual Wield","floor":23,"key":"SMITH"},{"data":"Reaper","floor":25,"key":"SMITH"}],"circlet_count":0,"master_deck":["AscendersBane","Inflame+1","Uppercut+1","Exhume+1","Reaper+1","Rampage","Rage+1","Twin Strike","Spot Weakness+1","Double Tap","Dual Wield+1"],"relics":["Pandora\u0027s Box","Blood Vial","War Paint","Ornamental Fan","Black Star","Nloth\u0027s Gift","Champion Belt"],"acts_visited":["Exordium","TheCity"],"potions_floor_usage":[21,24],"damage_taken":[{"damage":14.0,"enemies":"Small Slimes","floor":1.0,"turns":3.0},{"damage":3.0,"enemies":"Jaw Worm","floor":3.0,"turns":2.0},{"damage":0.0,"enemies":"Cultist","floor":7.0,"turns":3.0},{"damage":10.0,"enemies":"Lagavulin","floor":8.0,"turns":5.0},{"damage":6.0,"enemies":"Gremlin Nob","floor":10.0,"turns":3.0},{"damage":0.0,"enemies":"Large Slime","floor":12.0,"turns":4.0},{"damage":25.0,"enemies":"3 Sentries","floor":14.0,"turns":5.0},{"damage":50,"enemies":"The Guardian","floor":16,"turns":8},{"damage":23,"enemies":"Spheric Guardian","floor":18,"turns":4},{"damage":36,"enemies":"2 Thieves","floor":19,"turns":4},{"damage":36,"enemies":"Chosen and Byrds","floor":20,"turns":6},{"damage":10,"enemies":"Snecko","floor":21,"turns":5},{"damage":42,"enemies":"Book of Stabbing","floor":24,"turns":4},{"damage":41,"enemies":"Shelled Parasite and Fungi","floor":27,"turns":2}],"seed_played":"-8697668104540793675","potions_obtained":[{"floor":3.0,"key":"Strength Potion"},{"floor":8.0,"key":"Energy Potion"},{"floor":12.0,"key":"SmokeBomb"},{"floor":20,"key":"Block Potion"}],"is_trial":false,"path_per_floor":["M","?","M","?","$","R","M","E","T","E","$","M","R","E","R","B",null,"M","M","M","M","?","R","E","R","T","M"],"character_chosen":"IRONCLAD","items_purchased":[],"campfire_rested":0,"item_purchase_floors":[],"current_hp_per_floor":[54,54,51,75,75,75,75,65,65,65,65,75,75,59,59,41,67,66,32,42,74,74,74,33,33,33,0,0],"gold":242,"neow_bonus":"BOSS_RELIC","is_daily":false,"chose_seed":false,"campfire_upgraded":5,"win_rate":0.0,"timestamp":1609713129,"path_taken":["M","?","M","?","$","R","M","E","T","E","$","M","R","E","R","BOSS","M","M","?","M","?","R","E","R","T","?"],"items_purchased_type":[],"build_version":"2020-12-22","purchased_purges":2,"victory":false,"max_hp_per_floor":[75,75,75,75,75,75,75,75,75,75,75,75,75,75,75,75,75,75,75,75,75,75,75,75,75,75,75,75],"relic_stats":{"Blood Vial":17,"counters":[14,58],"Ornamental Fan":[8],"Pandora\u0027s Box":["Inflame","Uppercut","Headbutt","Exhume","Reaper","Rampage","Rage","Combust","Twin Strike"],"Black Star":1,"Nloth\u0027s Gift":0,"Champion Belt":[0],"War Paint":["Exhume","Rage"],"obtain_stats":[{"Blood Vial":8,"Darkstone Periapt":10,"Ornamental Fan":14,"Pandora\u0027s Box":0,"Black Star":17,"Nloth\u0027s Gift":22,"Champion Belt":26,"War Paint":9,"Burning Blood":0},{"Blood Vial":4,"Darkstone Periapt":5,"Ornamental Fan":7,"Pandora\u0027s Box":0,"Black Star":8,"Nloth\u0027s Gift":12,"Champion Belt":13,"War Paint":4,"Burning Blood":0},{"Blood Vial":13,"Darkstone Periapt":16,"Ornamental Fan":25,"Pandora\u0027s Box":0,"Black Star":33,"Nloth\u0027s Gift":52,"Champion Belt":56,"War Paint":13,"Burning Blood":0}]},"card_choices":[{"not_picked":["Pommel Strike","Reckless Charge","Cleave"],"picked":"SKIP","floor":1.0},{"not_picked":["Sword Boomerang","Feel No Pain","Pommel Strike"],"picked":"SKIP","floor":3.0},{"not_picked":["Thunderclap","Clothesline","Bloodletting"],"picked":"SKIP","floor":7.0},{"not_picked":["Havoc","Headbutt","Perfected Strike"],"picked":"SKIP","floor":8.0},{"not_picked":["Cleave","Sword Boomerang","Havoc"],"picked":"SKIP","floor":10.0},{"not_picked":["Flame Barrier","Sword Boomerang"],"picked":"Spot Weakness","floor":12.0},{"not_picked":["Battle Trance","Anger","Pummel"],"picked":"SKIP","floor":14.0},{"not_picked":["Bludgeon","Berserk"],"picked":"Double Tap","floor":16},{"not_picked":["Dual Wield","Warcry","Shrug It Off"],"picked":"SKIP","floor":18},{"not_picked":["Havoc","Headbutt","Body Slam"],"picked":"SKIP","floor":19},{"not_picked":["Intimidate","Shrug It Off","Hemokinesis"],"picked":"SKIP","floor":20},{"not_picked":["Dual Wield","Warcry","Feel No Pain"],"picked":"SKIP","floor":21},{"not_picked":["Warcry","Feel No Pain"],"picked":"Dual Wield","floor":21}],"player_experience":1869980,"relics_obtained":[{"floor":8.0,"key":"Blood Vial"},{"floor":9.0,"key":"War Paint"},{"floor":10.0,"key":"Darkstone Periapt"},{"floor":14.0,"key":"Ornamental Fan"},{"floor":26,"key":"Champion Belt"}],"event_choices":[{"cards_removed":["Combust"],"damage_healed":0.0,"max_hp_gain":0.0,"max_hp_loss":0.0,"gold_gain":0.0,"event_name":"Living Wall","player_choice":"Forget","floor":2.0,"gold_loss":0.0,"damage_taken":0.0},{"damage_healed":24.0,"max_hp_gain":0.0,"max_hp_loss":0.0,"gold_gain":0.0,"event_name":"Wheel of Change","player_choice":"Full Heal","floor":4.0,"gold_loss":0.0,"damage_taken":0.0},{"damage_healed":0,"gold_gain":0,"player_choice":"Traded Relic","damage_taken":0,"relics_obtained":["Nloth\u0027s Gift"],"max_hp_gain":0,"max_hp_loss":0,"event_name":"N\u0027loth","floor":22,"relics_lost":["Darkstone Periapt"],"gold_loss":0}],"is_beta":false,"boss_relics":[{"not_picked":["Empty Cage","Runic Cube"],"picked":"Black Star"}],"items_purged_floors":[5,11],"is_endless":false,"potions_floor_spawned":[3,8,12,20],"killed_by":"Shelled Parasite and Fungi","ascension_level":20}}