{"host":"gpkbl0cayp7vm3va","time":1609708879,"event":{"mods":["BaseMod","Bestiary","Colored Map","Curses Come First","Downfall","Highlight Path","Minty Spire (QoL Compilation)","Replay The Spire","Robot Space Explorer","StSLib","The Animator"],"gold_per_floor":[119,119,145,420,10,40,40,79,79,109,131,131,131,184,184,289,289,312,345,435,464,65,103,13,45,97,138,238,238,270,285,285,395,395,407,420,443,413,427,459,477,531,556,589,589,606,606,636,636,636,636,636,619,619,619],"floor_reached":54,"playtime":35962,"items_purged":["Regret","animator:Curse_Greed"],"score":1019,"play_id":"b16eee65-33f9-48a5-8241-371939bb5475","local_time":"20210103142119","is_ascension_mode":false,"campfire_choices":[{"data":"animator:Kira","floor":7,"key":"SMITH"},{"floor":15,"key":"REST"},{"data":"animator:Kuroyukihime","floor":29,"key":"SMITH"},{"data":"Infernal Blade","floor":32,"key":"SMITH"},{"data":"1","floor":47,"key":"LIFT"},{"floor":49,"key":"RECALL"},{"data":"2","floor":52,"key":"LIFT"}],"circlet_count":0,"master_deck":["animator:LizardPriest","animator:DwarfShaman","animator:KrulTepes","animator:GuildGirl","animator:Shigure","animator:ElricEdward","animator:Envy","animator:FielNirvalen","animator:Witch","animator:KrulTepes","animator:Darkness","animator:Sloth","animator:Kira","Replay:AllIn","animator:ElricAlphonse","animator:YunYun","animator:Shinoa","RobotSpaceExplorer:TrailblazerForm","animator:Entoma","animator:Sonic","animator:Canti","animator:NagisaMomoe","Infernal Blade","animator:Kuroyukihime","Guardian:BronzeArmor","animator:Priestess","Hologram","RobotSpaceExplorer:PowerGlove","Replay:Many Hands","ClearTheMind","Glass Knife","champ:FlashCut","animator:MamiTomoe","Steam","animator:NagisaMomoe","animator:DolaRiku","Slimebound:DisruptingSlam"],"relics":["animator:TheEruzaStone","animator:LivingPicture","animator:TheMissingPiece"],"acts_visited":["Exordium","TheCity","TheBeyond","TheEnding","EYB:TheUnnamedReign"],"potions_floor_usage":[8,10,11,21,23,27,33,33,33,40,42,44,46,48],"damage_taken":[{"damage":0,"enemies":"2 Louse","floor":1,"turns":3},{"damage":1,"enemies":"Small Slimes","floor":3,"turns":5},{"damage":0,"enemies":"Lagavulin","floor":6,"turns":5},{"damage":0,"enemies":"Replay:BlueRogue","floor":8,"turns":5},{"damage":24,"enemies":"Gremlin Nob","floor":10,"turns":4},{"damage":0,"enemies":"Cultist","floor":11,"turns":5},{"damage":23,"enemies":"Slime Boss","floor":16,"turns":6},{"damage":4,"enemies":"Shell Parasite","floor":18,"turns":4},{"damage":0,"enemies":"Chosen","floor":19,"turns":3},{"damage":4,"enemies":"Snecko","floor":21,"turns":5},{"damage":4,"enemies":"animator:HornedBat","floor":23,"turns":5},{"damage":11,"enemies":"Replay:Snechameleon","floor":25,"turns":5},{"damage":6,"enemies":"Gremlin Leader","floor":27,"turns":9},{"damage":0,"enemies":"Book of Stabbing","floor":30,"turns":6},{"damage":0,"enemies":"Cultist and Chosen","floor":31,"turns":5},{"damage":17,"enemies":"Pondfish","floor":33,"turns":6},{"damage":0,"enemies":"Orb Walker","floor":35,"turns":3},{"damage":0,"enemies":"3 Shapes","floor":36,"turns":3},{"damage":0,"enemies":"Writhing Mass","floor":39,"turns":4},{"damage":33,"enemies":"Giant Head","floor":40,"turns":7},{"damage":10,"enemies":"Maw","floor":41,"turns":6},{"damage":0,"enemies":"2 Orb Walkers","floor":42,"turns":3},{"damage":0,"enemies":"R_Hoarder","floor":44,"turns":6},{"damage":0,"enemies":"Spire Growth","floor":46,"turns":4},{"damage":0,"enemies":"Giant Head","floor":48,"turns":8},{"damage":59,"enemies":"Donu and Deca","floor":50,"turns":8},{"damage":86,"enemies":"animator:TRIPLE_SHAPES_WEAK","floor":54,"turns":6}],"seed_played":"-8218321665057229058","potions_obtained":[{"floor":3,"key":"BlessingOfTheForge"},{"floor":11,"key":"Adrenaline Potion"},{"floor":16,"key":"Guardian:BlockOnCardUsePotion"},{"floor":21,"key":"LiquidBronze"},{"floor":23,"key":"SteroidPotion"},{"floor":27,"key":"Languid Potion"},{"floor":30,"key":"Adrenaline Potion"},{"floor":36,"key":"SpeedPotion"},{"floor":38,"key":"Adrenaline Potion"},{"floor":38,"key":"Swift Potion"},{"floor":40,"key":"BlessingOfTheForge"},{"floor":42,"key":"SpeedPotion"},{"floor":44,"key":"Elixir"}],"is_trial":false,"path_per_floor":["M","?","M","?","$","E","R","E","T","E","M","?","T","T","R","B",null,"M","M","?","M","$","E","$","E","T","E","?","R","E","M","R","B",null,"M","M","T","?","M","E","M","?","T","E","?","M","R","E","R","B",null,"R","??","M"],"character_chosen":"THE_ANIMATOR","items_purchased":["Pet Ghost","animator:Kira","Vajra","ClockworkSouvenir","animator:Kuroyukihime"],"campfire_rested":1,"item_purchase_floors":[5,5,22,22,24],"current_hp_per_floor":[66,66,65,65,65,65,65,65,65,48,48,36,36,36,57,34,73,69,73,55,53,53,53,53,44,44,45,45,45,47,51,51,38,81,81,83,83,83,83,50,49,53,53,57,57,61,61,69,69,16,86,86,86,0,0],"gold":619,"neow_bonus":"BOSS_RELIC","is_daily":false,"chose_seed":false,"campfire_upgraded":3,"win_rate":0.0,"timestamp":1609708879,"path_taken":["M","?","M","?","$","E","R","E","T","E","?","?","?","?","R","BOSS","M","M","?","?","$","E","$","E","T","E","?","R","E","M","R","BOSS","M","M","?","?","?","E","M","?","T","E","?","M","R","E","R","BOSS","R","??","M"],"items_purchased_type":["Relic","Card","Relic","Relic","Card"],"build_version":"2020-12-22","purchased_purges":2,"victory":false,"max_hp_per_floor":[66,66,66,66,66,66,66,66,66,73,73,73,73,73,73,73,73,73,73,73,73,73,75,75,75,75,77,77,77,77,79,79,81,81,81,83,83,83,83,83,84,84,84,84,84,84,84,84,84,86,86,86,86,86,86],"card_choices":[{"not_picked":["animator:Alexander","animator:ElricAlphonse"],"picked":"animator:Darkness","floor":1},{"not_picked":["animator:Mikaela","Body Slam"],"picked":"animator:Sloth","floor":3},{"not_picked":["champ:DefensiveStyle","animator:CowGirl"],"picked":"Replay:AllIn","floor":6},{"not_picked":["animator:WinryRockbell","animator:Sloth"],"picked":"animator:ElricAlphonse","floor":8},{"not_picked":["animator:RinTohsaka","animator:OrikoMikuni"],"picked":"animator:YunYun","floor":10},{"not_picked":["champ:Circumvent","animator:Yuuichirou"],"picked":"animator:Shinoa","floor":11},{"not_picked":["hexamod:EmpoweringStance","animator:MadokaKaname"],"picked":"RobotSpaceExplorer:TrailblazerForm","floor":16},{"not_picked":["animator:Chris","animator:Assassin"],"picked":"animator:Entoma","floor":18},{"not_picked":["animator:Genos","animator:Melzalgald"],"picked":"animator:Sonic","floor":19},{"not_picked":["animator:ShinjiMatou","animator:Spearman"],"picked":"animator:NagisaMomoe","floor":21},{"not_picked":["animator:MumenRider","animator:Sloth"],"picked":"Infernal Blade","floor":23},{"not_picked":["animator:CowGirl","animator:Sonic"],"picked":"Guardian:BronzeArmor+1","floor":25},{"not_picked":["animator:Spearman","animator:LizardPriest"],"picked":"animator:Priestess","floor":27},{"not_picked":["animator:Witch","animator:SilverFang"],"picked":"Hologram","floor":30},{"not_picked":["Slimebound:FirmFortitude","animator:YachiyoNanami"],"picked":"RobotSpaceExplorer:PowerGlove","floor":31},{"not_picked":["RobotSpaceExplorer:Asteroid","Phantasmal Killer"],"picked":"Replay:Many Hands","floor":33},{"not_picked":["animator:Cocytus","animator:MamiTomoe"],"picked":"ClearTheMind+1","floor":35},{"not_picked":["animator:Vanir","Beam Cell+1"],"picked":"Glass Knife","floor":39},{"not_picked":["Fluid Movement","animator:LizardPriest"],"picked":"champ:FlashCut+1","floor":40},{"not_picked":["sneckomod:UnknownClassTHE_UNNAMED","animator:Verdia"],"picked":"animator:MamiTomoe+1","floor":41},{"not_picked":["RobotSpaceExplorer:Smokescreen","animator:Geryuganshoop"],"picked":"Steam","floor":42},{"not_picked":["animator:YuiTsuruno","animator:SuzuneAmano"],"picked":"animator:NagisaMomoe","floor":44},{"not_picked":["animator:Vanir","champ:StrikeOfGenius"],"picked":"animator:DolaRiku","floor":46},{"not_picked":["animator:Jibril","animator:Shinoa"],"picked":"Slimebound:DisruptingSlam","floor":48}],"player_experience":742385,"relics_obtained":[{"floor":6,"key":"War Paint"},{"floor":8,"key":"Replay:Kaleidoscope"},{"floor":9,"key":"Iron Hammer"},{"floor":10,"key":"Strawberry"},{"floor":13,"key":"Replay:WaspNest"},{"floor":16,"key":"Blood Vial"},{"floor":23,"key":"Nunchaku"},{"floor":25,"key":"Omamori"},{"floor":26,"key":"Oddly Smooth Stone"},{"floor":27,"key":"Replay:Wax Seal"},{"floor":30,"key":"Charon\u0027s Ashes"},{"floor":33,"key":"Blood Vial"},{"floor":37,"key":"Replay:Baseball"},{"floor":40,"key":"Girya"},{"floor":42,"key":"Calipers"},{"floor":43,"key":"Happy Flower"},{"floor":44,"key":"Replay:Bottled Eggs"},{"floor":48,"key":"Shuriken"},{"floor":53,"key":"animator:TheEruzaStone"}],"event_choices":[{"damage_healed":0,"gold_gain":275,"player_choice":"Desecrate","damage_taken":0,"max_hp_gain":0,"max_hp_loss":0,"event_name":"Golden Shrine","floor":4,"gold_loss":0,"cards_obtained":["Regret"]},{"damage_healed":0,"gold_gain":0,"player_choice":"Success","damage_taken":12,"relics_obtained":["ReplayTheSpireMod:TigerMarble"],"max_hp_gain":0,"max_hp_loss":0,"event_name":"Scrap Ooze","floor":12,"gold_loss":0},{"damage_healed":0,"gold_gain":90,"player_choice":"GOLD CARD ","damage_taken":18,"max_hp_gain":0,"max_hp_loss":0,"event_name":"Knowing Skull","floor":20,"potions_obtained":[],"gold_loss":0,"cards_obtained":["animator:Canti"]},{"damage_healed":0,"gold_gain":100,"player_choice":"Pray","damage_taken":0,"max_hp_gain":0,"max_hp_loss":0,"event_name":"Golden Shrine","floor":28,"gold_loss":0},{"damage_healed":0,"gold_gain":0,"player_choice":"Bought 2 Potions","damage_taken":0,"max_hp_gain":0,"max_hp_loss":0,"event_name":"The Woman in Blue","floor":38,"gold_loss":0},{"damage_healed":0,"gold_gain":0,"player_choice":"Fight","damage_taken":0,"max_hp_gain":0,"max_hp_loss":0,"event_name":"Mysterious Sphere","floor":42,"gold_loss":0},{"damage_healed":0,"gold_gain":0,"player_choice":"Ignored","damage_taken":0,"max_hp_gain":0,"max_hp_loss":0,"event_name":"Tomb of Lord Red Mask","floor":45,"gold_loss":0}],"is_beta":false,"boss_relics":[{"not_picked":["Empty Cage","Replay:Drink Me"],"picked":"Replay:Bronze Core"},{"not_picked":["Busted Crown","Honey Jar"],"picked":"Velvet Choker"}],"items_purged_floors":[5,22],"is_endless":false,"potions_floor_spawned":[3,11,16,21,23,27,30,36,40,42,44],"killed_by":"animator:TRIPLE_SHAPES_WEAK","ascension_level":0}}