{"host":"xwqwvmlzre68xjvm","time":1609668725,"event":{"mods":["AchievementEnabler","BaseMod","Colored Map","Colored Powertips","Hermit","Marisa£¨Ùöéë¡¡Øª×âÞÞ£©","Minty Spire (QoL Compilation)","Replay The Spire","StSLib","SuperFastMode","The Bug Knight","The Cursed","The Hierophant","The Runesmith"],"gold_per_floor":[114,128,128,201,336,336,356,394,394,418,24,58,78,99,99,219,219,242,261,279,298,298,298],"floor_reached":22,"playtime":1471,"items_purged":["Strike_G"],"score":220,"play_id":"bbf59678-35bf-4dda-b781-0054ea87cb85","local_time":"20210103191205","is_ascension_mode":true,"campfire_choices":[{"floor":6,"key":"REST"},{"floor":15,"key":"RECALL"}],"circlet_count":0,"master_deck":["Strike_G","Strike_G","Strike_G","Strike_G","Defend_G","Defend_G","Defend_G","Defend_G","Defend_G","Survivor","Neutralize","Accuracy","Backflip","Backflip","Hidden Blade","Deflect","Prepared","Choke","ReplayTheSpireMod:Scrap Shanks","Fluid Movement","Acrobatics","Prepared","Tools of the Trade","Decay","Clumsy","Clumsy","Slice","Accuracy","Underhanded Strike"],"relics":["Ring of the Snake","MealTicket","Golden Idol","Kunai","Runesmith:AutoHammer","Replay:Bottled Snecko","Runesmith:Nanobots","Lantern","Replay:Ancient Bell","Vajra","Onion Ring","Gambling Chip"],"acts_visited":["Exordium","TheCity"],"potions_floor_usage":[8,10,12,19],"damage_taken":[{"damage":0,"enemies":"Jaw Worm","floor":1,"turns":4},{"damage":0,"enemies":"2 Louse","floor":2,"turns":3},{"damage":0,"enemies":"Cultist","floor":7,"turns":4},{"damage":18,"enemies":"Lagavulin","floor":8,"turns":13},{"damage":3,"enemies":"Gremlin Gang","floor":10,"turns":3},{"damage":9,"enemies":"Gremlin Nob","floor":12,"turns":4},{"damage":0,"enemies":"Red Slaver","floor":13,"turns":3},{"damage":3,"enemies":"Blue Slaver","floor":14,"turns":5},{"damage":25,"enemies":"Hexaghost","floor":16,"turns":9},{"damage":6,"enemies":"Shell Parasite","floor":18,"turns":5},{"damage":26,"enemies":"3 Byrds","floor":19,"turns":6},{"damage":12,"enemies":"Centurion and Healer","floor":20,"turns":8},{"damage":14,"enemies":"Chosen and Byrds","floor":21,"turns":5},{"damage":13,"enemies":"Sentry and Sphere","floor":22,"turns":3}],"seed_played":"-3841644034434031985","potions_obtained":[{"floor":1,"key":"Energy Potion"},{"floor":8,"key":"Toxic Potion"},{"floor":10,"key":"SteroidPotion"},{"floor":16,"key":"Swift Potion"},{"floor":18,"key":"SkillPotion"},{"floor":21,"key":"Elixir"}],"is_trial":false,"path_per_floor":["M","M","?","T","?","R","M","E","T","M","$","E","M","M","R","B",null,"M","M","M","M","M"],"character_chosen":"THE_SILENT","items_purchased":["Runesmith:Nanobots","ReplayTheSpireMod:Scrap Shanks"],"campfire_rested":1,"item_purchase_floors":[11,11],"current_hp_per_floor":[70,70,53,53,36,57,57,39,39,36,51,42,42,39,39,14,70,64,38,26,12,0,0],"gold":298,"neow_bonus":"RANDOM_COMMON_RELIC","is_daily":false,"chose_seed":false,"campfire_upgraded":0,"win_rate":0.0,"timestamp":1609668725,"path_taken":["M","M","?","?","?","R","?","E","T","M","$","E","M","M","R","BOSS","M","?","M","?","M"],"items_purchased_type":["Relic","Card"],"build_version":"2020-12-22","purchased_purges":1,"victory":false,"max_hp_per_floor":[70,70,70,70,70,70,70,70,70,70,70,70,70,70,70,70,70,70,70,70,70,70,70],"card_choices":[{"not_picked":["ReplayTheSpireMod:Exploit Weakness","Quick Slash"],"picked":"Accuracy","floor":1},{"not_picked":["Dodge and Roll","Bouncing Flask"],"picked":"Backflip","floor":2},{"not_picked":["Outmaneuver","Dagger Spray"],"picked":"Backflip","floor":5},{"not_picked":["Acrobatics","Prepared"],"picked":"Hidden Blade","floor":5},{"not_picked":["Blur","ReplayTheSpireMod:Shiv Toss"],"picked":"Deflect","floor":7},{"not_picked":["PiercingWail","Riddle With Holes"],"picked":"Prepared","floor":8},{"not_picked":["Catalyst","Doppelganger"],"picked":"Choke","floor":10},{"not_picked":["Leg Sweep","Sucker Punch"],"picked":"Fluid Movement","floor":12},{"not_picked":["Quick Slash","Catalyst"],"picked":"Acrobatics","floor":13},{"not_picked":["Fluid Movement","Outmaneuver"],"picked":"Prepared","floor":14},{"not_picked":["Die Die Die","Night Terror"],"picked":"Tools of the Trade","floor":16},{"not_picked":["ReplayTheSpireMod:Doomed","Replay:Sluggish"],"picked":"Decay","floor":17},{"not_picked":["CurseOfTheBell","Voices"],"picked":"Clumsy","floor":17},{"not_picked":["ReplayTheSpireMod:Faulty Equipment","Decay"],"picked":"Clumsy","floor":17},{"not_picked":["Sucker Punch","Bouncing Flask"],"picked":"Slice","floor":18},{"not_picked":["Bane","All Out Attack","Dagger Spray"],"picked":"SKIP","floor":19},{"not_picked":["Flying Knee","Outmaneuver+1"],"picked":"Accuracy","floor":20},{"not_picked":["Predator","ReplayTheSpireMod:The Works"],"picked":"Underhanded Strike","floor":21}],"player_experience":50549,"relics_obtained":[{"floor":4,"key":"Kunai"},{"floor":5,"key":"Runesmith:AutoHammer"},{"floor":8,"key":"Replay:Bottled Snecko"},{"floor":12,"key":"Lantern"}],"event_choices":[{"damage_healed":0,"gold_gain":0,"player_choice":"Take Damage","damage_taken":17,"relics_obtained":["Golden Idol"],"max_hp_gain":0,"max_hp_loss":0,"event_name":"Golden Idol","floor":3,"gold_loss":0}],"is_beta":false,"boss_relics":[{"not_picked":["Runic Pyramid","Ectoplasm"],"picked":"Replay:Ancient Bell"},{"not_picked":["Boot","Blood Vial"],"picked":"Vajra"},{"not_picked":["HollowMod:LifeEnderRelic","Sundial"],"picked":"Onion Ring"},{"not_picked":["Pocketwatch","Replay:Towering Pillar of Hats"],"picked":"Gambling Chip"}],"items_purged_floors":[11],"is_endless":false,"potions_floor_spawned":[1,8,10,16,18,21],"killed_by":"Sentry and Sphere","ascension_level":2}}