{"host":"doxo6v3vhswwfk80","time":1609655499,"event":{"mods":["2.2 Compatiblity","AchievementEnabler","Act Like it!","Bard","BaseMod","Better Altar","Better Match","Better Note","Better Sensory Stone","Better Skull","Better Third Choice","Curses Come First","Hermit","Marisa????????","Minty Spire (QoL Compilation)","Quick Restart","Relic Stats","Shade Mod","StSLib","The Hayseed","The Hierophant","The Runesmith","The Servant 0.9.4"],"gold_per_floor":[114,114,131,81,94,124,138,138,138,138,138,138,138],"floor_reached":12,"playtime":824,"items_purged":[],"score":78,"play_id":"1e6f3946-f316-4231-a6c7-a50d83e6ff12","local_time":"20210103003139","is_ascension_mode":false,"campfire_choices":[{"floor":8,"key":"REST"},{"floor":10,"key":"REST"}],"circlet_count":0,"master_deck":["TheSimpletonMod:Strike_TheSimpleton","TheSimpletonMod:Strike_TheSimpleton","TheSimpletonMod:Strike_TheSimpleton","TheSimpletonMod:Defend_TheSimpleton","TheSimpletonMod:Defend_TheSimpleton","TheSimpletonMod:Defend_TheSimpleton","TheSimpletonMod:Defend_TheSimpleton","TheSimpletonMod:Haymaker","TheSimpletonMod:ReapAndSow","TheSimpletonMod:SaladShooter","Swift Strike","TheSimpletonMod:RootDown","TheSimpletonMod:VineRipen","TheSimpletonMod:ToughenUp","TheSimpletonMod:CropRotation"],"relics":["TheSimpletonMod:SpudOfTheInnocent","TheSimpletonMod:NightSoil","TheSimpletonMod:TheHarvester","Mercury Hourglass","TheSimpletonMod:Moonshine"],"acts_visited":["Exordium"],"potions_floor_usage":[],"damage_taken":[{"damage":2,"enemies":"2 Louse","floor":1,"turns":4},{"damage":0,"enemies":"Small Slimes","floor":3,"turns":4},{"damage":5,"enemies":"Cultist","floor":5,"turns":4},{"damage":26,"enemies":"Gremlin Nob","floor":6,"turns":5},{"damage":10,"enemies":"3 Louse","floor":7,"turns":2},{"damage":13,"enemies":"3 Sentries","floor":12,"turns":3}],"seed_played":"-4299457859635449949","potions_obtained":[{"floor":5,"key":"DuplicationPotion"}],"is_trial":false,"path_per_floor":["M","?","M","?","M","E","M","R","T","R","?","E"],"character_chosen":"THE_SIMPLETON","items_purchased":[],"campfire_rested":2,"item_purchase_floors":[],"current_hp_per_floor":[80,80,82,82,77,55,49,73,73,82,87,78,78],"gold":138,"neow_bonus":"TEN_PERCENT_HP_BONUS","is_daily":false,"chose_seed":false,"campfire_upgraded":0,"win_rate":0.0,"timestamp":1609655499,"path_taken":["M","?","?","?","M","E","M","R","T","R","?","E"],"items_purchased_type":[],"build_version":"2020-12-22","purchased_purges":0,"victory":false,"max_hp_per_floor":[82,82,82,82,82,82,82,82,82,82,87,87,87],"relic_stats":{"counters":[6,22],"obtain_stats":[{"TheSimpletonMod:TheHarvester":0,"TheSimpletonMod:SpudOfTheInnocent":0,"TheSimpletonMod:NightSoil":0,"TheSimpletonMod:Moonshine":9,"Mercury Hourglass":6},{"TheSimpletonMod:TheHarvester":0,"TheSimpletonMod:SpudOfTheInnocent":0,"TheSimpletonMod:NightSoil":0,"TheSimpletonMod:Moonshine":5,"Mercury Hourglass":4},{"TheSimpletonMod:TheHarvester":0,"TheSimpletonMod:SpudOfTheInnocent":0,"TheSimpletonMod:NightSoil":0,"TheSimpletonMod:Moonshine":19,"Mercury Hourglass":17}],"Mercury Hourglass":[45]},"card_choices":[{"not_picked":["TheSimpletonMod:Rake","TheSimpletonMod:DoubleBarrel"],"picked":"TheSimpletonMod:SaladShooter","floor":1},{"not_picked":["Violence","Sadistic Nature"],"picked":"Swift Strike","floor":2},{"not_picked":["TheSimpletonMod:Rototilling","TheSimpletonMod:Swelter"],"picked":"TheSimpletonMod:RootDown","floor":3},{"not_picked":["TheSimpletonMod:SpiceUp","TheSimpletonMod:ToughenUp"],"picked":"TheSimpletonMod:VineRipen","floor":5},{"not_picked":["TheSimpletonMod:Potatoes","TheSimpletonMod:BumperCrop"],"picked":"TheSimpletonMod:ToughenUp","floor":6},{"not_picked":["TheSimpletonMod:SoilSample","TheSimpletonMod:SeedCoat"],"picked":"TheSimpletonMod:CropRotation","floor":7}],"player_experience":118583,"relics_obtained":[{"floor":6,"key":"Mercury Hourglass"},{"floor":9,"key":"TheSimpletonMod:Moonshine"}],"event_choices":[{"damage_healed":0,"gold_gain":1,"player_choice":"1","damage_taken":0,"max_hp_gain":0,"max_hp_loss":0,"event_name":"betterStone:BetterStone","floor":2,"gold_loss":0},{"cards_removed":["TheSimpletonMod:Strike_TheSimpleton"],"damage_healed":0,"gold_gain":0,"player_choice":"Card Removal","damage_taken":0,"max_hp_gain":0,"max_hp_loss":0,"event_name":"The Cleric","floor":4,"gold_loss":50},{"damage_healed":0,"gold_gain":0,"player_choice":"Donut","damage_taken":0,"max_hp_gain":5,"max_hp_loss":0,"event_name":"Big Fish","floor":11,"gold_loss":0}],"is_beta":false,"boss_relics":[],"items_purged_floors":[],"is_endless":false,"potions_floor_spawned":[5],"killed_by":"3 Sentries","ascension_level":0}}