{"host":"ta9mufxydm4vkknf","time":1609716763,"event":{"mods":["AchievementEnabler","BaseMod","Minty Spire (QoL Compilation)","Quick Restart"],"gold_per_floor":[113,113,63,37,112,112,137,148,173,186,210,210,244,244,244,343,343,361,286,286,296,377,396,396,187,210,310,310,341,375,394,394,394,394],"floor_reached":33,"playtime":1643,"items_purged":[],"score":294,"play_id":"396bacc0-6160-476a-b59a-f6f661b49c19","local_time":"20210104003243","is_ascension_mode":false,"campfire_choices":[{"data":"Eruption","floor":6,"key":"SMITH"},{"data":"FollowUp","floor":12,"key":"SMITH"},{"floor":15,"key":"REST"},{"floor":24,"key":"REST"},{"floor":32,"key":"REST"}],"circlet_count":0,"master_deck":["Strike_P","Defend_P","Defend_P+1","Eruption+1","Vigilance","SandsOfTime","BowlingBash+1","Perseverance+1","FollowUp+1","ThirdEye","CarveReality","LessonLearned","Conclude","Necronomicurse","Wallop+1","Indignation+1","Ragnarok","EmptyMind","SashWhip+1","FollowUp+1","WheelKick"],"relics":["PureWater","NeowsBlessing","Du-Vu Doll","PreservedInsect","Odd Mushroom","Bag of Marbles","Bottled Flame","Empty Cage","Necronomicon","Juzu Bracelet","CaptainsWheel","Mummified Hand","Red Mask","Prayer Wheel"],"acts_visited":["Exordium","TheCity"],"potions_floor_usage":[13,23,27,27,27,31,31,33],"damage_taken":[{"damage":0,"enemies":"Small Slimes","floor":1,"turns":2},{"damage":0,"enemies":"Gremlin Nob","floor":7,"turns":1},{"damage":0,"enemies":"2 Louse","floor":8,"turns":1},{"damage":1,"enemies":"Jaw Worm","floor":10,"turns":3},{"damage":13,"enemies":"The Mushroom Lair","floor":11,"turns":4},{"damage":5,"enemies":"3 Sentries","floor":13,"turns":5},{"damage":30,"enemies":"The Guardian","floor":16,"turns":8},{"damage":21,"enemies":"3 Byrds","floor":18,"turns":5},{"damage":0,"enemies":"Spheric Guardian","floor":21,"turns":3},{"damage":12,"enemies":"3 Cultists","floor":23,"turns":4},{"damage":11,"enemies":"Colosseum Slavers","floor":27,"turns":2},{"damage":7,"enemies":"Colosseum Nobs","floor":27,"turns":3},{"damage":2,"enemies":"Masked Bandits","floor":29,"turns":2},{"damage":8,"enemies":"Gremlin Leader","floor":30,"turns":4},{"damage":0,"enemies":"Shelled Parasite and Fungi","floor":31,"turns":1},{"damage":59,"enemies":"Automaton","floor":33,"turns":6}],"seed_played":"-6268147031688531577","potions_obtained":[{"floor":1,"key":"AttackPotion"},{"floor":7,"key":"Swift Potion"},{"floor":10,"key":"PowerPotion"},{"floor":13,"key":"Weak Potion"},{"floor":27,"key":"PowerPotion"},{"floor":29,"key":"DistilledChaos"},{"floor":30,"key":"Explosive Potion"},{"floor":31,"key":"Strength Potion"}],"is_trial":false,"path_per_floor":["M","?","?","$","?","R","E","M","T","M","?","R","E","T","R","B",null,"M","?","?","M","T","M","R","$","T","?","?","?","E","M","R","B"],"character_chosen":"WATCHER","items_purchased":["BowlingBash","Swift Potion","Ragnarok"],"campfire_rested":3,"item_purchase_floors":[4,25,25],"current_hp_per_floor":[72,65,65,65,54,54,54,54,54,53,40,40,35,35,56,26,72,51,51,35,35,35,23,44,44,44,26,26,24,16,16,37,0,0],"gold":394,"neow_bonus":"THREE_ENEMY_KILL","is_daily":false,"chose_seed":false,"campfire_upgraded":2,"win_rate":0.0,"timestamp":1609716763,"path_taken":["M","?","?","$","?","R","E","?","T","M","?","R","E","?","R","BOSS","M","?","?","M","?","?","R","$","T","?","?","?","E","M","R","BOSS"],"items_purchased_type":["Card","Potion","Card"],"build_version":"2020-12-22","purchased_purges":0,"victory":false,"max_hp_per_floor":[72,72,72,72,72,72,72,72,72,72,72,72,72,72,72,72,72,72,72,72,72,72,72,72,72,72,72,72,72,72,72,72,72,72],"card_choices":[{"not_picked":["Indignation","Halt"],"picked":"SandsOfTime","floor":1},{"not_picked":["BowlingBash","Weave"],"picked":"Perseverance","floor":7},{"not_picked":["FlyingSleeves","Crescendo"],"picked":"FollowUp","floor":8},{"not_picked":["WindmillStrike","BowlingBash"],"picked":"ThirdEye","floor":10},{"not_picked":["EmptyBody","ClearTheMind"],"picked":"WaveOfTheHand","floor":11},{"not_picked":["Conclude","Fasting2"],"picked":"CarveReality","floor":13},{"not_picked":["Omniscience","Establishment"],"picked":"LessonLearned","floor":16},{"not_picked":["SandsOfTime","Study"],"picked":"Conclude","floor":18},{"not_picked":["Adaptation+1","Conclude+1"],"picked":"Wallop+1","floor":21},{"not_picked":["BowlingBash+1","EmptyBody"],"picked":"Indignation+1","floor":23},{"not_picked":["FollowUp","Protect"],"picked":"EmptyMind","floor":27},{"not_picked":["Sanctity","FlyingSleeves"],"picked":"SashWhip+1","floor":29},{"not_picked":["Indignation+1","FlurryOfBlows"],"picked":"FollowUp+1","floor":30},{"not_picked":["SandsOfTime+1","Perseverance"],"picked":"WheelKick","floor":31},{"not_picked":["BowlingBash","Protect+1","ThirdEye"],"picked":"SKIP","floor":31}],"player_experience":189543,"relics_obtained":[{"floor":7,"key":"Du-Vu Doll"},{"floor":9,"key":"PreservedInsect"},{"floor":11,"key":"Odd Mushroom"},{"floor":13,"key":"Bag of Marbles"},{"floor":14,"key":"Bottled Flame"},{"floor":20,"key":"Necronomicon"},{"floor":26,"key":"Juzu Bracelet"},{"floor":27,"key":"CaptainsWheel"},{"floor":27,"key":"Mummified Hand"},{"floor":29,"key":"Red Mask"},{"floor":30,"key":"Prayer Wheel"}],"event_choices":[{"cards_removed":["Strike_P"],"damage_healed":0,"gold_gain":0,"player_choice":"Card Removal","damage_taken":7,"max_hp_gain":0,"max_hp_loss":0,"event_name":"Golden Wing","floor":2,"gold_loss":0},{"cards_removed":["Defend_P"],"damage_healed":0,"gold_gain":0,"player_choice":"Card Removal","damage_taken":0,"max_hp_gain":0,"max_hp_loss":0,"event_name":"The Cleric","floor":3,"gold_loss":50},{"damage_healed":0,"gold_gain":75,"player_choice":"Gather Gold","damage_taken":11,"max_hp_gain":0,"max_hp_loss":0,"event_name":"World of Goop","floor":5,"gold_loss":0},{"damage_healed":0,"gold_gain":0,"player_choice":"Fought Mushrooms","damage_taken":0,"max_hp_gain":0,"max_hp_loss":0,"event_name":"Mushrooms","floor":11,"gold_loss":0},{"cards_removed":["Strike_P"],"damage_healed":0,"gold_gain":0,"player_choice":"Gave Gold","damage_taken":0,"max_hp_gain":0,"max_hp_loss":0,"event_name":"Beggar","floor":19,"gold_loss":75},{"damage_healed":0,"gold_gain":0,"player_choice":"Obtained Book","damage_taken":16,"max_hp_gain":0,"max_hp_loss":0,"event_name":"Cursed Tome","floor":20,"gold_loss":0},{"damage_healed":0,"gold_gain":0,"player_choice":"Fight","damage_taken":0,"max_hp_gain":0,"max_hp_loss":0,"event_name":"Colosseum","floor":27,"gold_loss":0},{"damage_healed":0,"gold_gain":0,"player_choice":"Fought Nobs","damage_taken":0,"max_hp_gain":0,"max_hp_loss":0,"event_name":"Colosseum","floor":27,"gold_loss":0},{"cards_removed":["WaveOfTheHand"],"damage_healed":0,"gold_gain":0,"player_choice":"Elegance","damage_taken":0,"max_hp_gain":0,"max_hp_loss":0,"event_name":"Back to Basics","floor":28,"gold_loss":0},{"damage_healed":0,"gold_gain":0,"player_choice":"Fought Bandits","damage_taken":0,"max_hp_gain":0,"max_hp_loss":0,"event_name":"Masked Bandits","floor":29,"gold_loss":0}],"is_beta":false,"boss_relics":[{"not_picked":["Astrolabe","Fusion Hammer"],"picked":"Empty Cage"}],"items_purged_floors":[],"is_endless":false,"potions_floor_spawned":[1,7,10,13,18,27,29,30,31],"killed_by":"Automaton","ascension_level":0}}