{"host":"l84l8xigz5v5foa2","time":1609699491,"event":{"mods":["2.2 Compatiblity","AchievementEnabler","BaseMod","Better Note","Better Vampires","Card Filter","Colored Map","DeckTracker","Downfall","Gremlin Skip","Highlight Path","Keyboard Shortcuts","Minty Spire (QoL Compilation)","Permanent Neow","Quick Restart","Relic Filter","Relic Stats","StSLib","SuperFastMode","Transform Curses","Unknown Chances"],"gold_per_floor":[99,118,118,28,40,40,116,216,316,316,332,332,332,332,351,351,351,351],"floor_reached":16,"playtime":417,"items_purged":["hexamod:Sear"],"score":176,"play_id":"aac21b77-8ebb-4f01-b881-931cca8f6745","local_time":"20210104034451","is_ascension_mode":true,"campfire_choices":[{"data":"hexamod:Float","floor":1.0,"key":"SMITH"},{"data":"hexamod:Rewind","floor":6.0,"key":"SMITH"},{"data":"hexamod:SuperheatedStrike","floor":10.0,"key":"SMITH"},{"data":"hexamod:GhostOfSpireFuture","floor":12.0,"key":"SMITH"}],"circlet_count":0,"master_deck":["AscendersBane","hexamod:Strike","hexamod:Strike","hexamod:Strike","hexamod:Defend","hexamod:Defend","hexamod:Defend","hexamod:Defend","hexamod:Float+1","hexamod:Rewind+1","hexamod:SuperheatedStrike+1","hexamod:GhostOfSpireFuture+1","hexamod:AdvancingGuard"],"relics":["hexamod:SpiritBrand","downfall:ShatteredFragment","Singing Bowl","downfall:GremlinWheel","Ginger"],"acts_visited":["Exordium"],"potions_floor_usage":[16],"damage_taken":[{"damage":1.0,"enemies":"Jaw Worm","floor":2.0,"turns":3.0},{"damage":0.0,"enemies":"downfall:FleeingMerchant","floor":4.0,"turns":4.0},{"damage":0.0,"enemies":"Small Slimes","floor":5.0,"turns":2.0},{"damage":24.0,"enemies":"Small Slimes","floor":9.0,"turns":4.0},{"damage":0.0,"enemies":"Cultist","floor":11.0,"turns":2.0},{"damage":5.0,"enemies":"Large Slime","floor":15.0,"turns":5.0},{"damage":8,"enemies":"downfall:Defect","floor":16,"turns":4}],"seed_played":"-6975283887101202856","potions_obtained":[{"floor":2.0,"key":"SkillPotion"},{"floor":5.0,"key":"Explosive Potion"},{"floor":11.0,"key":"Energy Potion"}],"is_trial":false,"path_per_floor":["R","M","?","$","M","R","T","?","?","R","M","R","?","?","M","B"],"character_chosen":"THE_SPIRIT","items_purchased":[],"campfire_rested":0,"item_purchase_floors":[],"current_hp_per_floor":[57,56,35,35,35,35,35,35,11,11,11,11,16,11,6,0,0,0],"gold":351,"neow_bonus":"TRANSFORM_CARD","is_daily":false,"chose_seed":false,"campfire_upgraded":4,"win_rate":0.0,"timestamp":1609699491,"path_taken":["R","M","?","$","M","R","T","?","?","R","?","R","?","?","M","BOSS"],"items_purchased_type":[],"build_version":"2020-12-22","purchased_purges":1,"victory":false,"max_hp_per_floor":[63,63,63,63,63,63,63,63,63,63,63,63,68,68,68,68,68,68],"relic_stats":{"Singing Bowl":0,"counters":[7,24],"Ginger":[0],"obtain_stats":[{"downfall:ShatteredFragment":3,"downfall:GremlinWheel":9,"Singing Bowl":7,"Ginger":14,"hexamod:SpiritBrand":0},{"downfall:ShatteredFragment":1,"downfall:GremlinWheel":4,"Singing Bowl":3,"Ginger":5,"hexamod:SpiritBrand":0},{"downfall:ShatteredFragment":3,"downfall:GremlinWheel":13,"Singing Bowl":9,"Ginger":15,"hexamod:SpiritBrand":0}]},"card_choices":[{"not_picked":["hexamod:BurningTouch","hexamod:Firestarter","hexamod:CatchUp"],"picked":"SKIP","floor":2.0},{"not_picked":["hexamod:InspiringFlames","hexamod:RadiantFlame"],"picked":"hexamod:SuperheatedStrike","floor":4.0},{"not_picked":["hexamod:GhostShield","hexamod:NightmareGuise","hexamod:RecurringNightmare"],"picked":"SKIP","floor":5.0},{"not_picked":["hexamod:BacktrackSmack","hexamod:SecondSeal"],"picked":"hexamod:GhostOfSpireFuture","floor":11.0},{"not_picked":["hexamod:HeatCrush","hexamod:PhantomCloak"],"picked":"hexamod:AdvancingGuard","floor":15.0}],"player_experience":2821243,"relics_obtained":[{"floor":7.0,"key":"Singing Bowl"},{"floor":9.0,"key":"downfall:GremlinWheel"}],"event_choices":[{"cards_removed":["Slimebound:Icky"],"damage_healed":0.0,"max_hp_gain":0.0,"max_hp_loss":0.0,"gold_gain":0.0,"event_name":"Wheel of Change","player_choice":"Card Removal","floor":12.0,"gold_loss":0.0,"damage_taken":0.0},{"damage_healed":0.0,"max_hp_gain":5.0,"max_hp_loss":0.0,"gold_gain":0.0,"event_name":"Big Fish","player_choice":"Donut","floor":13.0,"gold_loss":0.0,"damage_taken":0.0},{"damage_healed":0.0,"max_hp_gain":0.0,"max_hp_loss":0.0,"gold_gain":0.0,"event_name":"Scrap Ooze","player_choice":"Success","floor":14.0,"gold_loss":0.0,"damage_taken":5.0,"relics_obtained":["Ginger"]}],"is_beta":false,"boss_relics":[],"items_purged_floors":[4],"is_endless":false,"potions_floor_spawned":[2,5,11],"killed_by":"downfall:Defect","ascension_level":20}}