{"host":"j4g6ia6asvpyu2b0","time":1609691266,"event":{"mods":["BaseMod","Colored Map","Minty Spire (QoL Compilation)","Permanent Neow","Quick Restart","Relic Stats","StSLib","Unceasing Turn Reminder"],"gold_per_floor":[363,438,449,21,36,36,64,64,64,74,74,74,86,98,98,98,98],"floor_reached":16,"playtime":335,"items_purged":[],"score":122,"play_id":"e416e06c-63f3-40cf-9e9d-85e02b35b541","local_time":"20210103092746","is_ascension_mode":true,"campfire_choices":[{"data":"Crippling Poison","floor":6,"key":"SMITH"},{"data":"1","floor":8,"key":"LIFT"},{"data":"2","floor":11,"key":"LIFT"},{"data":"3","floor":15,"key":"LIFT"}],"circlet_count":0,"master_deck":["Strike_G","Strike_G","Strike_G","Strike_G","Strike_G","Defend_G","Defend_G","Defend_G","Defend_G","Defend_G","Survivor","Neutralize","Poisoned Stab","Poisoned Stab","Crippling Poison+1","Footwork","Terror","Dagger Throw","Flying Knee","Caltrops","Flying Knee"],"relics":["Ring of the Snake","Calipers","Girya","Eternal Feather"],"acts_visited":["Exordium"],"potions_floor_usage":[13],"damage_taken":[{"damage":2,"enemies":"Jaw Worm","floor":1,"turns":4},{"damage":0,"enemies":"2 Louse","floor":3,"turns":2},{"damage":5,"enemies":"Small Slimes","floor":5,"turns":5},{"damage":16,"enemies":"Lagavulin","floor":7,"turns":7},{"damage":6,"enemies":"Blue Slaver","floor":10,"turns":3},{"damage":12,"enemies":"Lots of Slimes","floor":13,"turns":2},{"damage":5,"enemies":"Red Slaver","floor":14,"turns":3},{"damage":18,"enemies":"The Guardian","floor":16,"turns":4}],"seed_played":"839555897109039289","potions_obtained":[{"floor":5,"key":"Strength Potion"},{"floor":13,"key":"SmokeBomb"},{"floor":14,"key":"Fire Potion"}],"is_trial":false,"path_per_floor":["M","?","M","$","M","R","E","R","T","M","R","T","M","M","R","B"],"character_chosen":"THE_SILENT","items_purchased":["Crippling Poison","Calipers","Footwork"],"campfire_rested":0,"item_purchase_floors":[4,4,4],"current_hp_per_floor":[47,36,36,36,31,31,15,15,15,9,18,18,6,1,13,0,0],"gold":98,"neow_bonus":"TWO_FIFTY_GOLD","is_daily":false,"chose_seed":false,"campfire_upgraded":1,"win_rate":0.0,"timestamp":1609691266,"path_taken":["M","?","M","$","M","R","E","R","T","M","R","?","M","M","R","BOSS"],"items_purchased_type":["Card","Relic","Card"],"build_version":"2020-12-22","purchased_purges":0,"victory":false,"max_hp_per_floor":[70,70,70,70,70,70,70,70,70,70,70,70,70,70,70,70,70],"relic_stats":{"counters":[8,30],"Eternal Feather":21,"obtain_stats":[{"Girya":7,"Calipers":4,"Eternal Feather":9,"Ring of the Snake":0},{"Girya":4,"Calipers":2,"Eternal Feather":4,"Ring of the Snake":0},{"Girya":18,"Calipers":6,"Eternal Feather":18,"Ring of the Snake":0}],"Ring of the Snake":[16]},"card_choices":[{"not_picked":["Cloak And Dagger","Expertise"],"picked":"Poisoned Stab","floor":1},{"not_picked":["Deflect","Sucker Punch"],"picked":"Poisoned Stab","floor":3},{"not_picked":["Underhanded Strike","Eviscerate"],"picked":"Terror","floor":5},{"not_picked":["Poisoned Stab","PiercingWail"],"picked":"Dagger Throw","floor":7},{"not_picked":["Masterful Stab","Distraction"],"picked":"Flying Knee","floor":10},{"not_picked":["Accuracy","Catalyst"],"picked":"Caltrops","floor":13},{"not_picked":["Slice","Bane"],"picked":"Flying Knee","floor":14}],"player_experience":680336,"relics_obtained":[{"floor":7,"key":"Girya"},{"floor":9,"key":"Eternal Feather"}],"event_choices":[{"damage_healed":0,"gold_gain":75,"player_choice":"Gather Gold","damage_taken":11,"max_hp_gain":0,"max_hp_loss":0,"event_name":"World of Goop","floor":2,"gold_loss":0}],"is_beta":false,"boss_relics":[],"items_purged_floors":[],"is_endless":false,"potions_floor_spawned":[5,13,14],"killed_by":"The Guardian","ascension_level":4}}