{"host":"c3lc60y5x60jlt1y","time":1609670919,"event":{"mods":["AchievementEnabler","BaseMod","Colored Map","Minty Spire (QoL Compilation)","Quick Restart","StSLib"],"gold_per_floor":[109,120,120,120,120,164,184,224,248,248,248,284,307,25,25,25,25],"floor_reached":16,"playtime":461,"items_purged":["Strike_G"],"score":336,"play_id":"d5513c6b-2a56-432f-a1de-bd658ba039d1","local_time":"20210103124839","is_ascension_mode":true,"campfire_choices":[{"data":"Catalyst","floor":11,"key":"SMITH"},{"floor":15,"key":"REST"}],"circlet_count":0,"master_deck":["AscendersBane","Strike_G","Strike_G","Strike_G","Defend_G+1","Defend_G+1","Defend_G","Defend_G","Defend_G","Survivor","Neutralize","Leg Sweep+1","Slice","Crippling Poison+1","Dagger Throw","Catalyst+1","Deadly Poison","Venomology","Footwork","Catalyst"],"relics":["Ring of the Snake","NeowsBlessing","Golden Idol","Snake Skull","Vajra","War Paint","Singing Bowl"],"acts_visited":["Exordium"],"potions_floor_usage":[8,13,16,16],"damage_taken":[{"damage":0,"enemies":"Jaw Worm","floor":1,"turns":1},{"damage":0,"enemies":"Small Slimes","floor":2,"turns":1},{"damage":0,"enemies":"Lagavulin","floor":6,"turns":1},{"damage":0,"enemies":"2 Louse","floor":7,"turns":3},{"damage":29,"enemies":"Gremlin Nob","floor":8,"turns":6},{"damage":0,"enemies":"Lagavulin","floor":12,"turns":6},{"damage":8,"enemies":"Exordium Thugs","floor":13,"turns":4},{"damage":33,"enemies":"Slime Boss","floor":16,"turns":5}],"seed_played":"8597267223498423118","potions_obtained":[{"floor":1,"key":"SpeedPotion"},{"floor":2,"key":"Block Potion"},{"floor":8,"key":"DistilledChaos"}],"is_trial":false,"path_per_floor":["M","M","?","?","?","E","M","E","T","?","R","E","M","$","R","B"],"character_chosen":"THE_SILENT","items_purchased":["Footwork","Catalyst","DistilledChaos"],"campfire_rested":1,"item_purchase_floors":[14,14,14],"current_hp_per_floor":[59,59,64,64,45,45,45,16,16,16,16,16,8,8,27,0,0],"gold":25,"neow_bonus":"THREE_ENEMY_KILL","is_daily":false,"chose_seed":false,"campfire_upgraded":1,"win_rate":0.0,"timestamp":1609670919,"path_taken":["M","M","?","?","?","E","M","E","T","?","R","E","?","$","R","BOSS"],"items_purchased_type":["Card","Card","Potion"],"build_version":"2020-12-22","purchased_purges":1,"victory":false,"max_hp_per_floor":[66,66,71,64,64,64,64,64,64,64,64,64,64,64,64,64,64],"card_choices":[{"not_picked":["Heel Hook","Endless Agony"],"picked":"Leg Sweep","floor":1},{"not_picked":["Outmaneuver","Underhanded Strike"],"picked":"Slice","floor":2},{"not_picked":["Underhanded Strike","Tactician"],"picked":"Crippling Poison","floor":6},{"not_picked":["Acrobatics","Sucker Punch"],"picked":"Dagger Throw","floor":7},{"not_picked":["Noxious Fumes","Bouncing Flask"],"picked":"Catalyst","floor":8},{"not_picked":["Backflip","Prepared"],"picked":"Deadly Poison","floor":12},{"not_picked":["Dagger Spray","Sucker Punch"],"picked":"Venomology","floor":13}],"player_experience":7443720,"relics_obtained":[{"floor":6,"key":"Snake Skull"},{"floor":8,"key":"Vajra"},{"floor":9,"key":"War Paint"},{"floor":12,"key":"Singing Bowl"}],"event_choices":[{"damage_healed":0,"gold_gain":0,"player_choice":"Donut","damage_taken":0,"max_hp_gain":5,"max_hp_loss":0,"event_name":"Big Fish","floor":3,"gold_loss":0},{"damage_healed":0,"gold_gain":0,"player_choice":"Lose Max HP","damage_taken":0,"relics_obtained":["Golden Idol"],"max_hp_gain":0,"max_hp_loss":7,"event_name":"Golden Idol","floor":4,"gold_loss":0},{"damage_healed":0,"gold_gain":0,"player_choice":"Entered Light","damage_taken":19,"max_hp_gain":0,"max_hp_loss":0,"event_name":"Shining Light","floor":5,"gold_loss":0,"cards_upgraded":["Defend_G","Leg Sweep"]},{"cards_removed":["Strike_G"],"damage_healed":0,"gold_gain":0,"player_choice":"Purged","damage_taken":0,"max_hp_gain":0,"max_hp_loss":0,"event_name":"Purifier","floor":10,"gold_loss":0}],"is_beta":false,"boss_relics":[],"items_purged_floors":[14],"is_endless":false,"potions_floor_spawned":[1,2,8],"killed_by":"Slime Boss","ascension_level":20}}