{"host":"2se5dq1do2gp0x9k","time":1609646324,"event":{"mods":["AchievementEnabler","BaseMod","Block Reminder","Colored Map","Colored Powertips","Minty Spire (QoL Compilation)","Relic Stats","StSLib","SuperFastMode"],"gold_per_floor":[363,377,154,169,182,182,217,217,217,292,292,322,86,86,86,190,190,203,213,111,126,145,145,155,170,170,170,101,101,120,154,154,250,250,268,285,297,297,597,625,625,657,680,699,699,716,736,736,736,736,736],"floor_reached":50,"playtime":2317,"items_purged":["Defend_P"],"score":899,"play_id":"e90af975-fa33-4701-abd3-5a82272608a1","local_time":"20210102195844","is_ascension_mode":true,"campfire_choices":[{"data":"BattleHymn","floor":6.0,"key":"SMITH"},{"data":"Halt","floor":8.0,"key":"SMITH"},{"data":"Tantrum","floor":11.0,"key":"SMITH"},{"data":"Adaptation","floor":15.0,"key":"SMITH"},{"floor":23.0,"key":"REST"},{"data":"Scrawl","floor":27.0,"key":"SMITH"},{"data":"Fasting2","floor":29.0,"key":"SMITH"},{"data":"CrushJoints","floor":32.0,"key":"SMITH"},{"data":"Vault","floor":41,"key":"SMITH"},{"data":"TalkToTheHand","floor":45,"key":"SMITH"},{"floor":49,"key":"REST"}],"circlet_count":0,"master_deck":["Strike_P","Strike_P","Strike_P","Strike_P","Defend_P","Defend_P","Defend_P","Eruption","Vigilance","TalkToTheHand+1","FlurryOfBlows","Tantrum+1","FearNoEvil","BattleHymn+1","Protect","Halt+1","FlurryOfBlows","Perseverance","Adaptation+1","Perseverance","InnerPeace","Perseverance","Vault+1","Halt","FlurryOfBlows","ClearTheMind+1","TalkToTheHand","Scrawl+1","Fasting2+1","EmptyFist","CrushJoints+1","Wish","FlurryOfBlows+1","Collect+1","Halt+1","FlurryOfBlows+1"],"relics":["HolyWater","The Courier","Eternal Feather","Toy Ornithopter","Boot","Bottled Flame","Pantograph","VioletLotus","Yang","Gremlin Horn","Damaru"],"acts_visited":["Exordium","TheCity","TheBeyond"],"potions_floor_usage":[47,50,50,50],"damage_taken":[{"damage":8.0,"enemies":"Jaw Worm","floor":1.0,"turns":5.0},{"damage":0.0,"enemies":"2 Louse","floor":2.0,"turns":2.0},{"damage":0.0,"enemies":"Cultist","floor":4.0,"turns":3.0},{"damage":11.0,"enemies":"Lots of Slimes","floor":5.0,"turns":3.0},{"damage":8.0,"enemies":"3 Sentries","floor":7.0,"turns":5.0},{"damage":0.0,"enemies":"Lagavulin","floor":12.0,"turns":4.0},{"damage":0.0,"enemies":"Slime Boss","floor":16.0,"turns":3.0},{"damage":19.0,"enemies":"Spheric Guardian","floor":18.0,"turns":6.0},{"damage":4.0,"enemies":"Shell Parasite","floor":19.0,"turns":3.0},{"damage":22.0,"enemies":"Snake Plant","floor":21.0,"turns":4.0},{"damage":18.0,"enemies":"Snecko","floor":22.0,"turns":5.0},{"damage":2.0,"enemies":"3 Cultists","floor":24.0,"turns":5.0},{"damage":0.0,"enemies":"Chosen and Byrds","floor":25.0,"turns":4.0},{"damage":6.0,"enemies":"Snake Plant","floor":30.0,"turns":4.0},{"damage":30.0,"enemies":"Slavers","floor":31.0,"turns":5.0},{"damage":26.0,"enemies":"Automaton","floor":33.0,"turns":6.0},{"damage":42,"enemies":"3 Darklings","floor":35,"turns":7},{"damage":2,"enemies":"Orb Walker","floor":36,"turns":4},{"damage":20,"enemies":"4 Shapes","floor":37,"turns":4},{"damage":33,"enemies":"Nemesis","floor":40,"turns":8},{"damage":0,"enemies":"Giant Head","floor":42,"turns":6},{"damage":18,"enemies":"Transient","floor":44,"turns":6},{"damage":28,"enemies":"Jaw Worm Horde","floor":46,"turns":5},{"damage":15,"enemies":"3 Darklings","floor":47,"turns":5},{"damage":88,"enemies":"Time Eater","floor":50,"turns":9}],"seed_played":"-9021721884383749571","potions_obtained":[{"floor":5.0,"key":"Ancient Potion"},{"floor":7.0,"key":"SkillPotion"},{"floor":16.0,"key":"Explosive Potion"},{"floor":18.0,"key":"CultistPotion"},{"floor":22.0,"key":"Weak Potion"},{"floor":31.0,"key":"CultistPotion"},{"floor":33.0,"key":"CultistPotion"},{"floor":35,"key":"FairyPotion"},{"floor":40,"key":"Dexterity Potion"},{"floor":46,"key":"GamblersBrew"},{"floor":47,"key":"Explosive Potion"}],"is_trial":false,"path_per_floor":["M","M","$","M","M","R","E","R","T","?","R","E","$","?","R","B",null,"M","M","$","M","M","R","M","M","T","R","$","R","M","E","R","B",null,"M","M","M","?","?","E","R","E","T","M","R","M","M","?","R","B"],"character_chosen":"WATCHER","items_purchased":["Tantrum","FearNoEvil","BattleHymn","Adaptation","Perseverance","InnerPeace","Perseverance","FlurryOfBlows","Fasting2","EmptyFist"],"campfire_rested":2,"item_purchase_floors":[3,3,3,13,13,13,13,20,28,28],"current_hp_per_floor":[57,57,57,57,46,46,38,38,38,27,36,36,36,36,48,48,61,42,38,38,21,3,37,35,35,35,50,50,65,59,29,47,39,59,17,15,19,57,57,24,42,42,42,24,42,14,4,4,42,0,0],"gold":736,"neow_bonus":"TWO_FIFTY_GOLD","is_daily":false,"chose_seed":false,"campfire_upgraded":9,"win_rate":0.0,"timestamp":1609646324,"path_taken":["M","M","$","M","M","R","E","R","T","?","R","E","$","?","R","BOSS","M","M","$","?","M","R","M","M","T","R","$","R","M","E","R","BOSS","M","?","M","?","?","E","R","E","T","?","R","M","M","?","R","BOSS"],"items_purchased_type":["Card","Card","Card","Card","Card","Card","Card","Card","Card","Card"],"build_version":"2020-12-22","purchased_purges":1,"victory":false,"max_hp_per_floor":[65,65,65,65,65,65,65,65,65,65,65,65,65,65,65,65,65,65,65,65,65,65,65,65,65,65,65,65,65,65,65,65,65,65,65,65,65,57,57,57,57,57,57,57,57,57,57,57,57,57,57],"relic_stats":{"Gremlin Horn":[5,5],"counters":[25,121],"Pantograph":33,"Eternal Feather":141,"Yang":[115],"VioletLotus":[13],"Boot":[205],"obtain_stats":[{"Bottled Flame":26,"Gremlin Horn":42,"Pantograph":31,"HolyWater":17,"Damaru":43,"Eternal Feather":9,"Yang":40,"The Courier":7,"VioletLotus":34,"PureWater":0,"Boot":14,"Toy Ornithopter":12},{"Bottled Flame":13,"Gremlin Horn":21,"Pantograph":15,"HolyWater":7,"Damaru":21,"Eternal Feather":5,"Yang":20,"The Courier":5,"VioletLotus":16,"PureWater":0,"Boot":6,"Toy Ornithopter":6},{"Bottled Flame":52,"Gremlin Horn":96,"Pantograph":61,"HolyWater":25,"Damaru":96,"Eternal Feather":18,"Yang":90,"The Courier":18,"VioletLotus":67,"PureWater":0,"Boot":22,"Toy Ornithopter":22}],"Toy Ornithopter":10},"card_choices":[{"not_picked":["ThirdEye","EmptyFist"],"picked":"TalkToTheHand","floor":1.0},{"not_picked":["EmptyBody","Protect"],"picked":"FlurryOfBlows","floor":2.0},{"not_picked":["WheelKick","Sanctity"],"picked":"Protect","floor":4.0},{"not_picked":["MasterReality","Prostrate"],"picked":"Halt","floor":5.0},{"not_picked":["Sanctity","Adaptation"],"picked":"FlurryOfBlows","floor":7.0},{"not_picked":["FollowUp","WreathOfFlame"],"picked":"Perseverance","floor":12.0},{"not_picked":["Judgement","DevaForm"],"picked":"Vault","floor":16.0},{"not_picked":["SashWhip+1","PathToVictory","Conclude"],"picked":"SKIP","floor":18.0},{"not_picked":["FlyingSleeves","Study+1"],"picked":"Halt","floor":19.0},{"not_picked":["Sanctity","Protect"],"picked":"ClearTheMind+1","floor":21.0},{"not_picked":["FlyingSleeves","Sanctity+1"],"picked":"TalkToTheHand","floor":22.0},{"not_picked":["FollowUp","Pray"],"picked":"Scrawl","floor":24.0},{"not_picked":["Prostrate+1","SignatureMove","Crescendo"],"picked":"SKIP","floor":25.0},{"not_picked":["CarveReality","FollowUp+1","PathToVictory"],"picked":"SKIP","floor":30.0},{"not_picked":["Crescendo","Consecrate"],"picked":"CrushJoints","floor":31.0},{"not_picked":["LessonLearned","Devotion"],"picked":"Wish","floor":33.0},{"not_picked":["BattleHymn+1","Fasting2+1","ThirdEye"],"picked":"SKIP","floor":35},{"not_picked":["PathToVictory","EmptyFist+1"],"picked":"FlurryOfBlows+1","floor":36},{"not_picked":["Conclude","Wallop","Study"],"picked":"SKIP","floor":37},{"not_picked":["EmptyFist+1","BattleHymn+1","Conclude"],"picked":"SKIP","floor":40},{"not_picked":["Evaluate","CutThroughFate","Protect+1"],"picked":"SKIP","floor":42},{"not_picked":["Vault","JustLucky"],"picked":"Collect+1","floor":44},{"not_picked":["Swivel+1","CrushJoints+1"],"picked":"Halt+1","floor":46},{"not_picked":["CarveReality","EmptyBody"],"picked":"FlurryOfBlows+1","floor":47}],"player_experience":3725075,"relics_obtained":[{"floor":7.0,"key":"The Courier"},{"floor":9.0,"key":"Eternal Feather"},{"floor":12.0,"key":"Toy Ornithopter"},{"floor":26.0,"key":"Bottled Flame"},{"floor":31.0,"key":"Pantograph"},{"floor":40,"key":"Yang"},{"floor":42,"key":"Gremlin Horn"},{"floor":43,"key":"Damaru"}],"event_choices":[{"damage_healed":0.0,"max_hp_gain":0.0,"max_hp_loss":0.0,"gold_gain":75.0,"event_name":"World of Goop","player_choice":"Gather Gold","floor":10.0,"gold_loss":0.0,"damage_taken":11.0},{"damage_healed":0.0,"max_hp_gain":0.0,"max_hp_loss":0.0,"gold_gain":0.0,"event_name":"WeMeetAgain","player_choice":"Gave Potion","floor":14.0,"gold_loss":0.0,"damage_taken":0.0,"relics_obtained":["Boot"]},{"damage_healed":57,"gold_gain":0,"player_choice":"Heal","damage_taken":0,"max_hp_gain":0,"max_hp_loss":8,"event_name":"The Moai Head","floor":38,"gold_loss":0},{"damage_healed":0,"gold_gain":300,"player_choice":"Gold","damage_taken":0,"max_hp_gain":0,"max_hp_loss":0,"event_name":"Wheel of Change","floor":39,"gold_loss":0},{"damage_healed":0,"gold_gain":0,"player_choice":"Ignored","damage_taken":0,"max_hp_gain":0,"max_hp_loss":0,"event_name":"Tomb of Lord Red Mask","floor":48,"gold_loss":0}],"is_beta":false,"boss_relics":[{"not_picked":["Astrolabe","Tiny House"],"picked":"HolyWater"},{"not_picked":["Philosopher\u0027s Stone","SlaversCollar"],"picked":"VioletLotus"}],"items_purged_floors":[20],"is_endless":false,"potions_floor_spawned":[5,7,16,18,22,30,31,33,35,40,46,47],"killed_by":"Time Eater","ascension_level":6}}