{"host":"naykp6d9ulahlwib","time":1609709763,"event":{"mods":["BaseMod","Highlight Path","Minty Spire (QoL Compilation)","Shop Mod","StSLib"],"gold_per_floor":[109,109,128,53,53,53,85,85,108,108,108],"floor_reached":10,"playtime":685,"items_purged":[],"score":112,"play_id":"ab83df00-4aa4-4faf-b194-e7e4f872e85b","local_time":"20210103153603","is_ascension_mode":true,"campfire_choices":[{"data":"Adrenaline","floor":6.0,"key":"SMITH"},{"floor":8.0,"key":"REST"}],"circlet_count":0,"master_deck":["AscendersBane","Strike_G","Strike_G","Strike_G","Strike_G","Defend_G","Defend_G","Defend_G","Defend_G","Defend_G","Survivor","Neutralize+1","Writhe","Adrenaline+1","Venomology"],"relics":["Ring of the Snake","Shovel","Vajra"],"acts_visited":["Exordium"],"potions_floor_usage":[10],"damage_taken":[{"damage":3.0,"enemies":"2 Louse","floor":1.0,"turns":4.0},{"damage":0.0,"enemies":"Cultist","floor":3.0,"turns":4.0},{"damage":32.0,"enemies":"3 Sentries","floor":7.0,"turns":17.0},{"damage":53,"enemies":"Gremlin Nob","floor":10,"turns":5}],"seed_played":"5768522294126447671","potions_obtained":[{"floor":1.0,"key":"BlessingOfTheForge"}],"is_trial":false,"path_per_floor":["M","?","M","?","$","R","E","R","T","E"],"character_chosen":"THE_SILENT","items_purchased":[],"campfire_rested":1,"item_purchase_floors":[],"current_hp_per_floor":[56,56,56,56,56,56,24,43,43,0,0],"gold":108,"neow_bonus":"THREE_RARE_CARDS","is_daily":false,"chose_seed":false,"campfire_upgraded":1,"win_rate":0.0,"timestamp":1609709763,"path_taken":["M","?","?","?","$","R","E","R","T","E"],"items_purchased_type":[],"build_version":"2020-12-22","purchased_purges":0,"victory":false,"max_hp_per_floor":[66,66,66,66,66,66,66,66,66,66,66],"card_choices":[{"not_picked":["A Thousand Cuts","Venomology"],"picked":"Adrenaline","floor":0.0},{"not_picked":["Dagger Throw","Sucker Punch","Outmaneuver"],"picked":"SKIP","floor":1.0},{"not_picked":["Outmaneuver","Bane"],"picked":"Venomology","floor":3.0},{"not_picked":["Masterful Stab","Outmaneuver","Sucker Punch"],"picked":"SKIP","floor":7.0}],"player_experience":982395,"relics_obtained":[{"floor":7.0,"key":"Shovel"},{"floor":9.0,"key":"Vajra"}],"event_choices":[{"damage_healed":0.0,"max_hp_gain":0.0,"max_hp_loss":0.0,"gold_gain":0.0,"event_name":"Accursed Blacksmith","player_choice":"Forge","floor":2.0,"gold_loss":0.0,"damage_taken":0.0,"cards_upgraded":["Neutralize"]},{"cards_removed":["Strike_G"],"damage_healed":0.0,"max_hp_gain":0.0,"max_hp_loss":0.0,"gold_gain":0.0,"event_name":"The Cleric","player_choice":"Card Removal","floor":4.0,"gold_loss":75.0,"damage_taken":0.0}],"is_beta":false,"boss_relics":[],"items_purged_floors":[],"is_endless":false,"potions_floor_spawned":[1],"killed_by":"Gremlin Nob","ascension_level":15}}