{"host":"r6jigiblrojhp6xe","time":1609661354,"event":{"mods":["AchievementEnabler","BaseMod","DeckTracker","Minty Spire (QoL Compilation)","Quick Restart","Rare Cards Sparkle","Relic Stats","StSLib","SuperFastMode","The Cursed","everything is the same but u backflip on backflip"],"gold_per_floor":[117,42,61,18,18,48,48,74,74,74,89,117,117,131,131,203,203,214,214,224,224,35,70,81,81,162,162,162,172,172,188,188,264,264,280,290,290,290,290,321,321,321,321,54,54,65,85,85,85,85,85,85],"floor_reached":51,"playtime":1660,"items_purged":["Defend_G"],"score":1422,"play_id":"2e9f0df6-1dc9-43c0-8581-09a756f8e640","local_time":"20210103170914","is_ascension_mode":true,"campfire_choices":[{"data":"Choke","floor":7.0,"key":"SMITH"},{"floor":10.0,"key":"REST"},{"floor":15.0,"key":"REST"},{"data":"Wraith Form v2","floor":27,"key":"SMITH"},{"data":"Envenom","floor":30,"key":"SMITH"},{"data":"Cloak And Dagger","floor":32,"key":"SMITH"},{"data":"Cloak And Dagger","floor":41,"key":"SMITH"},{"floor":42,"key":"RECALL"},{"data":"Neutralize","floor":45,"key":"SMITH"},{"data":"Blade Dance","floor":49,"key":"SMITH"}],"circlet_count":0,"master_deck":["AscendersBane","Strike_G","Strike_G","Defend_G","Defend_G","Defend_G","Survivor","Neutralize+1","Flying Knee","Blade Dance+1","All Out Attack","Choke+1","Eviscerate","Blade Dance","Storm of Steel","Envenom+1","Wraith Form v2+1","Ghostly","Ghostly","Ghostly","Cloak And Dagger+1","Cloak And Dagger+1","Acrobatics","Backflip","Malaise","Blade Dance","Bandage Up","Catalyst+1","Escape Plan+1"],"relics":["Ring of the Snake","NeowsBlessing","Akabeko","WingedGreaves","The Courier","Ornamental Fan","White Beast Statue","SacredBark","Snake Skull","Dead Branch","Ginger","Runic Dome","Pear","Bottled Flame","Mango"],"acts_visited":["Exordium","TheCity","TheBeyond"],"potions_floor_usage":[16,16,18,20,23,33,50],"damage_taken":[{"damage":0.0,"enemies":"Small Slimes","floor":1.0,"turns":1.0},{"damage":0.0,"enemies":"Jaw Worm","floor":3.0,"turns":1.0},{"damage":0.0,"enemies":"3 Sentries","floor":6.0,"turns":1.0},{"damage":27.0,"enemies":"Lagavulin","floor":8.0,"turns":6.0},{"damage":0.0,"enemies":"2 Louse","floor":11.0,"turns":2.0},{"damage":8.0,"enemies":"Gremlin Nob","floor":12.0,"turns":3.0},{"damage":4.0,"enemies":"Large Slime","floor":14.0,"turns":3.0},{"damage":15,"enemies":"Slime Boss","floor":16,"turns":9},{"damage":10,"enemies":"Shell Parasite","floor":18,"turns":6},{"damage":16,"enemies":"Spheric Guardian","floor":20,"turns":4},{"damage":9,"enemies":"Slavers","floor":23,"turns":6},{"damage":0,"enemies":"Snecko","floor":24,"turns":4},{"damage":0,"enemies":"3 Cultists","floor":29,"turns":5},{"damage":0,"enemies":"Centurion and Healer","floor":31,"turns":3},{"damage":1,"enemies":"Champ","floor":33,"turns":7},{"damage":0,"enemies":"3 Shapes","floor":35,"turns":3},{"damage":0,"enemies":"3 Darklings","floor":36,"turns":3},{"damage":3,"enemies":"Reptomancer","floor":40,"turns":5},{"damage":0,"enemies":"Maw","floor":46,"turns":7},{"damage":0,"enemies":"Sphere and 2 Shapes","floor":47,"turns":4},{"damage":26,"enemies":"Donu and Deca","floor":50,"turns":10},{"damage":34,"enemies":"Awakened One","floor":51,"turns":8}],"seed_played":"-4165564609033982321","potions_obtained":[{"floor":1.0,"key":"SteroidPotion"},{"floor":11.0,"key":"SkillPotion"},{"floor":14.0,"key":"FearPotion"},{"floor":16,"key":"ColorlessPotion"},{"floor":18,"key":"BlessingOfTheForge"},{"floor":20,"key":"LiquidMemories"},{"floor":23,"key":"LiquidBronze"},{"floor":24,"key":"EssenceOfSteel"},{"floor":29,"key":"GhostInAJar"},{"floor":31,"key":"Dexterity Potion"},{"floor":33,"key":"Strength Potion"},{"floor":40,"key":"Energy Potion"}],"is_trial":false,"path_per_floor":["M","?","M","$","?","E","R","E","T","R","M","E","?","M","R","B",null,"M","?","M","?","$","E","M","?","T","R","T","M","R","M","R","B",null,"M","M","?","?","$","E","R","R","T","$","R","M","M","?","R","B","B"],"character_chosen":"THE_SILENT","items_purchased":["All Out Attack","Snake Skull","Mango"],"campfire_rested":2,"item_purchase_floors":[4,22,44],"current_hp_per_floor":[59,59,59,59,59,59,59,32,32,51,51,43,32,28,47,32,58,48,48,32,32,32,23,23,23,23,23,23,23,23,23,23,22,30,30,30,30,30,30,41,41,41,41,55,55,57,57,54,54,28,0,0],"gold":85,"neow_bonus":"THREE_ENEMY_KILL","is_daily":false,"chose_seed":false,"campfire_upgraded":7,"win_rate":0.0,"timestamp":1609661354,"path_taken":["M","?","M","$","?","E","R","E","T","R","M","E","?","M","R","BOSS","M","?","M","?","$","E","M","?","T","R","?","M","R","M","R","BOSS","M","M","?","?","$","E","R","R","T","$","R","M","M","?","R","BOSS","BOSS"],"items_purchased_type":["Card","Relic","Relic"],"build_version":"2020-12-22","purchased_purges":1,"victory":false,"max_hp_per_floor":[66,66,66,66,66,66,66,66,66,66,66,66,66,66,66,66,66,66,66,66,33,33,33,33,33,33,33,33,33,33,33,33,33,33,33,33,33,33,33,43,43,43,43,57,57,57,57,54,54,54,54,54],"relic_stats":{"counters":[22,101],"Ornamental Fan":[420],"Dead Branch":[285],"Snake Skull":[221],"Ginger":[8],"obtain_stats":[{"Pear":40,"NeowsBlessing":0,"SacredBark":17,"Dead Branch":23,"Mango":44,"The Courier":9,"Snake Skull":22,"Ginger":28,"Akabeko":6,"White Beast Statue":13,"Runic Dome":34,"Bottled Flame":43,"Ornamental Fan":12,"WingedGreaves":8,"Ring of the Snake":0},{"Pear":18,"NeowsBlessing":0,"SacredBark":8,"Dead Branch":11,"Mango":18,"The Courier":4,"Snake Skull":10,"Ginger":12,"Akabeko":3,"White Beast Statue":6,"Runic Dome":15,"Bottled Flame":18,"Ornamental Fan":6,"WingedGreaves":4,"Ring of the Snake":0},{"Pear":72,"NeowsBlessing":0,"SacredBark":26,"Dead Branch":42,"Mango":72,"The Courier":9,"Snake Skull":36,"Ginger":46,"Akabeko":3,"White Beast Statue":14,"Runic Dome":61,"Bottled Flame":72,"Ornamental Fan":14,"WingedGreaves":9,"Ring of the Snake":0}],"Ring of the Snake":[44]},"card_choices":[{"not_picked":["Setup","Sucker Punch"],"picked":"Flying Knee","floor":1.0},{"not_picked":["Escape Plan","Acrobatics"],"picked":"Blade Dance","floor":3.0},{"not_picked":["Burst","Flying Knee"],"picked":"Choke","floor":6.0},{"not_picked":["PiercingWail","Bane"],"picked":"Eviscerate","floor":8.0},{"not_picked":["Dagger Spray","Slice","Flying Knee"],"picked":"SKIP","floor":11.0},{"not_picked":["Doppelganger","Poisoned Stab","Underhanded Strike"],"picked":"SKIP","floor":12.0},{"not_picked":["Deflect","Flying Knee"],"picked":"Blade Dance","floor":14.0},{"not_picked":["Tools of the Trade","Night Terror"],"picked":"Storm of Steel","floor":16},{"not_picked":["Underhanded Strike","Flying Knee+1","Skewer+1"],"picked":"SKIP","floor":18},{"not_picked":["Flying Knee","Slice","Deflect"],"picked":"SKIP","floor":20},{"not_picked":["Bullet Time","Eviscerate"],"picked":"Cloak And Dagger","floor":23},{"not_picked":["Sucker Punch+1","Prepared"],"picked":"Cloak And Dagger","floor":24},{"not_picked":["Quick Slash","Bullet Time"],"picked":"Acrobatics","floor":29},{"not_picked":["Quick Slash","Slice"],"picked":"Backflip","floor":31},{"not_picked":["Wraith Form v2","Night Terror"],"picked":"Malaise","floor":33},{"not_picked":["Poisoned Stab+1","Heel Hook"],"picked":"Blade Dance","floor":35},{"not_picked":["Deadly Poison","Endless Agony","All Out Attack"],"picked":"SKIP","floor":36},{"not_picked":["Chrysalis","Swift Strike"],"picked":"Bandage Up","floor":37},{"not_picked":["Dagger Spray","Leg Sweep+1"],"picked":"Catalyst+1","floor":40},{"not_picked":["All Out Attack","Dagger Throw","Deadly Poison"],"picked":"SKIP","floor":46},{"not_picked":["Dagger Spray","Dagger Throw+1"],"picked":"Escape Plan+1","floor":47}],"player_experience":562517,"relics_obtained":[{"floor":6.0,"key":"Akabeko"},{"floor":8.0,"key":"WingedGreaves"},{"floor":9.0,"key":"The Courier"},{"floor":12.0,"key":"Ornamental Fan"},{"floor":23,"key":"Dead Branch"},{"floor":28,"key":"Ginger"},{"floor":40,"key":"Pear"},{"floor":43,"key":"Bottled Flame"}],"event_choices":[{"cards_removed":["Defend_G"],"damage_healed":0.0,"max_hp_gain":0.0,"max_hp_loss":0.0,"gold_gain":0.0,"event_name":"The Cleric","player_choice":"Card Removal","floor":2.0,"gold_loss":75.0,"damage_taken":0.0},{"damage_healed":0.0,"max_hp_gain":0.0,"max_hp_loss":0.0,"gold_gain":0.0,"event_name":"Liars Game","player_choice":"Ignored","floor":5.0,"gold_loss":0.0,"damage_taken":0.0},{"damage_healed":0.0,"max_hp_gain":0.0,"max_hp_loss":0.0,"gold_gain":0.0,"event_name":"Scrap Ooze","player_choice":"Success","floor":13.0,"gold_loss":0.0,"damage_taken":11.0,"relics_obtained":["White Beast Statue"]},{"damage_healed":0,"gold_gain":0,"cards_transformed":["Strike_G","Strike_G"],"player_choice":"Became Test Subject","damage_taken":0,"max_hp_gain":0,"max_hp_loss":0,"event_name":"Drug Dealer","floor":19,"gold_loss":0,"cards_obtained":["Envenom","Wraith Form v2"]},{"damage_healed":0,"gold_gain":0,"player_choice":"Became a Ghost","damage_taken":0,"max_hp_gain":0,"max_hp_loss":33,"event_name":"Ghosts","floor":21,"gold_loss":0,"cards_obtained":["Ghostly","Ghostly","Ghostly"]},{"damage_healed":0,"gold_gain":0,"player_choice":"Memory 1","damage_taken":0,"max_hp_gain":0,"max_hp_loss":0,"event_name":"SensoryStone","floor":37,"gold_loss":0},{"cards_removed":["Strike_G"],"damage_healed":0,"gold_gain":0,"player_choice":"Removed Attack","damage_taken":0,"max_hp_gain":0,"max_hp_loss":0,"event_name":"Falling","floor":38,"gold_loss":0},{"damage_healed":0,"gold_gain":0,"player_choice":"Max HP","damage_taken":0,"max_hp_gain":0,"max_hp_loss":3,"event_name":"Winding Halls","floor":48,"gold_loss":0}],"is_beta":false,"boss_relics":[{"not_picked":["Velvet Choker","SlaversCollar"],"picked":"SacredBark"},{"not_picked":["Ring of the Serpent","Fusion Hammer"],"picked":"Runic Dome"}],"items_purged_floors":[22],"is_endless":false,"potions_floor_spawned":[1,11,14,16,18,20,23,24,29,31,33,35,36,40,46,47],"killed_by":"Awakened One","ascension_level":20}}