{"host":"u4pncpybdtxxvw4r","time":1609635312,"event":{"mods":["AchievementEnabler","BaseMod","Block Reminder","Colored Powertips","Downfall","Marisa£®ÏF”Í°°ƒß¿Ì…≥£©","Minty Spire (QoL Compilation)","Permanent Neow","Potion Indicator Mod","Rare Cards Sparkle","StSLib","SuperFastMode"],"gold_per_floor":[99,119,130,150,37,37,37,63,63,74,74,103,103,103,113,209,209,209,221,221,240,90,100,125,139,149,149,168,78,3,16,34,34,34,34],"floor_reached":33,"playtime":1937,"items_purged":["Slimebound:Strike_Slimebound"],"score":286,"play_id":"c6af3ef5-5d61-4e77-950e-26e0edfd8ca6","local_time":"20210103085512","is_ascension_mode":false,"campfire_choices":[{"data":"Slimebound:Split","floor":1,"key":"SMITH"},{"floor":11,"key":"REST"},{"floor":18,"key":"RECALL"},{"floor":27,"key":"REST"},{"floor":30,"key":"REST"}],"circlet_count":0,"master_deck":["Slimebound:Strike_Slimebound","Slimebound:Tackle","Slimebound:Defend_Slimebound","Slimebound:Defend_Slimebound","Slimebound:Defend_Slimebound","Slimebound:Defend_Slimebound","Slimebound:Split+1","Slimebound:CorrosiveSpit+1","Slimebound:SlimeBarrage","Slimebound:FirmFortitude","Slimebound:Nibble","Slimebound:ForwardTackle","Slimebound:SplitAcid","Slimebound:GrowthPunch","Slimebound:GoopSpray","Slimebound:SlimeBrawl","Slimebound:SplitBruiser+1","Slimebound:RallyTheTroops","Slimebound:MinionMaster","CurseOfTheBell","Slimebound:SplitMire","Slimebound:SlimeBarrage","Ghostly","Slimebound:PressTheAttack+1","Slimebound:SplitMire+1","Slimebound:SplitMire","Slimebound:SplitMire","Slimebound:SplitLeeching","Slimebound:Repurpose","Slimebound:SlimeSpikes+1"],"relics":["Runic Pyramid","Anchor","Toy Ornithopter","Thread and Needle","Calling Bell","War Paint","Question Card","CaptainsWheel","MutagenicStrength","downfall:HeartBlessingRed"],"acts_visited":["Exordium","TheCity"],"potions_floor_usage":[],"damage_taken":[{"damage":15,"enemies":"Small Slimes","floor":2,"turns":3},{"damage":8,"enemies":"2 Louse","floor":3,"turns":3},{"damage":19,"enemies":"Jaw Worm","floor":4,"turns":3},{"damage":4,"enemies":"downfall:FleeingMerchant","floor":5,"turns":4},{"damage":24,"enemies":"3 Sentries","floor":8,"turns":4},{"damage":12,"enemies":"Blue Slaver","floor":10,"turns":3},{"damage":17,"enemies":"Lagavulin","floor":12,"turns":5},{"damage":12,"enemies":"3 Louse","floor":15,"turns":2},{"damage":41,"enemies":"downfall:Ironclad","floor":16,"turns":6},{"damage":20,"enemies":"Shell Parasite","floor":19,"turns":5},{"damage":23,"enemies":"3 Cultists","floor":21,"turns":3},{"damage":13,"enemies":"Centurion and Healer","floor":23,"turns":6},{"damage":34,"enemies":"Shelled Parasite and Fungi","floor":25,"turns":6},{"damage":42,"enemies":"Chosen and Byrds","floor":26,"turns":5},{"damage":23,"enemies":"Centurion and Healer","floor":28,"turns":5},{"damage":21,"enemies":"downfall:FleeingMerchant","floor":29,"turns":4},{"damage":30,"enemies":"Shelled Parasite and Fungi","floor":31,"turns":6},{"damage":10,"enemies":"Snake Plant","floor":32,"turns":3},{"damage":80,"enemies":"downfall:Silent","floor":33,"turns":7}],"seed_played":"5776646192894692467","potions_obtained":[{"floor":2,"key":"DistilledChaos"},{"floor":4,"key":"DuplicationPotion"},{"floor":12,"key":"GamblersBrew"}],"is_trial":false,"path_per_floor":["R","M","M","M","$","?","T","E","?","M","R","E","?","?","M","B",null,"R","M","?","M","?","M","T","M","M","R","M","$","R","M","M","B"],"character_chosen":"SLIMEBOUND","items_purchased":["Slimebound:SplitAcid","Slimebound:GrowthPunch"],"campfire_rested":3,"item_purchase_floors":[5,5],"current_hp_per_floor":[60,53,53,42,46,46,46,34,39,39,58,52,52,52,52,23,65,65,61,61,58,58,61,61,47,29,48,49,48,65,55,53,0,0,0],"gold":34,"neow_bonus":"BOSS_RELIC","is_daily":false,"chose_seed":false,"campfire_upgraded":1,"win_rate":0.0,"timestamp":1609635312,"path_taken":["R","M","M","M","$","?","T","E","?","M","R","E","?","?","M","BOSS","R","M","?","M","?","M","T","M","M","R","M","$","R","M","M","BOSS"],"items_purchased_type":["Card","Card"],"build_version":"2020-12-22","purchased_purges":1,"victory":false,"max_hp_per_floor":[60,60,60,60,60,60,60,60,65,65,65,65,65,65,65,65,65,65,65,65,65,65,65,65,65,65,65,65,65,65,65,65,65,65,65],"card_choices":[{"not_picked":["Slimebound:LeechingTouch","Slimebound:LeechEnergy"],"picked":"Slimebound:SlimeBarrage","floor":2},{"not_picked":["Slimebound:Prepare","Slimebound:Chomp"],"picked":"Slimebound:FirmFortitude","floor":3},{"not_picked":["Slimebound:SpikyOuterGoop","Slimebound:GoopSpray"],"picked":"Slimebound:Nibble","floor":4},{"not_picked":["Slimebound:Prepare","Slimebound:RollThrough"],"picked":"Slimebound:ForwardTackle","floor":5},{"not_picked":["Slimebound:LeechEnergy","Slimebound:SpikyOuterGoop"],"picked":"Slimebound:GoopSpray","floor":8},{"not_picked":["Slimebound:PressTheAttack","Slimebound:LeechEnergy"],"picked":"Slimebound:SlimeBrawl","floor":10},{"not_picked":["Slimebound:ComboTackle","Slimebound:Chomp"],"picked":"Slimebound:SplitBruiser","floor":12},{"not_picked":["Slimebound:SplitMire","Slimebound:SplitAcid"],"picked":"Slimebound:RallyTheTroops","floor":15},{"not_picked":["Slimebound:WasteNot","Slimebound:DouseInSlime"],"picked":"Slimebound:MinionMaster","floor":16},{"not_picked":["Slimebound:LeechingTouch","Slimebound:ComboTackle+1","Slimebound:PrepareCrush"],"picked":"Slimebound:SplitMire","floor":19},{"not_picked":["Slimebound:GoopSpray","Slimebound:Chomp","Slimebound:Replication+1"],"picked":"Slimebound:SlimeBarrage","floor":21},{"not_picked":["Slimebound:SamplingLick","Slimebound:SelfFormingGoo","Slimebound:ComboTackle"],"picked":"Slimebound:PressTheAttack+1","floor":23},{"not_picked":["Slimebound:ViciousTackle+1","Slimebound:RollThrough+1","Slimebound:SplitLeeching"],"picked":"Slimebound:SplitMire+1","floor":25},{"not_picked":["Slimebound:GoopSpray+1","Slimebound:Dissolve","Slimebound:ComboTackle+1"],"picked":"Slimebound:SplitMire","floor":26},{"not_picked":["Slimebound:SlimeSpikes+1","Slimebound:LeechEnergy","Slimebound:PressTheAttack"],"picked":"Slimebound:SplitMire","floor":28},{"not_picked":["Slimebound:Chomp+1","Slimebound:LeechLife","Slimebound:ItLooksTasty"],"picked":"Slimebound:SplitLeeching","floor":29},{"not_picked":["Slimebound:SamplingLick","Slimebound:ViciousTackle","Slimebound:LeechingTouch"],"picked":"Slimebound:Repurpose","floor":31},{"not_picked":["Slimebound:Schlurp+1","Slimebound:GoopSpray","Slimebound:ViciousTackle"],"picked":"Slimebound:SlimeSpikes+1","floor":32}],"player_experience":15409,"relics_obtained":[{"floor":7,"key":"Anchor"},{"floor":8,"key":"Toy Ornithopter"},{"floor":12,"key":"Thread and Needle"},{"floor":17,"key":"War Paint"},{"floor":17,"key":"Question Card"},{"floor":17,"key":"CaptainsWheel"}],"event_choices":[{"damage_healed":0,"gold_gain":0,"player_choice":"Donut","damage_taken":0,"max_hp_gain":5,"max_hp_loss":0,"event_name":"Big Fish","floor":9,"gold_loss":0},{"damage_healed":0,"gold_gain":0,"player_choice":"Inject Mutagens","damage_taken":0,"relics_obtained":["MutagenicStrength"],"max_hp_gain":0,"max_hp_loss":0,"event_name":"Drug Dealer","floor":20,"gold_loss":0}],"is_beta":false,"boss_relics":[{"not_picked":["Philosopher\u0027s Stone","SacredBark"],"picked":"Calling Bell"}],"items_purged_floors":[29],"is_endless":false,"potions_floor_spawned":[2,4,12,16,19,23,26,28],"killed_by":"downfall:Silent","ascension_level":0}}