{"host":"gg","time":1609665044,"event":{"mods":["BaseMod","Colored Map","Googly Eyes","Minty Spire (QoL Compilation)","Permanent Neow","Relic Stats","The IronCluck"],"gold_per_floor":[114,127,127,142,67,101,101,101,101,101,118,136,136,150,150,227,227,243,143,155,155,172,201,217,249,301,34,45,72,84,84,84,159,159,174,174,174,225,238,238,265,265,292,30,41,52,52,70,70,70,70,70,70,17,17,17],"floor_reached":55,"playtime":4342,"items_purged":["Regret","Strike_B"],"score":1918,"play_id":"c212a76f-2c2b-4f64-bfec-bf3fd630bf65","local_time":"20210103011044","is_ascension_mode":true,"campfire_choices":[{"floor":8.0,"key":"REST"},{"data":"Defragment","floor":10.0,"key":"SMITH"},{"data":"Zap","floor":13.0,"key":"SMITH"},{"data":"Melter","floor":15.0,"key":"SMITH"},{"data":"Doom and Gloom","floor":32.0,"key":"SMITH"},{"data":"Coolheaded","floor":40,"key":"SMITH"},{"data":"Recycle","floor":42,"key":"SMITH"},{"floor":49,"key":"RECALL"},{"data":"Coolheaded","floor":53,"key":"SMITH"}],"circlet_count":0,"master_deck":["AscendersBane","Defend_B","Defend_B","Defend_B+1","Zap+1","Dualcast+1","Sunder+1","Leap","Defragment+1","Compile Driver","Recycle+1","Cold Snap","Melter+1","Echo Form","Rebound+1","Coolheaded+1","Genetic Algorithm","Loop+1","Coolheaded+1","Self Repair+1","Rainbow","White Noise+1","Doom and Gloom+1","Reboot","Buffer+1","Rainbow+1","Darkness+1","Leap+1","Blind","Finesse","Violence","Coolheaded+1","Glacier"],"relics":["Cracked Core","War Paint","FossilizedHelix","Vajra","Mercury Hourglass","Coffee Dripper","Frozen Egg 2","Strawberry","Dream Catcher","Lantern","Meat on the Bone","Akabeko","Astrolabe","Ice Cream","Happy Flower","Mummified Hand"],"acts_visited":["Exordium","TheCity","TheBeyond","TheEnding"],"potions_floor_usage":[48,50],"damage_taken":[{"damage":0.0,"enemies":"Jaw Worm","floor":1.0,"turns":3.0},{"damage":0.0,"enemies":"2 Louse","floor":2.0,"turns":1.0},{"damage":0.0,"enemies":"Cultist","floor":4.0,"turns":3.0},{"damage":48.0,"enemies":"Gremlin Nob","floor":6.0,"turns":5.0},{"damage":0.0,"enemies":"Exordium Wildlife","floor":11.0,"turns":2.0},{"damage":0.0,"enemies":"Large Slime","floor":12.0,"turns":3.0},{"damage":0.0,"enemies":"Blue Slaver","floor":14.0,"turns":2.0},{"damage":11.0,"enemies":"The Guardian","floor":16.0,"turns":8.0},{"damage":0.0,"enemies":"2 Thieves","floor":18.0,"turns":3.0},{"damage":0.0,"enemies":"Chosen","floor":20.0,"turns":2.0},{"damage":0.0,"enemies":"Snecko","floor":22.0,"turns":4.0},{"damage":0.0,"enemies":"Gremlin Leader","floor":23.0,"turns":5.0},{"damage":12.0,"enemies":"Centurion and Healer","floor":24.0,"turns":7.0},{"damage":27.0,"enemies":"Slavers","floor":25.0,"turns":4.0},{"damage":7.0,"enemies":"3 Cultists","floor":28.0,"turns":4.0},{"damage":11.0,"enemies":"Gremlin Leader","floor":29.0,"turns":6.0},{"damage":23.0,"enemies":"Shelled Parasite and Fungi","floor":30.0,"turns":3.0},{"damage":27.0,"enemies":"Collector","floor":33.0,"turns":9.0},{"damage":0.0,"enemies":"3 Shapes","floor":35.0,"turns":5.0},{"damage":26,"enemies":"2 Orb Walkers","floor":38,"turns":4},{"damage":0,"enemies":"Orb Walker","floor":39,"turns":4},{"damage":0,"enemies":"Nemesis","floor":41,"turns":9},{"damage":8,"enemies":"3 Darklings","floor":45,"turns":5},{"damage":0,"enemies":"Transient","floor":46,"turns":6},{"damage":17,"enemies":"Jaw Worm Horde","floor":48,"turns":3},{"damage":6,"enemies":"Awakened One","floor":50,"turns":19},{"damage":64,"enemies":"Donu and Deca","floor":51,"turns":12},{"damage":73,"enemies":"Shield and Spear","floor":55,"turns":6}],"seed_played":"119905006268335278","potions_obtained":[{"floor":1.0,"key":"Strength Potion"},{"floor":2.0,"key":"ColorlessPotion"},{"floor":6.0,"key":"AttackPotion"},{"floor":12.0,"key":"Block Potion"},{"floor":16.0,"key":"FocusPotion"},{"floor":18.0,"key":"AttackPotion"},{"floor":25.0,"key":"Fire Potion"},{"floor":30.0,"key":"Explosive Potion"},{"floor":38,"key":"LiquidMemories"},{"floor":45,"key":"FearPotion"}],"is_trial":false,"path_per_floor":["M","M","?","M","$","E","?","R","T","R","M","M","R","M","R","B",null,"M","$","M","T","M","E","M","E","T","$","M","E","M","?","R","B",null,"M","?","?","?","M","R","E","R","T","$","M","M","?","M","R","B","B",null,"R","$","E"],"character_chosen":"DEFECT","items_purchased":["Meat on the Bone","Mummified Hand","FocusPotion"],"campfire_rested":1,"item_purchase_floors":[27,44,54],"current_hp_per_floor":[64,64,64,64,64,16,16,37,37,37,37,37,37,37,37,26,60,60,60,60,60,60,67,55,28,28,28,43,54,43,43,43,48,71,71,61,61,57,57,57,67,67,67,67,69,78,78,61,61,75,33,67,67,67,0,0],"gold":17,"neow_bonus":"RANDOM_COMMON_RELIC","is_daily":false,"chose_seed":false,"campfire_upgraded":7,"win_rate":0.0,"timestamp":1609665044,"path_taken":["M","M","?","M","$","E","?","R","T","R","M","M","R","M","R","BOSS","M","$","M","?","M","E","M","E","T","$","M","E","M","?","R","BOSS","M","?","?","?","M","R","E","R","T","$","M","M","?","?","R","BOSS","BOSS","R","$","E"],"items_purchased_type":["Relic","Relic","Potion"],"build_version":"2020-12-18","purchased_purges":2,"victory":false,"max_hp_per_floor":[71,71,71,71,71,71,71,71,71,71,71,71,71,71,71,71,71,71,71,71,71,71,78,78,78,78,78,78,78,78,78,78,78,78,78,78,78,78,78,78,78,78,78,78,78,78,78,78,78,78,78,78,78,78,78,78],"relic_stats":{"Dream Catcher":0,"Happy Flower":[17],"counters":[28,144],"Mummified Hand":[42],"Astrolabe":["Buffer","Rainbow","Darkness"],"War Paint":["Dualcast","Defend_B"],"obtain_stats":[{"Ice Cream":38,"Lantern":26,"Happy Flower":41,"Astrolabe":34,"Vajra":6,"War Paint":0,"Frozen Egg 2":21,"Akabeko":29,"Mercury Hourglass":9,"Dream Catcher":25,"Mummified Hand":44,"Strawberry":23,"Coffee Dripper":17,"Cracked Core":0,"FossilizedHelix":3,"Meat on the Bone":27},{"Ice Cream":20,"Lantern":14,"Happy Flower":22,"Astrolabe":18,"Vajra":4,"War Paint":0,"Frozen Egg 2":10,"Akabeko":16,"Mercury Hourglass":4,"Dream Catcher":14,"Mummified Hand":22,"Strawberry":12,"Coffee Dripper":8,"Cracked Core":0,"FossilizedHelix":2,"Meat on the Bone":14},{"Ice Cream":82,"Lantern":51,"Happy Flower":93,"Astrolabe":73,"Vajra":12,"War Paint":0,"Frozen Egg 2":31,"Akabeko":61,"Mercury Hourglass":12,"Dream Catcher":51,"Mummified Hand":93,"Strawberry":40,"Coffee Dripper":26,"Cracked Core":0,"FossilizedHelix":4,"Meat on the Bone":51}],"Mercury Hourglass":[526],"Meat on the Bone":72},"card_choices":[{"not_picked":["Compile Driver","White Noise"],"picked":"Sunder","floor":1.0},{"not_picked":["Steam","Streamline"],"picked":"Leap","floor":2.0},{"not_picked":["Storm","Fusion"],"picked":"Defragment","floor":4.0},{"not_picked":["Defragment","Streamline"],"picked":"Compile Driver","floor":6.0},{"not_picked":["Stack","Turbo"],"picked":"Recycle","floor":11.0},{"not_picked":["Go for the Eyes","Reboot"],"picked":"Cold Snap","floor":12.0},{"not_picked":["Conserve Battery","Cold Snap"],"picked":"Melter","floor":14.0},{"not_picked":["Biased Cognition","Machine Learning"],"picked":"Echo Form","floor":16.0},{"not_picked":["Streamline","Redo","Rebound+1"],"picked":"SKIP","floor":18.0},{"not_picked":["Streamline","Redo"],"picked":"Rebound+1","floor":18.0},{"not_picked":["Gash+1","Compile Driver+1"],"picked":"Coolheaded","floor":20.0},{"not_picked":["Beam Cell","Coolheaded"],"picked":"Genetic Algorithm","floor":22.0},{"not_picked":["Go for the Eyes","Rip and Tear"],"picked":"Loop+1","floor":23.0},{"not_picked":["Fusion+1","Streamline+1"],"picked":"Coolheaded","floor":24.0},{"not_picked":["Heatsinks+1","Hologram"],"picked":"Self Repair+1","floor":25.0},{"not_picked":["Aggregate","Sweeping Beam"],"picked":"Rainbow","floor":28.0},{"not_picked":["Redo","Consume","Cold Snap"],"picked":"SKIP","floor":29.0},{"not_picked":["Beam Cell+1","Static Discharge+1"],"picked":"White Noise+1","floor":30.0},{"not_picked":["Amplify","Hyperbeam"],"picked":"Reboot","floor":33.0},{"not_picked":["Reprogram","Redo"],"picked":"Leap+1","floor":35.0},{"not_picked":["Discovery","Trip"],"picked":"Blind","floor":36.0},{"not_picked":["Discovery","Flash of Steel"],"picked":"Finesse","floor":36.0},{"not_picked":["Flash of Steel","Panache+1"],"picked":"Violence","floor":36.0},{"not_picked":["Steam","Leap"],"picked":"Coolheaded+1","floor":38},{"not_picked":["Conserve Battery","Reprogram+1"],"picked":"Glacier","floor":39},{"not_picked":["Cold Snap","Conserve Battery+1","Redo"],"picked":"SKIP","floor":41},{"not_picked":["Steam+1","Cold Snap+1","Self Repair+1"],"picked":"SKIP","floor":45},{"not_picked":["Stack+1","Leap","Turbo"],"picked":"SKIP","floor":46},{"not_picked":["Conserve Battery","Coolheaded","Beam Cell+1"],"picked":"SKIP","floor":48}],"player_experience":1012924,"relics_obtained":[{"floor":6.0,"key":"Vajra"},{"floor":9.0,"key":"Mercury Hourglass"},{"floor":21.0,"key":"Frozen Egg 2"},{"floor":23.0,"key":"Strawberry"},{"floor":25.0,"key":"Dream Catcher"},{"floor":26.0,"key":"Lantern"},{"floor":29.0,"key":"Akabeko"},{"floor":38,"key":"Ice Cream"},{"floor":41,"key":"Happy Flower"}],"event_choices":[{"damage_healed":0.0,"max_hp_gain":0.0,"max_hp_loss":0.0,"gold_gain":0.0,"event_name":"Big Fish","player_choice":"Box","floor":3.0,"gold_loss":0.0,"damage_taken":0.0,"relics_obtained":["FossilizedHelix"],"cards_obtained":["Regret"]},{"damage_healed":0.0,"max_hp_gain":0.0,"max_hp_loss":0.0,"gold_gain":0.0,"event_name":"Upgrade Shrine","player_choice":"Upgraded","floor":7.0,"gold_loss":0.0,"damage_taken":0.0,"cards_upgraded":["Sunder"]},{"damage_healed":0.0,"max_hp_gain":0.0,"max_hp_loss":0.0,"gold_gain":0.0,"event_name":"The Library","player_choice":"Read","floor":31.0,"gold_loss":0.0,"damage_taken":0.0,"cards_obtained":["Doom and Gloom"]},{"damage_healed":0.0,"max_hp_gain":0.0,"max_hp_loss":0.0,"gold_gain":0.0,"event_name":"SensoryStone","player_choice":"Memory 3","floor":36.0,"gold_loss":0.0,"damage_taken":10.0},{"damage_healed":0.0,"max_hp_gain":0.0,"max_hp_loss":0.0,"gold_gain":0.0,"event_name":"Tomb of Lord Red Mask","player_choice":"Ignored","floor":37.0,"gold_loss":0.0,"damage_taken":0.0},{"damage_healed":0,"gold_gain":0,"player_choice":"Fight","damage_taken":0,"max_hp_gain":0,"max_hp_loss":0,"event_name":"Mysterious Sphere","floor":38,"gold_loss":0},{"cards_removed":["Defend_B"],"damage_healed":0,"gold_gain":0,"player_choice":"Purged","damage_taken":0,"max_hp_gain":0,"max_hp_loss":0,"event_name":"Purifier","floor":47,"gold_loss":0}],"is_beta":true,"boss_relics":[{"not_picked":["Empty Cage","FrozenCore"],"picked":"Coffee Dripper"},{"not_picked":["Sozu","Runic Dome"],"picked":"Astrolabe"}],"items_purged_floors":[5,19],"is_endless":false,"potions_floor_spawned":[1,2,6,12,16,18,25,30,38,45,46],"killed_by":"Shield and Spear","ascension_level":20}}