{"host":"w5vfr18i2ft1pzo2","time":1609665135,"event":{"mods":["Act Like it!","Aspiration","BaseMod","Better Third Choice","BetterRewards","Colored Map","Colored Powertips","Conspire","Curses Come First","DNKmod","Defuse TimeMaze Blight","Dota2Spire","Energized Spire","Evolution","Force Act Four","Friendly Minions","Gensokyo","GifTheSpireLib","Gold Saver","Halation","Hubris","Hyrulean Relics","Infinite Spire","Jedi Mod","Marisa????????","Minty Spire (QoL Compilation)","MostiFishMod","Prisma Mod","Remilia??????","Replay The Spire","SacredBarkPlus","Small Relic Pack","Spicy Shops","Spikes Relics","StSLib","Stuff the Spire","Synergy Search","The Blue Laboratory","The Construct","The Servant 0.9.4","Trackpad","Treasure Hunter","Uncapped","Wandering Minibosses","Yakumo Yukari mod","noobMod","vexMod","??????REMEMod"],"gold_per_floor":[745,802,850,850,866,894,911,943,943,394,411,430,430,1230,1230,1333,1283,1297,1297,1310,1310,1326,1326,1352,1362,1415,1415,1415,1429,1429,1449,1449,1548,1548,1561,1436,1446,1446,1464,1464,1464,1481,1481,1481,1060,1060,1076,1105,1105,1105,1105,1105,1023,1053,1053],"floor_reached":56,"playtime":3145,"items_purged":["construct:Defend_Gold","construct:Defend_Gold","construct:Autoturret","construct:OneWayMirror+1","construct:Boost"],"score":1561,"play_id":"a1b001fb-105f-410a-8bc9-7480eb031b22","local_time":"20210103171215","is_ascension_mode":false,"campfire_choices":[{"floor":15.0,"key":"RECALL"},{"data":"construct:Chainstrike","floor":23.0,"key":"SMITH"},{"data":"MostiFishMod:MusicBox","floor":46.0,"key":"SMITH"},{"data":"construct:ScrapCannon","floor":49.0,"key":"SMITH"},{"data":"construct:Enhance","floor":52.0,"key":"SMITH"}],"circlet_count":0,"master_deck":["construct:MetalShell+1","construct:UnbalancingBlast","construct:ShiftingStance","construct:Electrocute","construct:SaveState+1","construct:Forcefield+1","construct:PowerUp","construct:LaserCore+1","construct:OmegaCannon","construct:PowerUp","construct:ScrapCannon+1","construct:Zapper","construct:MemoryTap+1","construct:ChargeShot","construct:Hazardproof+1","construct:ShieldGenerator","construct:Bunker","construct:Versatility","construct:Synchronize","construct:Chainstrike+1","TH:DeckOfManyThings","TH:DeckOfManyThings","TH:CopperCoins","construct:ShiftStrike","construct:Accumulate","TH:DeckOfManyThings","TH:DeckOfManyThings","MostiFishMod:ElfcollectionBox+1","TH:DeckOfManyThings","ReplayTheSpireMod:Speed Training+1","StuffTheSpire:Python+1","Adrenaline+1","MostiFishMod:MusicBox+1","ReplayTheSpireMod:Private Reserves+1","construct:SaveState+1","TH:CursedSword","construct:Enhance+1","REME_MagicPocketWatch+1","TH:DeckOfManyThings","Starlight","construct:ReactiveShield+1"],"relics":["construct:Cogwheel","EVO:Axolotl","DaveBox","ice","REME_ComplimentaryCards","NeowsBlessing","EGODaCapo","SynthV:TestCard","Whetstone","Tiny Chest","infinitespire:PuzzleCube","Toxic Egg 2","wanderingMiniBosses:MasterThiefsPresence","Replay:Grab Bag","energizedSpire:HugeHouse","jedi:hotpepper","SlaversCollar","FixedStarFall","JellyFishMachine","Centennial Puzzle","infinitespire:Lucky Rock","NlothsMask","aspiration:ServantSkillbook","Vajra","REME_LowDesire","REME_HandOfSuture","War Paint","TH:Strongbox","hubris:GlazedTorus","Dota2Spire:ArmletOfMordiggian","StuffTheSpire:Mouthbags"],"acts_visited":["Exordium","TheCity","TheBeyond","TheEnding"],"potions_floor_usage":[],"damage_taken":[{"damage":0.0,"enemies":"Jaw Worm","floor":1.0,"turns":1.0},{"damage":0.0,"enemies":"2 Louse","floor":3.0,"turns":1.0},{"damage":2.0,"enemies":"conspire:RoseBush","floor":5.0,"turns":1.0},{"damage":0.0,"enemies":"Gremlin Nob","floor":6.0,"turns":1.0},{"damage":10.0,"enemies":"Red Slaver","floor":7.0,"turns":4.0},{"damage":0.0,"enemies":"Replay:BlueRogue","floor":8.0,"turns":2.0},{"damage":0.0,"enemies":"Blue Slaver","floor":11.0,"turns":2.0},{"damage":0.0,"enemies":"Looter","floor":12.0,"turns":1.0},{"damage":5.0,"enemies":"Lots of Slimes","floor":14.0,"turns":5.0},{"damage":3.0,"enemies":"The Guardian","floor":16.0,"turns":2.0},{"damage":0.0,"enemies":"conspire:FuzzyDice","floor":18.0,"turns":3.0},{"damage":0.0,"enemies":"Chosen","floor":20.0,"turns":1.0},{"damage":9.0,"enemies":"conspire:HollyBat","floor":22.0,"turns":5.0},{"damage":0.0,"enemies":"Slavers","floor":24.0,"turns":1.0},{"damage":0.0,"enemies":"Cultist and Chosen","floor":25.0,"turns":1.0},{"damage":0.0,"enemies":"3 Cultists","floor":29.0,"turns":1.0},{"damage":0.0,"enemies":"Centurion and Healer","floor":31.0,"turns":1.0},{"damage":0.0,"enemies":"Champ","floor":33.0,"turns":1.0},{"damage":0.0,"enemies":"3 Darklings","floor":35.0,"turns":1.0},{"damage":0.0,"enemies":"3 Shapes","floor":37.0,"turns":1.0},{"damage":0.0,"enemies":"3 Darklings","floor":39.0,"turns":1.0},{"damage":0.0,"enemies":"Jaw Worm Horde","floor":42.0,"turns":1.0},{"damage":0.0,"enemies":"4 Shapes","floor":47.0,"turns":3.0},{"damage":0.0,"enemies":"R_Hoarder","floor":48.0,"turns":12.0},{"damage":2.0,"enemies":"Time Eater","floor":50.0,"turns":1.0},{"damage":0.0,"enemies":"Shield and Spear","floor":54.0,"turns":1.0},{"damage":3,"enemies":"The Heart","floor":55,"turns":6}],"seed_played":"4134145187877744116","potions_obtained":[{"floor":2.0,"key":"REME_GoldPotion"},{"floor":3.0,"key":"FearPotion"},{"floor":8.0,"key":"SteroidPotion"},{"floor":14.0,"key":"Cursed Concoction"},{"floor":16.0,"key":"blueLaboratory:BottleOfRum"},{"floor":18.0,"key":"Venom Potion"}],"is_trial":false,"path_per_floor":["M","?","M","?","M","E","M","E","T","$","M","M","?","M","R","B",null,"M","?","M","AVR","M","R","E","M","T","?","T","M","$","M","R_BF","B",null,"M","$","M","?","M","AVR","T","M","T","?","$","R","M","E","R","B",null,"R","$","E","B",null],"character_chosen":"THE_CONSTRUCT_MOD","items_purchased":["Toxic Egg 2","REME_MagicPocketWatch+1","construct:ModeShift+1","MostiFishMod:MusicBox","ReplayTheSpireMod:Private Reserves+1","REME_MagicPocketWatch+1"],"campfire_rested":0,"item_purchase_floors":[10,10,10,45,45,53],"current_hp_per_floor":[85,51,59,59,57,65,63,71,71,71,79,85,85,85,85,82,60,60,60,60,60,51,51,51,51,51,51,51,51,51,51,51,51,60,60,60,60,45,45,45,45,45,45,45,45,45,52,60,60,58,60,60,60,60,57],"gold":1053,"neow_bonus":"THREE_ENEMY_KILL","is_daily":false,"chose_seed":false,"campfire_upgraded":4,"win_rate":0.0,"timestamp":1609665135,"path_taken":["M","?","M","?","?","E","M","E","T","$","M","M","?","M","R","BOSS","M","?","M","AVR","M","R","E","M","T","?","?","?","$","M","R_BF","BOSS","M","?","M","?","M","AVR","?","M","T","?","?","R","M","E","R","BOSS","R","$","E","BOSS"],"items_purchased_type":["Relic","Card","Card","Card","Card","Card"],"build_version":"2020-12-22","purchased_purges":5,"victory":true,"max_hp_per_floor":[85,85,85,85,85,85,85,85,85,85,85,85,85,85,85,85,60,60,60,60,60,60,60,60,60,60,60,60,60,60,60,60,60,60,60,60,60,60,60,60,60,60,60,60,60,60,60,60,60,60,60,60,60,60,60],"card_choices":[{"not_picked":["construct:VentSteam","construct:Forcefield"],"picked":"construct:Boost","floor":1.0},{"not_picked":["construct:ForceCore","construct:PowerUp","construct:Anticipate","construct:Accumulate"],"picked":"construct:ModeShift","floor":2.0},{"not_picked":["construct:HeavyBolt","construct:Forcefield","construct:CripplingShot","construct:FocusedBeam"],"picked":"construct:ShiftStrike","floor":2.0},{"not_picked":["construct:ScrapCannon","construct:Autoturret","construct:Enhance","construct:ForceCore"],"picked":"construct:SyphonStrike","floor":3.0},{"not_picked":["construct:Autoturret","construct:SuppressiveFire","construct:ShiftGuard","construct:Isolate"],"picked":"construct:Stasis","floor":5.0},{"not_picked":["TH:TreasureMap","TH:Mimic","TH:ArmorSpikes"],"picked":"TH:CursedSword","floor":6.0},{"not_picked":["construct:Autoturret","construct:OmegaCannon","construct:Versatility","construct:BatteryAcid"],"picked":"construct:MemoryTap","floor":6.0},{"not_picked":["construct:Reinforce","construct:VentSteam","construct:ModeShift","construct:OmegaCannon"],"picked":"construct:MetalShell","floor":7.0},{"not_picked":["TH:EnergyPotion","TH:PixieDust","TH:TreasureMap"],"picked":"TH:BikiniMail","floor":8.0},{"not_picked":["construct:PanicFire","construct:MetalShell","construct:LaserCore","construct:ClusterMines","construct:Stasis"],"picked":"SKIP","floor":8.0},{"not_picked":["TH:ElvenBoots","TH:PixieDust","TH:Mimic"],"picked":"TH:BikiniMail","floor":9.0},{"not_picked":["construct:LaserCore+1","construct:VentSteam+1","construct:ClusterMines","construct:HeavyBolt"],"picked":"construct:SaveState+1","floor":11.0},{"not_picked":["construct:VentSteam+1","construct:Analyze+1","construct:Anticipate+1","construct:FierceBash"],"picked":"construct:SaveState+1","floor":12.0},{"not_picked":["construct:FocusedBeam","construct:HardReboot+1","construct:BatteryAcid+1","construct:Boost","construct:Forcefield+1"],"picked":"SKIP","floor":14.0},{"not_picked":["TH:CopperCoins","TH:EnergyPotion","TH:TreasureMap"],"picked":"TH:DeckOfManyThings","floor":16.0},{"not_picked":["construct:ShieldBurst","construct:Multistage+1","construct:ShiftingStance","construct:HastyRepair+1"],"picked":"construct:SiegeForm","floor":16.0},{"not_picked":["construct:Analyze+1","construct:CripplingShot","construct:VentSteam+1","construct:SuppressiveFire"],"picked":"construct:Chainstrike","floor":18.0},{"not_picked":["construct:Boost","construct:FocusedBeam","construct:Versatility","construct:Reinforce+1","construct:SweepLaser"],"picked":"SKIP","floor":20.0},{"not_picked":["construct:ScopeCore+1","construct:GuardCore+1","construct:VentSteam+1","construct:ScrapCannon","construct:Anticipate+1"],"picked":"SKIP","floor":22.0},{"not_picked":["TH:TreasureMap","TH:PixieDust","TH:ElvenBoots"],"picked":"TH:DeckOfManyThings","floor":24.0},{"not_picked":["construct:Autoturret","construct:Backup+1","construct:Accumulate+1","construct:BatteryCore+1","construct:Forcefield+1"],"picked":"SKIP","floor":24.0},{"not_picked":["construct:Boost+1","construct:Chainstrike","construct:SuppressiveFire","construct:SweepLaser","construct:Anticipate+1"],"picked":"SKIP","floor":25.0},{"not_picked":["TH:Mimic","TH:BikiniMail","TH:ElvenBoots"],"picked":"TH:DeckOfManyThings","floor":26.0},{"not_picked":["TH:ElvenBoots","TH:PixieDust","TH:BikiniMail"],"picked":"TH:CopperCoins","floor":28.0},{"not_picked":["construct:Construct_Overclock","construct:Failsafe","construct:SyphonStrike","construct:HardReboot+1"],"picked":"construct:ShiftStrike","floor":29.0},{"not_picked":["construct:Construct_Overclock","construct:PointDefense","construct:ScrapCannon","construct:SuppressiveFire","construct:ClusterMines"],"picked":"SKIP","floor":31.0},{"not_picked":["TH:EnergyPotion","TH:PixieDust","TH:CopperCoins"],"picked":"TH:DeckOfManyThings","floor":33.0},{"not_picked":["construct:FierceBash","ShatteredReality+1","SurpressingFire+1","construct:OneWayMirror+1","construct:ShiftStrike","Contraction+1"],"picked":"SKIP","floor":35.0},{"not_picked":["Defy+1","Rearm+1","Desolation+1","construct:ShiftStrike+1","construct:OmegaCannon","construct:FierceBash"],"picked":"SKIP","floor":37.0},{"not_picked":["Potential+1","construct:Analyze+1","construct:Failsafe","Alleviate+1","MoonPhase+1","construct:Stasis+1"],"picked":"SKIP","floor":39.0},{"not_picked":["TH:CursedSword","TH:PixieDust","TH:Mimic","TH:TreasureMap"],"picked":"TH:DeckOfManyThings","floor":41.0},{"not_picked":["construct:Synchronize+1","construct:SaveState+1","ShatteredReality+1","Defy+1","construct:SweepLaser+1","Moonlight+1"],"picked":"MostiFishMod:ElfcollectionBox+1","floor":42.0},{"not_picked":["TH:EnergyPotion","TH:BikiniMail","TH:TreasureMap","TH:PixieDust"],"picked":"TH:DeckOfManyThings","floor":43.0},{"not_picked":["construct:SweepLaser+1","construct:GuardCore+1","construct:CripplingShot","Initiator","Contraction+1","Crow Ritual"],"picked":"construct:SaveState+1","floor":47.0},{"not_picked":["TH:ElvenBoots","TH:CopperCoins","TH:EnergyPotion","TH:PixieDust"],"picked":"TH:CursedSword","floor":48.0},{"not_picked":["construct:Disrupt+1","construct:ModeShift+1","construct:HeavyBolt","construct:ClusterMines+1","construct:CriticalHit+1","jedi:RedIncense+1"],"picked":"construct:Enhance","floor":48.0},{"not_picked":["TH:ElvenBoots","TH:CopperCoins","TH:Mimic","TH:PixieDust"],"picked":"TH:DeckOfManyThings","floor":54.0},{"not_picked":["DoubleEdge","construct:ClusterMines","construct:Reinforce+1","construct:FlakBarrage","construct:Overcharge+1","Blind+1"],"picked":"Starlight","floor":54.0}],"player_experience":186270,"relics_obtained":[{"floor":1.0,"key":"SynthV:TestCard"},{"floor":2.0,"key":"Whetstone"},{"floor":6.0,"key":"Tiny Chest"},{"floor":8.0,"key":"infinitespire:PuzzleCube"},{"floor":14.0,"key":"wanderingMiniBosses:MasterThiefsPresence"},{"floor":24.0,"key":"Centennial Puzzle"},{"floor":26.0,"key":"infinitespire:Lucky Rock"},{"floor":40.0,"key":"REME_HandOfSuture"},{"floor":40.0,"key":"War Paint"},{"floor":41.0,"key":"TH:Strongbox"},{"floor":43.0,"key":"hubris:GlazedTorus"},{"floor":48.0,"key":"Dota2Spire:ArmletOfMordiggian"},{"floor":54.0,"key":"StuffTheSpire:Mouthbags"}],"event_choices":[{"cards_removed":["construct:Defend_Gold"],"damage_healed":0.0,"max_hp_gain":0.0,"max_hp_loss":0.0,"gold_gain":0.0,"event_name":"Wheel of Change","player_choice":"Card Removal","floor":4.0,"gold_loss":0.0,"damage_taken":0.0},{"cards_removed":["construct:Defend_Gold"],"damage_healed":0.0,"max_hp_gain":0.0,"max_hp_loss":0.0,"gold_gain":0.0,"event_name":"Living Wall","player_choice":"Forget","floor":13.0,"gold_loss":0.0,"damage_taken":0.0},{"damage_healed":0.0,"max_hp_gain":0.0,"max_hp_loss":0.0,"gold_gain":0.0,"event_name":"FaceTrader","player_choice":"Trade","floor":27.0,"gold_loss":0.0,"damage_taken":0.0,"relics_obtained":["NlothsMask"]}],"is_beta":false,"boss_relics":[{"not_picked":["vexMod:BigBerry","Dota2Spire:RefresherOrb"],"picked":"Replay:Grab Bag"},{"not_picked":["hubris:TerracottaHorce","hubris:VirtuousBlindfold"],"picked":"energizedSpire:HugeHouse"},{"not_picked":["energizedSpire:StickyHand","Sozu"],"picked":"jedi:hotpepper"},{"not_picked":["construct:ClawGrip","hubris:BlackHole"],"picked":"SlaversCollar"},{"not_picked":["Runic Pyramid","vexMod:MegatonBomb"],"picked":"FixedStarFall"},{"not_picked":["Replay:Wanted Poster","energizedSpire:MagnifyingGlass"],"picked":"aspiration:ServantSkillbook"}],"items_purged_floors":[10,10,21,36,45],"is_endless":false,"potions_floor_spawned":[3,8,14,16,18,24,25,42,47,48,54],"ascension_level":0}}