{"host":"tl8jdqk9pnwb74j1","time":1609676895,"event":{"mods":["BaseMod","BetterRewards","Custom Start","Minty Spire (QoL Compilation)","Shop Mod","StSLib","SuperFastMode"],"gold_per_floor":[113,2,13,30,44,44,56,74,74,74,74,87,101,134,134,237,237,247,87,186,16,16,16,29,29,56,67,99,113,113,131,131,230,230,230],"floor_reached":34,"playtime":1096,"items_purged":["Strike_G","Strike_G","Defend_G"],"score":401,"play_id":"e49617e3-3373-4259-b32c-0485de8f6ab6","local_time":"20210103202815","is_ascension_mode":false,"campfire_choices":[{"data":"Crippling Poison","floor":6.0,"key":"SMITH"},{"data":"Infinite Blades","floor":11.0,"key":"SMITH"},{"data":"Bouncing Flask","floor":15.0,"key":"SMITH"},{"data":"Deadly Poison","floor":23.0,"key":"SMITH"},{"data":"Malaise","floor":25.0,"key":"SMITH"},{"data":"Footwork","floor":30,"key":"SMITH"},{"data":"Deadly Poison","floor":32,"key":"SMITH"}],"circlet_count":0,"master_deck":["Strike_G","Strike_G","Defend_G","Defend_G","Survivor","Neutralize","Bouncing Flask+1","Infinite Blades+1","Outmaneuver","Crippling Poison+1","Backflip","Dash","Deadly Poison","Malaise+1","Deadly Poison+1","Die Die Die","Deadly Poison","Deadly Poison+1","Footwork+1","Flying Knee+1","Phantasmal Killer"],"relics":["Ring of the Snake","NeowsBlessing","Happy Flower","Lizard Tail","Torii","MerchantsRug","PreservedInsect","Pen Nib","Runic Pyramid"],"acts_visited":["Exordium","TheCity","TheBeyond"],"potions_floor_usage":[],"damage_taken":[{"damage":0.0,"enemies":"Cultist","floor":1.0,"turns":1.0},{"damage":0.0,"enemies":"Jaw Worm","floor":3.0,"turns":1.0},{"damage":0.0,"enemies":"2 Louse","floor":4.0,"turns":1.0},{"damage":7.0,"enemies":"Looter","floor":5.0,"turns":4.0},{"damage":8.0,"enemies":"Exordium Wildlife","floor":7.0,"turns":5.0},{"damage":0.0,"enemies":"Large Slime","floor":8.0,"turns":5.0},{"damage":2.0,"enemies":"Looter","floor":12.0,"turns":4.0},{"damage":1.0,"enemies":"Red Slaver","floor":13.0,"turns":3.0},{"damage":4.0,"enemies":"Lagavulin","floor":14.0,"turns":5.0},{"damage":20.0,"enemies":"The Guardian","floor":16.0,"turns":8.0},{"damage":0.0,"enemies":"Spheric Guardian","floor":18.0,"turns":2.0},{"damage":1.0,"enemies":"3 Byrds","floor":24.0,"turns":3.0},{"damage":7.0,"enemies":"Snecko","floor":27.0,"turns":6.0},{"damage":1,"enemies":"Book of Stabbing","floor":28,"turns":6},{"damage":14,"enemies":"3 Cultists","floor":29,"turns":4},{"damage":10,"enemies":"Sentry and Sphere","floor":31,"turns":4},{"damage":81,"enemies":"Champ","floor":33,"turns":12}],"seed_played":"-8051320262199715022","potions_obtained":[{"floor":1.0,"key":"Fire Potion"},{"floor":3.0,"key":"Ancient Potion"},{"floor":5.0,"key":"Fire Potion"},{"floor":28,"key":"FairyPotion"},{"floor":33,"key":"FearPotion"}],"is_trial":false,"path_per_floor":["M","$","M","M","M","R","M","M","T","T","R","M","M","E","R","B",null,"M","$","?","$","?","R","M","R","T","M","E","M","R","M","R","B",null],"character_chosen":"THE_SILENT","items_purchased":["Infinite Blades","MerchantsRug","Deadly Poison"],"campfire_rested":0,"item_purchase_floors":[2,19,21],"current_hp_per_floor":[70,70,70,70,63,63,55,55,55,55,55,53,52,48,48,28,70,70,70,70,70,70,70,69,69,69,62,61,47,47,37,37,35,70,70],"gold":230,"neow_bonus":"THREE_ENEMY_KILL","is_daily":false,"chose_seed":false,"campfire_upgraded":7,"win_rate":0.0,"timestamp":1609676895,"path_taken":["M","$","M","M","M","R","M","?","T","?","R","?","?","E","R","BOSS","M","$","?","$","?","R","M","R","T","M","E","?","R","M","R","BOSS"],"items_purchased_type":["Card","Relic","Card"],"build_version":"2020-12-22","purchased_purges":3,"victory":false,"max_hp_per_floor":[70,70,70,70,70,70,70,70,70,70,70,70,70,70,70,70,70,70,70,70,70,70,70,70,70,70,70,70,70,70,70,70,70,70,70],"card_choices":[{"not_picked":["Expertise","Prepared"],"picked":"Bouncing Flask","floor":1.0},{"not_picked":["Endless Agony","Dagger Throw"],"picked":"Outmaneuver","floor":3.0},{"not_picked":["Predator","Doppelganger"],"picked":"Crippling Poison","floor":4.0},{"not_picked":["Infinite Blades","Sucker Punch"],"picked":"Backflip","floor":5.0},{"not_picked":["Sucker Punch","Heel Hook","Tactician"],"picked":"SKIP","floor":7.0},{"not_picked":["Outmaneuver","Backstab"],"picked":"Dash","floor":8.0},{"not_picked":["Underhanded Strike","Poisoned Stab"],"picked":"Deadly Poison","floor":12.0},{"not_picked":["Poisoned Stab","Slice"],"picked":"Malaise","floor":13.0},{"not_picked":["Dagger Spray","All Out Attack"],"picked":"Deadly Poison","floor":14.0},{"not_picked":["A Thousand Cuts","Venomology"],"picked":"Die Die Die","floor":16.0},{"not_picked":["Distraction+1","Acrobatics"],"picked":"Deadly Poison","floor":18.0},{"not_picked":["Outmaneuver","Dodge and Roll","Dagger Throw"],"picked":"SKIP","floor":24.0},{"not_picked":["Underhanded Strike+1","Backflip","Slice"],"picked":"SKIP","floor":27.0},{"not_picked":["Infinite Blades","Night Terror","Cloak And Dagger"],"picked":"SKIP","floor":28},{"not_picked":["Dash","Flying Knee","Footwork"],"picked":"SKIP","floor":29},{"not_picked":["Dash","Flying Knee"],"picked":"Footwork","floor":29},{"not_picked":["Backstab+1","Underhanded Strike"],"picked":"Flying Knee+1","floor":31},{"not_picked":["Unload","After Image"],"picked":"Phantasmal Killer","floor":33}],"player_experience":960636,"relics_obtained":[{"floor":9.0,"key":"Happy Flower"},{"floor":10.0,"key":"Lizard Tail"},{"floor":14.0,"key":"Torii"},{"floor":26.0,"key":"PreservedInsect"},{"floor":28,"key":"Pen Nib"}],"event_choices":[{"damage_healed":0.0,"max_hp_gain":0.0,"max_hp_loss":0.0,"gold_gain":99.0,"event_name":"Nest","player_choice":"Stole From Cult","floor":20.0,"gold_loss":0.0,"damage_taken":0.0},{"cards_removed":["Defend_G"],"damage_healed":0.0,"max_hp_gain":0.0,"max_hp_loss":0.0,"gold_gain":0.0,"event_name":"Purifier","player_choice":"Purged","floor":22.0,"gold_loss":0.0,"damage_taken":0.0}],"is_beta":false,"boss_relics":[{"not_picked":["Velvet Choker","Ectoplasm"],"picked":"Empty Cage"},{"not_picked":["Tiny House","SlaversCollar"],"picked":"Runic Pyramid"}],"items_purged_floors":[2,19,21],"is_endless":false,"potions_floor_spawned":[1,3,5,12,18,28,33],"ascension_level":0}}