{"host":"tm3ghj8mno6gwywm","time":1609648485,"event":{"mods":["2.2 Compatiblity","AchievementEnabler","Bard","BaseMod","Beaked The Cultist","Better Third Choice","Colored Map","Colored Powertips","Conspire","Downfall","Glutton Mod","GungeonMod","Halation","Hermit","Hubris","Infinite Spire","Jorbs\u0027s Wanderer Trilogy","Lobotomy","Mad Scientist","Marisa????????","Marked Mod","Mimic Mod","Minty Spire (QoL Compilation)","Potionbrewer","Quick Restart","READ ME - Guardian Mod","Replay The Spire","Shade Mod","Shop Mod","Somnambulant","Spicy Shops","StSLib","SuperFastMode","The Bug Knight","The Construct","The Cursed","The Disciple","The Factory","The Hierophant","The IronCluck","The Judge","The Jungle","The Necromancer","The Runesmith","The Servant 0.9.4","egg"],"gold_per_floor":[113,208,39,54,68,101,101,101,127,146,22,22,22,36,36,131,131,143,69,98,98,98,98,113,113,113,127,127,156,156,170,170,269,269,288,288,335,351,366,366,376,50,50,68,68,68,68],"floor_reached":46,"playtime":1629,"items_purged":[],"score":538,"play_id":"bd79346f-9f6e-4519-8fac-4eaa04d8b514","local_time":"20210102233445","is_ascension_mode":false,"campfire_choices":[{"floor":7,"key":"REST"},{"floor":12,"key":"RECALL"},{"floor":15,"key":"REST"},{"floor":23,"key":"REST"},{"floor":25,"key":"REST"},{"data":"Defend_B","floor":28,"key":"SMITH"},{"data":"Strike_B","floor":30,"key":"SMITH"},{"floor":32,"key":"REST"},{"floor":40,"key":"REST"}],"circlet_count":0,"master_deck":["Strike_B","Strike_B","Strike_B","Defend_B+1","Defend_B+1","Defend_B+1","Defend_B+1","Dualcast+1","Redo+1","Blizzard+1","Steam+1","ReplayTheSpireMod:System Scan+1","BasicCrystalCard+1","hubris:PowerSurge+1","Sweeping Beam+1","ReplayTheSpireMod:Dual Polarity+1","ReplayTheSpireMod:Repulse+1","Chaos+1","Turbo+1","Mirror Shield+1","Steam+1","Panic Button+1","BasicCrystalCard+1","Darkness+1","Crystallizer+1","Coolheaded+1","Thunder Strike+1","ReplayTheSpireMod:Calculation Training+1","Coolheaded+1","expansioncontent:BronzeBeam+1"],"relics":["Cracked Core","WingedGreaves","Membership Card","Quantum Egg","Frozen Egg 2","Toxic Egg 2","Molten Egg 2","Black Star","Mummified Hand","Lizard Tail","DemoMod:MonsterBlood","Carrot","ReplayTheSpireMod:Ninjato","hubris:MedicalManual","halation:PinkSoulGem","Geode","halation:Gekota","hubris:Backtick","infinitespire:Freezer","Runic Capacitor","War Paint","Singing Bowl","conspire:TopHat","hexamod:BolsterEngine","beaked:SacredDeck","CatCart","Replay:Ringing Soul","halation:Diary","ReplayTheSpireMod:TigerMarble","infinitespire:ShieldingShard"],"acts_visited":["Exordium","TheCity","TheBeyond"],"potions_floor_usage":[33,37,44],"damage_taken":[{"damage":1,"enemies":"Jaw Worm","floor":1,"turns":2},{"damage":9,"enemies":"Small Slimes","floor":4,"turns":2},{"damage":0,"enemies":"2 Louse","floor":5,"turns":3},{"damage":25,"enemies":"Gremlin Nob","floor":6,"turns":4},{"damage":6,"enemies":"conspire:2 RoseBushes","floor":10,"turns":4},{"damage":0,"enemies":"2 Fungi Beasts","floor":14,"turns":2},{"damage":30,"enemies":"Hexaghost","floor":16,"turns":7},{"damage":7,"enemies":"2 Thieves","floor":18,"turns":3},{"damage":0,"enemies":"conspire:MimicChest","floor":20,"turns":4},{"damage":0,"enemies":"Chosen","floor":24,"turns":4},{"damage":3,"enemies":"Snake Plant","floor":27,"turns":3},{"damage":0,"enemies":"Book of Stabbing","floor":29,"turns":4},{"damage":1,"enemies":"Centurion and Healer","floor":31,"turns":6},{"damage":21,"enemies":"Champ","floor":33,"turns":8},{"damage":0,"enemies":"Orb Walker","floor":35,"turns":3},{"damage":111,"enemies":"Orin","floor":37,"turns":12},{"damage":0,"enemies":"3 Shapes","floor":38,"turns":4},{"damage":12,"enemies":"Maw","floor":39,"turns":7},{"damage":0,"enemies":"Spire Growth","floor":41,"turns":5},{"damage":30,"enemies":"Transient","floor":44,"turns":5},{"damage":46,"enemies":"Jaw Worm Horde","floor":46,"turns":3}],"seed_played":"-6759252477135844361","potions_obtained":[{"floor":1,"key":"SpeedPotion"},{"floor":10,"key":"potionbrewer:NoxiousPotion"},{"floor":14,"key":"Milkshake"},{"floor":16,"key":"potionbrewer:DiscountPotion"},{"floor":33,"key":"potionbrewer:InfectionPotion"},{"floor":41,"key":"PowerPotion"},{"floor":44,"key":"Elixir"}],"is_trial":false,"path_per_floor":["M","?","$","M","M","E","R","?","T","M","$","R","?","M","R","B",null,"M","$","?","?","T","R","M","R","T","M","R","E","R","M","R","B",null,"M","?","?","M","M","R","M","$","T","M","?","M"],"character_chosen":"DEFECT","items_purchased":["BasicCrystalCard+1","Carrot","hubris:PowerSurge+1","halation:Gekota","Runic Capacitor","Replay:Ringing Soul","potionbrewer:SplittingPotion","halation:Diary","expansioncontent:BronzeBeam+1","ReplayTheSpireMod:TigerMarble"],"campfire_rested":6,"item_purchase_floors":[3,3,3,11,19,42,42,42,42,42],"current_hp_per_floor":[74,81,81,72,72,47,71,71,71,65,65,65,49,49,73,43,82,75,75,75,75,75,82,82,82,82,79,79,79,79,78,82,61,82,84,80,9,11,10,35,37,40,40,12,12,0,0],"gold":68,"neow_bonus":"TRANSFORM_CARD","is_daily":false,"chose_seed":false,"campfire_upgraded":2,"win_rate":0.0,"timestamp":1609648485,"path_taken":["M","?","$","M","M","E","R","?","T","M","$","R","?","M","R","BOSS","M","$","?","?","?","R","M","R","T","M","R","E","R","M","R","BOSS","M","?","?","M","M","R","M","$","T","M","?","M"],"items_purchased_type":["Card","Relic","Card","Relic","Relic","Relic","Potion","Relic","Card","Relic"],"build_version":"2020-12-22","purchased_purges":0,"victory":false,"max_hp_per_floor":[75,82,82,82,82,82,82,82,82,82,82,82,82,82,82,82,82,82,82,82,82,82,82,82,82,82,82,82,82,82,82,82,82,82,84,80,80,82,84,84,86,89,89,91,91,91,91],"card_choices":[{"not_picked":["Self Repair+1","Redo+1"],"picked":"Blizzard+1","floor":1},{"not_picked":["Compile Driver+1","Tempest+1"],"picked":"Steam+1","floor":2},{"not_picked":["Fusion+1","Melter+1"],"picked":"ReplayTheSpireMod:System Scan+1","floor":2},{"not_picked":["Melter+1","Gash+1"],"picked":"Sweeping Beam+1","floor":4},{"not_picked":["Redo+1","Sweeping Beam+1"],"picked":"ReplayTheSpireMod:Dual Polarity+1","floor":5},{"not_picked":["Panic Button+1","Hologram+1"],"picked":"ReplayTheSpireMod:Repulse+1","floor":6},{"not_picked":["Compile Driver+1","Turbo+1"],"picked":"Chaos+1","floor":10},{"not_picked":["Ball Lightning+1","Compile Driver+1"],"picked":"Turbo+1","floor":14},{"not_picked":["Meteor Strike+1","hubris:Prefetch+1"],"picked":"Mirror Shield+1","floor":16},{"not_picked":["Rip and Tear+1","Barrage+1"],"picked":"Steam+1","floor":18},{"not_picked":["BasicCrystalCard+1","FTL+1"],"picked":"Panic Button+1","floor":20},{"not_picked":["ReplayTheSpireMod:System Scan+1","Beam Cell+1"],"picked":"BasicCrystalCard+1","floor":24},{"not_picked":["Beam Cell+1","Compile Driver+1"],"picked":"Darkness+1","floor":27},{"not_picked":["Buffer+1","Beam Cell+1"],"picked":"Crystallizer+1","floor":29},{"not_picked":["Hologram+1","Barrage+1"],"picked":"Coolheaded+1","floor":31},{"not_picked":["Buffer+1","Biased Cognition+1"],"picked":"Thunder Strike+1","floor":33},{"not_picked":["Sweeping Beam+1","Rebound+1","Beam Cell+1"],"picked":"Singing Bowl","floor":35},{"not_picked":["FTL+1","Rebound+1"],"picked":"Coolheaded+1","floor":37},{"not_picked":["Capacitor+1","Conserve Battery+1","Meteor Strike+1"],"picked":"Singing Bowl","floor":38},{"not_picked":["Sweeping Beam+1","ReplayTheSpireMod:Repulse+1","Rebound+1"],"picked":"Singing Bowl","floor":39},{"not_picked":["Go for the Eyes+1","Sweeping Beam+1","ReplayTheSpireMod:Reroute Power+1"],"picked":"Singing Bowl","floor":41},{"not_picked":["Go for the Eyes+1","Reinforced Body+1","Force Field+1"],"picked":"Singing Bowl","floor":44}],"player_experience":792689,"relics_obtained":[{"floor":2,"key":"DemoMod:MonsterBlood"},{"floor":6,"key":"ReplayTheSpireMod:Ninjato"},{"floor":6,"key":"hubris:MedicalManual"},{"floor":9,"key":"Geode"},{"floor":20,"key":"War Paint"},{"floor":26,"key":"Singing Bowl"},{"floor":29,"key":"conspire:TopHat"},{"floor":29,"key":"hexamod:BolsterEngine"},{"floor":37,"key":"CatCart"},{"floor":43,"key":"infinitespire:ShieldingShard"}],"event_choices":[{"damage_healed":65,"gold_gain":0,"player_choice":"Upgrade","damage_taken":16,"max_hp_gain":0,"max_hp_loss":82,"event_name":"betterThird:BetterShining","floor":13,"gold_loss":0,"cards_upgraded":["Defend_B","Dualcast"]},{"damage_healed":0,"gold_gain":0,"player_choice":"Leave","damage_taken":0,"max_hp_gain":0,"max_hp_loss":0,"event_name":"conspire:Investor","floor":21,"gold_loss":0},{"damage_healed":0,"gold_gain":0,"player_choice":"Max HP","damage_taken":0,"max_hp_gain":0,"max_hp_loss":4,"event_name":"Winding Halls","floor":36,"gold_loss":0},{"damage_healed":0,"gold_gain":0,"player_choice":"Fight","damage_taken":0,"max_hp_gain":0,"max_hp_loss":0,"event_name":"OrinTheCat","floor":37,"gold_loss":0},{"cards_removed":["Strike_B"],"damage_healed":0,"gold_gain":0,"player_choice":"Removed Attack","damage_taken":0,"max_hp_gain":0,"max_hp_loss":0,"event_name":"Falling","floor":45,"gold_loss":0}],"is_beta":false,"boss_relics":[{"not_picked":["Black Star","Replay:Cursed D8"],"picked":"hubris:Backtick"},{"not_picked":["Honey Jar","Replay:Fungal Core"],"picked":"beaked:SacredDeck"}],"items_purged_floors":[],"is_endless":false,"potions_floor_spawned":[1,10,14,16,31,33,41,44],"killed_by":"Jaw Worm Horde","ascension_level":0}}