{"host":"1hyzy7ndnud2osw4","time":1609650241,"event":{"mods":["2.2 Compatiblity","Act Like it!","Arknights The Spire","Art Attack!","Aspiration","Astrologer","Bard","BaseMod","Beaked The Cultist","Better Third Choice","BetterRewards","Colored Powertips","Conspire","Decade(èÝá³Ù¥)","Dota2Spire","Elementarium","Gensokyo","GifTheSpireLib","GungeonMod","Hallownest","Hermit","Highlight Path","Hubris","Infinite Spire","Jorbs\u0027s Wanderer Trilogy","KinomotoSakuraMod(ÙÊñýÜâ?)","Koishi","KomeijiMod","Lobotomy","Menagerie","Minty Spire (QoL Compilation)","Quick Restart","SOS£¨ÞÙ÷é?ñýí­£©","Shop Mod","Spicy Shops","StSLib","The Administrix","The Bladedancer","The Bug Knight","The Construct","The Cursed","The Death Knight","The Disciple","The Dragon Tamer","The Factory","The Forsaken","The Gatherer","The Hierophant","The Jungle","The Marked","The Poker Player","The Runesmith","The Sage","The Senshi","The Wild Card","Uncapped","WarShipGirlsR/??á´Ò³R mod","Yuri Mod","Yuyuko","[IsaacMod]ì¤ß®ôÓ÷²"],"gold_per_floor":[119,119,135,235,235,235,266,292,328,370,382,420,464,495,507,622,634,656,696,738,769,781,793,805,847,941,953,994,1035,1060,1105,1117,1224,1236,1258,543,567,567,567,567,602,602,648,682,682,725,725,725,725],"floor_reached":48,"playtime":4124,"items_purged":[],"score":1011,"play_id":"823740a8-b5e0-4a69-8850-0867e34f9d52","local_time":"20210103140401","daily_mods":["Draft","Heirloom","Time Dilation","DeadlyEvents","Elite Swarm"],"is_ascension_mode":true,"campfire_choices":[{"data":"Aggregate","floor":6.0,"key":"SMITH"},{"data":"Defragment","floor":11.0,"key":"SMITH"},{"data":"Genetic Algorithm","floor":15.0,"key":"SMITH"},{"data":"Defragment","floor":23.0,"key":"SMITH"},{"data":"Buffer","floor":27.0,"key":"SMITH"},{"data":"Creative AI","floor":32,"key":"SMITH"},{"data":"Fission","floor":40,"key":"SMITH"},{"data":"Aggregate","floor":42,"key":"SMITH"},{"data":"EpicFetus","floor":47,"key":"SMITH"}],"circlet_count":0,"master_deck":["EpicFetus+1","Defragment+1","Double Energy","Loop","Consume","Cold Snap","Turbo","Ball Lightning","Aggregate+1","Glacier","Consume","Ball Lightning","Barrage","Turbo","Cold Snap","Coolheaded","Beam Cell","Hologram","Lockon","Machine Learning","Conserve Battery","Echo Form","Echo Form","Thunder Strike","Genetic Algorithm+1","Buffer+1","Gash","Defragment+1","Hologram","Sunder","Meteor Strike","Creative AI","Creative AI+1","Chaos+1","Electrodynamics","Machine Learning","Turbo+1","Fission+1","Aggregate+1","Thunder Strike","Meteor Strike","hubris:DoWhile"],"relics":["KSMOD_StarWand","Cauldron","aspiration:StickyExplosives","Menagerie:HuntersKnife","DeathKnight:Scourgestone","Dota2Spire:BladeMail","TheCursedMod:PinkPellets","TheBible","hermit:Momento","Hallownest:BeastSealRelic","ColorfulQuillpen","ats:Snipe","theSenshi:HolyGrailRelic","hermit:Spyglass","Succubus","DTMod:DragonFood","conspire:SpecialSausage","OrangePellets","Hallownest:DreamNailRelic","DemoMod:PortableTableDevice","Pocketwatch","Omamori","ats:Sanity","infinitespire:Chaos","Dota2Spire:OrchidMalevolence","yuri:PortableGlitches","TheBean","hubris:Icosahedron","CeramicFish","Anchor","Dota2Spire:ArcaneBoots","hubris:Towel","Dota2Spire:HandOfMidas"],"acts_visited":["Exordium","TheCity","TheBeyond"],"potions_floor_usage":[31,33,33,36],"damage_taken":[{"damage":0.0,"enemies":"2 Louse","floor":1.0,"turns":3.0},{"damage":7.0,"enemies":"Jaw Worm","floor":3.0,"turns":2.0},{"damage":4.0,"enemies":"3 Sentries","floor":7.0,"turns":5.0},{"damage":1.0,"enemies":"Small Slimes","floor":8.0,"turns":2.0},{"damage":0.0,"enemies":"Lagavulin","floor":10.0,"turns":4.0},{"damage":7.0,"enemies":"Gremlin Nob","floor":12.0,"turns":3.0},{"damage":0.0,"enemies":"3 Sentries","floor":13.0,"turns":4.0},{"damage":0.0,"enemies":"Red Slaver","floor":14.0,"turns":4.0},{"damage":0.0,"enemies":"Slime Boss","floor":16.0,"turns":3.0},{"damage":0.0,"enemies":"2 Thieves","floor":18.0,"turns":1.0},{"damage":17.0,"enemies":"Masked Bandits","floor":19.0,"turns":3.0},{"damage":0.0,"enemies":"conspire:MimicChest","floor":20.0,"turns":4.0},{"damage":18.0,"enemies":"3 Byrds","floor":21.0,"turns":5.0},{"damage":4.0,"enemies":"Slavers","floor":25.0,"turns":2.0},{"damage":9.0,"enemies":"Nightmare","floor":28.0,"turns":5.0},{"damage":0.0,"enemies":"Slavers","floor":29.0,"turns":1.0},{"damage":0.0,"enemies":"Centurion and Healer","floor":30.0,"turns":3.0},{"damage":1,"enemies":"Book of Stabbing","floor":31,"turns":2},{"damage":0,"enemies":"Collector","floor":33,"turns":5},{"damage":0,"enemies":"Orb Walker","floor":35,"turns":3},{"damage":0,"enemies":"3 Darklings","floor":37,"turns":2},{"damage":0,"enemies":"Reptomancer","floor":41,"turns":3},{"damage":0,"enemies":"Nightmare","floor":44,"turns":2},{"damage":0,"enemies":"HollowMod:StalkingDevout","floor":46,"turns":1},{"damage":89,"enemies":"Reptomancer","floor":48,"turns":4}],"seed_played":"-7364745103542776866","potions_obtained":[{"floor":3.0,"key":"DeathKnight:BottledBloodEchoes"},{"floor":7.0,"key":"Strength Potion"},{"floor":8.0,"key":"sagemod:Wine"},{"floor":12.0,"key":"GamblersBrew"},{"floor":16.0,"key":"DistilledChaos"},{"floor":19.0,"key":"DeathKnight:RimePotion"},{"floor":21.0,"key":"LiquidBronze"},{"floor":28.0,"key":"LiquidMemories"},{"floor":30.0,"key":"GamblersBrew"},{"floor":31,"key":"AttackPotion"},{"floor":36,"key":"Explosive Potion"},{"floor":36,"key":"DeathKnight:BottledBloodEchoes"},{"floor":36,"key":"FearPotion"},{"floor":41,"key":"FearPotion"}],"is_trial":true,"path_per_floor":["M","?","M","?","T","R","E","M","T","E","R","E","E","M","R","B",null,"M","?","?","M","T","R","AVR","E","T","R","NM","E","M","E","R","B",null,"M","$","M","AVR","?","R","E","R","T","NM","?","E","R","E"],"character_chosen":"DEFECT","items_purchased":["infinitespire:Chaos","Fission","Dota2Spire:OrchidMalevolence","yuri:PortableGlitches"],"campfire_rested":0,"item_purchase_floors":[36,36,36,36],"current_hp_per_floor":[75,75,68,68,68,68,70,71,71,75,75,74,75,75,75,75,75,75,58,66,66,66,66,66,62,62,62,63,63,75,74,74,75,75,75,75,75,75,75,75,75,75,75,75,75,75,75,0,0],"gold":725,"neow_bonus":"","is_daily":false,"chose_seed":false,"campfire_upgraded":9,"win_rate":0.0,"timestamp":1609650241,"path_taken":["M","?","M","?","?","R","E","?","T","E","R","E","?","M","R","BOSS","M","?","?","?","?","R","AVR","E","T","R","NM","?","M","E","R","BOSS","M","$","M","AVR","?","R","E","R","T","NM","?","E","R","E"],"items_purchased_type":["Relic","Card","Relic","Relic"],"build_version":"2020-12-22","purchased_purges":0,"victory":false,"max_hp_per_floor":[75,75,75,75,75,75,75,75,75,75,75,75,75,75,75,75,75,75,75,75,75,75,75,75,75,75,75,75,75,75,75,75,75,75,75,75,75,75,75,75,75,75,75,75,75,75,75,75,75],"card_choices":[{"not_picked":[],"picked":"EpicFetus","floor":0.0},{"not_picked":["Heatsinks","Glacier"],"picked":"Defragment","floor":0.0},{"not_picked":["Coolheaded","Cold Snap"],"picked":"Double Energy","floor":0.0},{"not_picked":["Distribution","Go for the Eyes"],"picked":"Loop","floor":0.0},{"not_picked":["Scrape","Compile Driver"],"picked":"Consume","floor":0.0},{"not_picked":["Go for the Eyes","Compile Driver"],"picked":"Cold Snap","floor":0.0},{"not_picked":["Redo","Stack"],"picked":"Turbo","floor":0.0},{"not_picked":["FTL","Steam"],"picked":"Ball Lightning","floor":0.0},{"not_picked":["Tempest","Sweeping Beam"],"picked":"Aggregate","floor":0.0},{"not_picked":["Go for the Eyes","Coolheaded"],"picked":"Glacier","floor":0.0},{"not_picked":["hubris:Ukulele","Double Energy"],"picked":"Consume","floor":0.0},{"not_picked":["Steam","Compile Driver"],"picked":"Ball Lightning","floor":0.0},{"not_picked":["Compile Driver","Sweeping Beam"],"picked":"Barrage","floor":0.0},{"not_picked":["Glacier","Barrage"],"picked":"Turbo","floor":0.0},{"not_picked":["Distribution","Barrage"],"picked":"Cold Snap","floor":0.0},{"not_picked":["Reprogram","Cold Snap"],"picked":"Coolheaded","floor":0.0},{"not_picked":["Reprogram","Barrage"],"picked":"Beam Cell","floor":1.0},{"not_picked":["Fusion","Lockon"],"picked":"Hologram","floor":3.0},{"not_picked":["FTL","Chill"],"picked":"Lockon","floor":4.0},{"not_picked":["ElectricPowerLearning","Hyperbeam"],"picked":"Machine Learning","floor":7.0},{"not_picked":["Coolheaded","Barrage"],"picked":"Conserve Battery","floor":8.0},{"not_picked":["Buffer","hubris:SpecializedCircuitry"],"picked":"Echo Form","floor":10.0},{"not_picked":["Amplify","Meteor Strike"],"picked":"Echo Form","floor":12.0},{"not_picked":["ElectricPowerLearning","Hyperbeam"],"picked":"Thunder Strike","floor":13.0},{"not_picked":["hubris:Ukulele","Hologram"],"picked":"Genetic Algorithm","floor":14.0},{"not_picked":["Rainbow","Multi-Cast"],"picked":"Buffer","floor":16.0},{"not_picked":["Sweeping Beam","Pulse+1"],"picked":"Gash","floor":18.0},{"not_picked":["Genetic Algorithm","Redo"],"picked":"Defragment","floor":19.0},{"not_picked":["Doom and Gloom","Distribution"],"picked":"Hologram","floor":20.0},{"not_picked":["Steam","Hologram"],"picked":"Sunder","floor":21.0},{"not_picked":["Rainbow","Reboot"],"picked":"Meteor Strike","floor":25.0},{"not_picked":["Buffer","All For One"],"picked":"Creative AI","floor":28.0},{"not_picked":["Hyperbeam","Machine Learning"],"picked":"Creative AI","floor":29.0},{"not_picked":["Undo+1","Leap"],"picked":"Chaos+1","floor":30.0},{"not_picked":["Machine Learning","Multi-Cast"],"picked":"Electrodynamics","floor":31},{"not_picked":["hubris:Prefetch","Core Surge"],"picked":"Machine Learning","floor":33},{"not_picked":["Cancel+1","Go for the Eyes+1"],"picked":"Turbo+1","floor":35},{"not_picked":["Sweeping Beam","Compile Driver+1"],"picked":"Aggregate","floor":37},{"not_picked":["hubris:SpecializedCircuitry","Rainbow"],"picked":"Thunder Strike","floor":41},{"not_picked":["Seek","Machine Learning"],"picked":"Meteor Strike","floor":44},{"not_picked":["Rainbow","hubris:SpecializedCircuitry"],"picked":"hubris:DoWhile","floor":46}],"player_experience":1011411,"relics_obtained":[{"floor":5.0,"key":"hubris:Metronome"},{"floor":7.0,"key":"MawBank"},{"floor":9.0,"key":"DemoMod:WhiteGuonStone"},{"floor":10.0,"key":"Dota2Spire:DivineRapier"},{"floor":12.0,"key":"aspiration:TomeofQuesting"},{"floor":13.0,"key":"aspiration:EnhancedActuators"},{"floor":19.0,"key":"Red Mask"},{"floor":20.0,"key":"DeathKnight:PutricidesVial"},{"floor":22.0,"key":"GuppysPaw"},{"floor":25.0,"key":"Dota2Spire:Vanguard"},{"floor":26.0,"key":"Dota2Spire:BattleFury"},{"floor":28.0,"key":"Peace Pipe"},{"floor":29.0,"key":"Dota2Spire:ShadowBlade"},{"floor":31,"key":"Dota2Spire:BladeMail"},{"floor":41,"key":"CeramicFish"},{"floor":43,"key":"Anchor"},{"floor":44,"key":"Dota2Spire:ArcaneBoots"},{"floor":46,"key":"Dota2Spire:HandOfMidas"}],"event_choices":[{"damage_healed":0.0,"max_hp_gain":0.0,"max_hp_loss":0.0,"gold_gain":0.0,"event_name":"The Cleric","player_choice":"Leave","floor":2.0,"gold_loss":0.0,"damage_taken":0.0},{"damage_healed":0.0,"max_hp_gain":0.0,"max_hp_loss":0.0,"gold_gain":0.0,"event_name":"Masked Bandits","player_choice":"Fought Bandits","floor":19.0,"gold_loss":0.0,"damage_taken":0.0}],"is_beta":false,"boss_relics":[{"not_picked":["Empty Cage","hubris:GrandSneckoEye"],"picked":"Nuclear Battery"},{"not_picked":[]},{"not_picked":["Runic Pyramid","hubris:Backtick"],"picked":"Philosopher\u0027s Stone"},{"not_picked":[]}],"items_purged_floors":[],"is_endless":true,"potions_floor_spawned":[3,7,8,12,16,19,21,28,30,31,41,46],"killed_by":"Reptomancer","ascension_level":1}}