{"host":"i58uscbei3sy5089","time":1609659710,"event":{"mods":["ATMod(°¢èªMod)","Act Like it!","Arknights The Spire","BaseMod","Challenge The Spire","Colored Powertips","Conspire","Infinite Spire","Koishi","Lobotomy","LobotomyExtend","Minty Spire (QoL Compilation)","MostiFishMod","Prisma Mod","Quick Restart","Reimu£¨²©ÀöÁéÃÎ£©","Replay The Spire","Shop Mod","Spicy Shops","StSLib","TestMod","The Alterego","The Construct","UnlockEverythingMod","[IsaacMod]ÒÔÈö¼âËþ","vexMod","¡¾¹¦ÄÜMod¡¿»ìãçÖ®»·ÐÞ¸´²¹¶¡","¡¾ÒÅÎï¿¨ÅÆ¡¿REMEMod","óô»ðÖ¸ÄÏ"],"gold_per_floor":[109,159,170,39,39,72,72,86,111,178,178,195,230,252,252,349,349,365,419,419,419,600,600,600,620,646,245,245,95,95,95],"floor_reached":30,"playtime":2607,"items_purged":["Strike_Lin:ReiMu","Decay","Defend_Lin:ReiMu+1","Overencumbered"],"score":332,"play_id":"cc244cac-0510-4de5-8c98-16d89fd64395","local_time":"20210103154150","is_ascension_mode":false,"campfire_choices":[{"data":"AT_Dispersion","floor":7,"key":"SMITH"},{"data":"Machine Learning","floor":15,"key":"SMITH"},{"data":"FantasyBorder:ReiMu","floor":23,"key":"SMITH"},{"data":"FineLineFantasy:ReiMu","floor":28,"key":"SMITH"}],"circlet_count":0,"master_deck":["Strike_Lin:ReiMu+1","Strike_Lin:ReiMu+1","Defend_Lin:ReiMu+1","Defend_Lin:ReiMu+1","Defend_Lin:ReiMu+1","NB:ReiMu+1","Stagnation:ReiMu+1","Machine Learning+1","AT_Dispersion+1","OSAHOGD","RainPray2:ReiMu+1","MHz","Free:ReiMu+1","FantasyBorder:ReiMu+1","Conquer:ReiMu+1","DependentForm:ReiMu","OctopathBindingBorder2:ReiMu","FineLineFantasy:ReiMu+1"],"relics":["FlyPower:ReiMu","testmod-TestBox","HushsDoor","DaveBox","AT_ATBox","REME_ComplimentaryCards","CogitoBucket","RabbitCall","DSteel32","testmod-TimeTraveler","SynthV:TestCard","LetterFromLob","MoneyPower","MerchantsRug","Odd Mushroom","CrazyTorch:ReiMu","OriginationStaff","testmod-ArcanaOfDestiny","REME_HandOfSuture","BranchBurnRelic"],"acts_visited":["Exordium","TheCity"],"potions_floor_usage":[],"damage_taken":[{"damage":2,"enemies":"2 Louse","floor":1,"turns":3},{"damage":23,"enemies":"Hiden Room Battle","floor":2,"turns":7},{"damage":0,"enemies":"Cultist","floor":3,"turns":4},{"damage":0,"enemies":"Gremlin Nob","floor":6,"turns":1},{"damage":0,"enemies":"Jaw Worm","floor":8,"turns":3},{"damage":0,"enemies":"Exordium Thugs","floor":12,"turns":4},{"damage":0,"enemies":"Lagavulin","floor":13,"turns":8},{"damage":0,"enemies":"The Mushroom Lair","floor":14,"turns":3},{"damage":14,"enemies":"The Guardian","floor":16,"turns":6},{"damage":5,"enemies":"2 Thieves","floor":18,"turns":4},{"damage":0,"enemies":"3 Byrds","floor":25,"turns":6}],"seed_played":"194953111559276374","potions_obtained":[{"floor":3,"key":"Regen Potion"},{"floor":8,"key":"ColorlessPotion"},{"floor":13,"key":"Block Potion"},{"floor":18,"key":"Dexterity Potion"},{"floor":25,"key":"SteroidPotion"}],"is_trial":false,"path_per_floor":["M","?","M","$","?","E","R","M","T","$","?","M","E","?","R","B",null,"M","?","?","?","$","R","?","M","T","$","R","$","M"],"character_chosen":"REIMU","items_purchased":["MerchantsRug","Conquer:ReiMu","FineLineFantasy:ReiMu","Dead Branch","REME_HandOfSuture"],"campfire_rested":0,"item_purchase_floors":[4,10,27,27,27],"current_hp_per_floor":[63,40,40,40,40,40,40,40,40,40,40,40,40,40,40,26,65,60,45,45,34,34,34,34,34,34,34,34,34,34,34],"gold":95,"neow_bonus":"","is_daily":false,"chose_seed":false,"campfire_upgraded":4,"win_rate":0.0,"timestamp":1609659710,"path_taken":["M","?","M","$","?","E","R","M","T","?","?","?","E","?","R","BOSS","M","?","?","?","$","R","?","M","T","$","R","?","?"],"items_purchased_type":["Relic","Card","Card","Relic","Relic"],"build_version":"2020-12-22","purchased_purges":4,"victory":false,"max_hp_per_floor":[65,65,65,65,65,65,65,65,65,65,65,65,65,65,65,65,65,65,65,65,70,70,70,70,70,70,70,70,70,70,70],"card_choices":[{"not_picked":[],"picked":"SuicideKing","floor":0},{"not_picked":["Mercenary","UniverseFragment","Rudolta"],"picked":"Singing Bowl","floor":1},{"not_picked":["Amulet:ReiMu","MikOfLucky:ReiMu"],"picked":"Bomb","floor":1},{"not_picked":["Scarecrow","MHz"],"picked":"OSAHOGD","floor":2},{"not_picked":["TightArray:ReiMu","SubAcupoint:ReiMu","CareerPray:ReiMu","SubcavityInstant:ReiMu"],"picked":"RainPray2:ReiMu","floor":2},{"not_picked":["Murderer","CrumblingArmor"],"picked":"MHz","floor":3},{"not_picked":["CareerPray:ReiMu","SpringWay:ReiMu","Meditation:ReiMu","FineLineFantasy:ReiMu"],"picked":"Free:ReiMu","floor":3},{"not_picked":["BigBadWolf","Variant","UniverseFragment"],"picked":"Singing Bowl","floor":6},{"not_picked":["EmergencyTakeOff:ReiMu","WonderfulDomain:ReiMu","LovePray:ReiMu","SubcavityInstant:ReiMu","TakeOff:ReiMu"],"picked":"SKIP","floor":6},{"not_picked":["MeatLantern","SpiderBud","BeautyBeast"],"picked":"Singing Bowl","floor":8},{"not_picked":["DoubleButterfly:ReiMu","SubAcupoint:ReiMu","PassingAway:ReiMu","PrepareRite:ReiMu"],"picked":"FantasyBorder:ReiMu","floor":8},{"not_picked":["BeautyBeast","QueenBee","OldLady"],"picked":"Singing Bowl","floor":12},{"not_picked":["AirManeuver:ReiMu","WonderfulDomain:ReiMu","Amulet:ReiMu","RainPray2:ReiMu","CollectionFlower2:ReiMu"],"picked":"SKIP","floor":12},{"not_picked":["FairyFestival","ShyLook","BlackSwan"],"picked":"Singing Bowl","floor":13},{"not_picked":["WonderfulDomain:ReiMu","OrbThrow:ReiMu","FineLineFantasy:ReiMu","LearningPray:ReiMu"],"picked":"Bomb","floor":13},{"not_picked":["SpiderBud","GreedKing","FairyFestival"],"picked":"Singing Bowl","floor":14},{"not_picked":["TakeOff:ReiMu","Revelation:ReiMu","ShadowOfCrow2:ReiMu","WonderfulDomain:ReiMu"],"picked":"Bomb","floor":14},{"not_picked":["FairyFestival","UniverseFragment","WallGazer"],"picked":"Singing Bowl","floor":16},{"not_picked":["SubcavityFantasy:ReiMu","RunawayExorcism:ReiMu","Determination:ReiMu","CleanRite:ReiMu"],"picked":"DependentForm:ReiMu","floor":16},{"not_picked":["VoidDream","FairyFestival","GreedKing"],"picked":"Singing Bowl","floor":18},{"not_picked":["Conquer:ReiMu","Dreaming2:ReiMu","Amulet:ReiMu","EmergencyTakeOff:ReiMu+1","AlertArray:ReiMu"],"picked":"SKIP","floor":18},{"not_picked":["UniverseFragment","QueenBee","Freischutz"],"picked":"Singing Bowl","floor":25},{"not_picked":["UniversalSpiritual:ReiMu","SubcavityInstant:ReiMu","FantasyBorder:ReiMu","PrepareRite:ReiMu"],"picked":"OctopathBindingBorder2:ReiMu","floor":25}],"player_experience":709853,"relics_obtained":[{"floor":1,"key":"SynthV:TestCard"},{"floor":1,"key":"LetterFromLob"},{"floor":2,"key":"MoneyPower"},{"floor":2,"key":"Girya"},{"floor":6,"key":"Orichalcum"},{"floor":9,"key":"AT_Kusabimaru"},{"floor":13,"key":"Void"},{"floor":14,"key":"Odd Mushroom"},{"floor":26,"key":"testmod-ArcanaOfDestiny"}],"event_choices":[{"damage_healed":0,"gold_gain":0,"player_choice":"Fight","damage_taken":0,"max_hp_gain":0,"max_hp_loss":0,"event_name":"HidenRoomEvent","floor":2,"gold_loss":0},{"cards_removed":["SuicideKing"],"damage_healed":0,"gold_gain":0,"player_choice":"Gave Card","damage_taken":0,"relics_obtained":["vexMod:MegatonBomb"],"max_hp_gain":0,"max_hp_loss":0,"event_name":"WeMeetAgain","floor":5,"gold_loss":0},{"cards_removed":["Strike_Lin:ReiMu"],"damage_healed":0,"gold_gain":0,"player_choice":"Forget","damage_taken":0,"max_hp_gain":0,"max_hp_loss":0,"event_name":"Living Wall","floor":11,"gold_loss":0},{"damage_healed":0,"gold_gain":0,"player_choice":"Fought Mushrooms","damage_taken":0,"max_hp_gain":0,"max_hp_loss":0,"event_name":"Mushrooms","floor":14,"gold_loss":0},{"damage_healed":0,"gold_gain":0,"player_choice":"Cursed","damage_taken":0,"max_hp_gain":0,"max_hp_loss":0,"event_name":"Wheel of Change","floor":20,"gold_loss":0,"cards_obtained":["Decay"]},{"damage_healed":0,"gold_gain":0,"player_choice":"Shed Blood","damage_taken":16,"max_hp_gain":5,"max_hp_loss":0,"event_name":"Forgotten Altar","floor":21,"gold_loss":0}],"is_beta":false,"boss_relics":[{"not_picked":["REME_LowDesire","vexMod:MemoryStick"],"picked":"CrazyTorch:ReiMu"},{"not_picked":[]}],"items_purged_floors":[10,22,27,29],"is_endless":false,"potions_floor_spawned":[3,8,13,18,25],"ascension_level":0}}