{"host":"82vjcvwyw2j7afb1","time":1609701099,"event":{"mods":["BaseMod","Colored Map","DeckTracker","Keyboard Shortcuts","Minty Spire (QoL Compilation)","Permanent Neow","Quick Restart","StSLib","SuperFastMode","everything is the same but u backflip on backflip"],"gold_per_floor":[116,127,5,5,24,24,42,42,121,121,155,155,181,193,193,298,298,309,326,326,326,326,326,342,342,342,375,70,83,40,56,56,156,156,169,184,194,210,224,224,224,239,239,239,258,258,258,8,8,8,8,8,8,33,33],"floor_reached":56,"playtime":2758,"items_purged":["Strike_G","Decay"],"score":1445,"play_id":"fabcfd8d-98e2-4554-9ca3-e5384007c01e","local_time":"20210104041139","is_ascension_mode":true,"campfire_choices":[{"data":"Accuracy","floor":6.0,"key":"SMITH"},{"data":"After Image","floor":8.0,"key":"SMITH"},{"floor":12.0,"key":"REST"},{"data":"Terror","floor":15.0,"key":"SMITH"},{"floor":23.0,"key":"REST"},{"data":"Burst","floor":25.0,"key":"SMITH"},{"floor":32.0,"key":"REST"},{"floor":41.0,"key":"RECALL"},{"data":"Well Laid Plans","floor":44.0,"key":"SMITH"},{"data":"Neutralize","floor":47.0,"key":"SMITH"},{"data":"Accuracy","floor":49.0,"key":"SMITH"},{"data":"Blade Dance","floor":52.0,"key":"SMITH"}],"circlet_count":0,"master_deck":["Strike_G","Strike_G","Strike_G","Strike_G","Defend_G","Defend_G+1","Defend_G","Defend_G","Defend_G","Survivor","Neutralize+1","After Image+1","Blade Dance+1","Accuracy+1","PiercingWail","Terror+1","Reflex","Burst+1","Blade Dance","Corpse Explosion+1","Dagger Throw+1","Writhe","Cloak And Dagger+1","Blur+1","Cloak And Dagger+1","Escape Plan+1","Acrobatics+1","Storm of Steel+1","Accuracy+1","Well Laid Plans+1","Writhe","Calculated Gamble+1","Parasite","Blade Dance+1","Accuracy+1","Tactician+1","After Image"],"relics":["Ring of the Snake","Potion Belt","The Courier","SlaversCollar","Pantograph","Toxic Egg 2","Calipers","Bottled Flame","War Paint","HoveringKite","Ninja Scroll","Regal Pillow","Art of War"],"acts_visited":["Exordium","TheCity","TheBeyond","TheEnding"],"potions_floor_usage":[55],"damage_taken":[{"damage":8.0,"enemies":"Small Slimes","floor":1.0,"turns":4.0},{"damage":0.0,"enemies":"2 Louse","floor":2.0,"turns":3.0},{"damage":1.0,"enemies":"Cultist","floor":5.0,"turns":4.0},{"damage":6.0,"enemies":"Exordium Wildlife","floor":7.0,"turns":4.0},{"damage":20.0,"enemies":"Gremlin Nob","floor":11.0,"turns":4.0},{"damage":0.0,"enemies":"3 Sentries","floor":13.0,"turns":8.0},{"damage":0.0,"enemies":"2 Fungi Beasts","floor":14.0,"turns":3.0},{"damage":0.0,"enemies":"The Guardian","floor":16.0,"turns":10.0},{"damage":22.0,"enemies":"Chosen","floor":18.0,"turns":5.0},{"damage":17.0,"enemies":"Spheric Guardian","floor":19.0,"turns":4.0},{"damage":7.0,"enemies":"Centurion and Healer","floor":24.0,"turns":7.0},{"damage":26.0,"enemies":"Gremlin Leader","floor":27.0,"turns":7.0},{"damage":16.0,"enemies":"Sentry and Sphere","floor":29.0,"turns":9.0},{"damage":12.0,"enemies":"Snake Plant","floor":31.0,"turns":3.0},{"damage":63.0,"enemies":"Automaton","floor":33.0,"turns":14.0},{"damage":4.0,"enemies":"Orb Walker","floor":35.0,"turns":4.0},{"damage":4.0,"enemies":"3 Shapes","floor":36.0,"turns":4.0},{"damage":1.0,"enemies":"Jaw Worm Horde","floor":37.0,"turns":4.0},{"damage":0.0,"enemies":"Transient","floor":38.0,"turns":5.0},{"damage":20.0,"enemies":"Maw","floor":39.0,"turns":7.0},{"damage":8.0,"enemies":"4 Shapes","floor":42.0,"turns":5.0},{"damage":10.0,"enemies":"Writhing Mass","floor":45.0,"turns":6.0},{"damage":61.0,"enemies":"Donu and Deca","floor":50.0,"turns":6.0},{"damage":22,"enemies":"Shield and Spear","floor":54,"turns":4},{"damage":61,"enemies":"The Heart","floor":55,"turns":6}],"seed_played":"6157953570577664206","potions_obtained":[{"floor":5.0,"key":"Fruit Juice"},{"floor":10.0,"key":"Energy Potion"},{"floor":10.0,"key":"FairyPotion"},{"floor":10.0,"key":"DistilledChaos"},{"floor":16.0,"key":"LiquidBronze"},{"floor":18.0,"key":"Weak Potion"},{"floor":24.0,"key":"SteroidPotion"},{"floor":36.0,"key":"SteroidPotion"},{"floor":37.0,"key":"CunningPotion"},{"floor":39.0,"key":"PowerPotion"},{"floor":45.0,"key":"EssenceOfSteel"},{"floor":54,"key":"Strength Potion"}],"is_trial":false,"path_per_floor":["M","M","$","?","M","R","M","R","T","?","E","R","E","M","R","B",null,"M","M","?","T","?","R","M","R","T","E","$","M","$","M","R","B",null,"M","M","M","M","M","?","R","M","T","R","M","?","R","$","R","B",null,"R","$","E","B",null],"character_chosen":"THE_SILENT","items_purchased":["PiercingWail","Blur+1","War Paint","Cloak And Dagger+1","Acrobatics+1","Regal Pillow","Accuracy","Tactician+1","Energy Potion"],"campfire_rested":3,"item_purchase_floors":[3,28,28,28,30,48,48,48,48],"current_hp_per_floor":[62,62,62,62,61,61,55,55,55,60,40,62,62,62,62,62,75,53,36,36,36,36,58,51,51,51,25,25,9,9,22,44,6,75,71,67,66,66,46,65,65,57,57,57,47,47,47,47,47,11,75,75,75,53,14],"gold":33,"neow_bonus":"ONE_RANDOM_RARE_CARD","is_daily":false,"chose_seed":false,"campfire_upgraded":8,"win_rate":0.0,"timestamp":1609701099,"path_taken":["M","M","$","?","M","R","M","R","T","?","E","R","E","M","R","BOSS","M","M","?","?","?","R","M","R","T","E","$","M","$","M","R","BOSS","M","M","M","M","M","?","R","M","T","R","M","?","R","$","R","BOSS","R","$","E","BOSS"],"items_purchased_type":["Card","Card","Relic","Card","Card","Relic","Card","Card","Potion"],"build_version":"2020-12-22","purchased_purges":2,"victory":true,"max_hp_per_floor":[70,70,70,70,70,70,70,70,70,75,75,75,75,75,75,75,75,75,75,75,75,75,75,75,75,75,75,75,75,75,75,75,75,75,75,75,75,75,75,75,75,75,75,75,75,75,75,75,75,75,75,75,75,75,75],"card_choices":[{"not_picked":["Dagger Spray","Poisoned Stab"],"picked":"Blade Dance","floor":1.0},{"not_picked":["Bane","Backflip"],"picked":"Accuracy","floor":2.0},{"not_picked":["Bane","Acrobatics"],"picked":"Terror","floor":5.0},{"not_picked":["Blade Dance","Finisher"],"picked":"Reflex","floor":7.0},{"not_picked":["PiercingWail","Acrobatics"],"picked":"Burst","floor":11.0},{"not_picked":["Caltrops","Terror","Deadly Poison"],"picked":"SKIP","floor":13.0},{"not_picked":["Reflex","Outmaneuver"],"picked":"Blade Dance","floor":14.0},{"not_picked":["Burst","Unload"],"picked":"Corpse Explosion","floor":16.0},{"not_picked":["Poisoned Stab","Bane","Slice"],"picked":"SKIP","floor":18.0},{"not_picked":["Terror","Dagger Spray"],"picked":"Dagger Throw+1","floor":19.0},{"not_picked":["Footwork","Escape Plan+1"],"picked":"Cloak And Dagger+1","floor":24.0},{"not_picked":["Flechettes","Terror+1","Bane"],"picked":"SKIP","floor":27.0},{"not_picked":["Dagger Spray","Sucker Punch"],"picked":"Escape Plan+1","floor":29.0},{"not_picked":["Deadly Poison+1","Poisoned Stab","Dagger Throw"],"picked":"SKIP","floor":31.0},{"not_picked":["Bullet Time+1","Malaise+1"],"picked":"Storm of Steel+1","floor":33.0},{"not_picked":["Flying Knee+1","Masterful Stab+1","Poisoned Stab"],"picked":"SKIP","floor":35.0},{"not_picked":["Distraction+1","Prepared+1"],"picked":"Accuracy+1","floor":36.0},{"not_picked":["Deflect+1","Quick Slash","Dagger Throw"],"picked":"SKIP","floor":37.0},{"not_picked":["Bane+1","Slice+1","Flechettes"],"picked":"SKIP","floor":38.0},{"not_picked":["Flying Knee","All Out Attack+1"],"picked":"Well Laid Plans","floor":39.0},{"not_picked":["Leg Sweep+1","Underhanded Strike"],"picked":"Calculated Gamble+1","floor":42.0},{"not_picked":["Bouncing Flask+1","Sucker Punch"],"picked":"Blade Dance+1","floor":45.0},{"not_picked":["Doppelganger+1","Eviscerate"],"picked":"After Image","floor":54}],"player_experience":62058,"relics_obtained":[{"floor":11.0,"key":"Potion Belt"},{"floor":13.0,"key":"The Courier"},{"floor":21.0,"key":"Toxic Egg 2"},{"floor":26.0,"key":"Calipers"},{"floor":27.0,"key":"Bottled Flame"},{"floor":43.0,"key":"Ninja Scroll"},{"floor":54,"key":"Art of War"}],"event_choices":[{"damage_healed":0.0,"max_hp_gain":0.0,"max_hp_loss":0.0,"gold_gain":0.0,"event_name":"Shining Light","player_choice":"Ignored","floor":4.0,"gold_loss":0.0,"damage_taken":0.0},{"damage_healed":0.0,"max_hp_gain":0.0,"max_hp_loss":0.0,"gold_gain":0.0,"event_name":"Lab","player_choice":"Got Potions","floor":10.0,"gold_loss":0.0,"damage_taken":0.0},{"damage_healed":0.0,"max_hp_gain":0.0,"max_hp_loss":0.0,"gold_gain":0.0,"event_name":"The Mausoleum","player_choice":"Opened","floor":20.0,"gold_loss":0.0,"damage_taken":0.0,"relics_obtained":["Pantograph"],"cards_obtained":["Writhe"]},{"damage_healed":0.0,"max_hp_gain":0.0,"max_hp_loss":0.0,"gold_gain":0.0,"event_name":"Forgotten Altar","player_choice":"Smashed Altar","floor":22.0,"gold_loss":0.0,"damage_taken":0.0,"cards_obtained":["Decay"]},{"damage_healed":19.0,"max_hp_gain":0.0,"max_hp_loss":0.0,"gold_gain":0.0,"event_name":"Winding Halls","player_choice":"Writhe","floor":40.0,"gold_loss":0.0,"damage_taken":0.0,"cards_obtained":["Writhe"]},{"damage_healed":0.0,"max_hp_gain":0.0,"max_hp_loss":0.0,"gold_gain":0.0,"event_name":"Tomb of Lord Red Mask","player_choice":"Ignored","floor":46.0,"gold_loss":0.0,"damage_taken":0.0}],"is_beta":false,"boss_relics":[{"not_picked":["Philosopher\u0027s Stone","Coffee Dripper"],"picked":"SlaversCollar"},{"not_picked":["Velvet Choker","Busted Crown"],"picked":"HoveringKite"}],"items_purged_floors":[3,28],"is_endless":false,"potions_floor_spawned":[5,16,18,24,36,37,39,45,54],"ascension_level":4}}