{"host":"873t0y8ybyo38pfq","time":1609687787,"event":{"mods":["BaseMod","Bestiary","Colored Map","Colored Powertips","Highlight Path","Minty Spire (QoL Compilation)","Quick Restart","RNG Fix","Rare Cards Sparkle","Relic Stats","StSLib"],"gold_per_floor":[116,116,131,19,39,39,72,92,92,121,121,140,140,154,154,225,225,241,241,241,241,256,285,285,57,83,83,112,112,146,169,169,251,251,272,272,284,333,333,333,348,348,348,348,348],"floor_reached":44,"playtime":1327,"items_purged":["Injury"],"score":958,"play_id":"398b5b00-c377-433f-b503-5b14256cef92","local_time":"20210103102947","is_ascension_mode":true,"campfire_choices":[{"data":"Doom and Gloom","floor":6,"key":"SMITH"},{"data":"Zap","floor":13,"key":"SMITH"},{"floor":15,"key":"REST"},{"data":"Reboot","floor":24,"key":"SMITH"},{"data":"Static Discharge","floor":27,"key":"SMITH"},{"data":"Darkness","floor":29,"key":"SMITH"},{"data":"Echo Form","floor":32,"key":"SMITH"},{"data":"Fission","floor":40,"key":"SMITH"},{"floor":42,"key":"REST"}],"circlet_count":0,"master_deck":["AscendersBane","Strike_B+1","Strike_B+1","Strike_B+1","Strike_B+1","Defend_B+1","Defend_B+1","Defend_B+1","Defend_B+1","Zap+1","Dualcast","Biased Cognition+1","Conserve Battery+1","Coolheaded","Doom and Gloom+1","Leap+1","Coolheaded","Compile Driver","Undo","Static Discharge+1","Reboot+1","Doom and Gloom+1","Chill","Darkness+1","Echo Form+1","Fission+1","Undo"],"relics":["Cracked Core","Akabeko","HornCleat","Tiny Chest","Philosopher\u0027s Stone","Dream Catcher","CeramicFish","Potion Belt","Whetstone","Snecko Eye","Pocketwatch","Singing Bowl"],"acts_visited":["Exordium","TheCity","TheBeyond"],"potions_floor_usage":[7,10,16,23,30,44,44],"damage_taken":[{"damage":2,"enemies":"2 Louse","floor":1,"turns":3},{"damage":1,"enemies":"Cultist","floor":3,"turns":3},{"damage":0,"enemies":"Jaw Worm","floor":5,"turns":3},{"damage":12,"enemies":"Lagavulin","floor":7,"turns":7},{"damage":5,"enemies":"Exordium Thugs","floor":8,"turns":3},{"damage":0,"enemies":"3 Sentries","floor":10,"turns":2},{"damage":0,"enemies":"Looter","floor":12,"turns":2},{"damage":0,"enemies":"Large Slime","floor":14,"turns":4},{"damage":11,"enemies":"Hexaghost","floor":16,"turns":9},{"damage":2,"enemies":"Shell Parasite","floor":18,"turns":5},{"damage":0,"enemies":"Chosen","floor":22,"turns":5},{"damage":1,"enemies":"Gremlin Leader","floor":23,"turns":4},{"damage":1,"enemies":"Snecko","floor":28,"turns":5},{"damage":3,"enemies":"Book of Stabbing","floor":30,"turns":4},{"damage":29,"enemies":"Champ","floor":33,"turns":8},{"damage":2,"enemies":"Orb Walker","floor":35,"turns":4},{"damage":10,"enemies":"3 Darklings","floor":37,"turns":3},{"damage":16,"enemies":"2 Orb Walkers","floor":38,"turns":4},{"damage":10,"enemies":"Sphere and 2 Shapes","floor":41,"turns":4},{"damage":53,"enemies":"Giant Head","floor":44,"turns":6}],"seed_played":"-3362583547858519398","potions_obtained":[{"floor":1,"key":"PotionOfCapacity"},{"floor":5,"key":"PotionOfCapacity"},{"floor":8,"key":"AttackPotion"},{"floor":14,"key":"Fire Potion"},{"floor":18,"key":"SteroidPotion"},{"floor":33,"key":"PotionOfCapacity"},{"floor":41,"key":"Fruit Juice"}],"is_trial":false,"path_per_floor":["M","?","M","$","M","R","E","M","T","E","?","M","R","M","R","B",null,"M","$","?","$","M","E","R","$","T","R","M","R","E","T","R","B",null,"M","?","M","?","?","R","M","R","T","E"],"character_chosen":"DEFECT","items_purchased":["Doom and Gloom","FocusPotion","CeramicFish"],"campfire_rested":2,"item_purchase_floors":[4,25,25],"current_hp_per_floor":[62,62,61,61,61,61,49,44,44,44,23,23,23,23,44,33,62,60,60,60,60,60,59,59,59,59,59,58,58,55,55,55,26,60,58,58,48,32,32,32,22,43,43,0,0],"gold":348,"neow_bonus":"THREE_RARE_CARDS","is_daily":false,"chose_seed":false,"campfire_upgraded":7,"win_rate":0.0,"timestamp":1609687787,"path_taken":["M","?","M","$","M","R","E","M","T","E","?","M","R","M","R","BOSS","M","?","?","$","M","E","R","$","T","R","M","R","E","?","R","BOSS","M","?","M","?","?","R","M","R","T","E"],"items_purchased_type":["Card","Potion","Relic"],"build_version":"2020-12-22","purchased_purges":1,"victory":false,"max_hp_per_floor":[71,71,71,71,71,71,71,71,71,71,71,71,71,71,71,71,71,71,71,71,71,71,71,71,71,71,71,71,71,71,71,71,71,71,71,71,71,71,71,71,71,71,71,76,76],"relic_stats":{"Dream Catcher":1,"Singing Bowl":0,"counters":[20,88],"CeramicFish":36,"Snecko Eye":[38,52,39,43],"Tiny Chest":1,"Whetstone":["Doom and Gloom","FTL"],"obtain_stats":[{"Potion Belt":30,"Dream Catcher":23,"HornCleat":9,"Singing Bowl":43,"CeramicFish":25,"Snecko Eye":34,"Tiny Chest":10,"Philosopher\u0027s Stone":17,"Whetstone":31,"Cracked Core":0,"Akabeko":7,"Pocketwatch":38},{"Potion Belt":14,"Dream Catcher":12,"HornCleat":5,"Singing Bowl":19,"CeramicFish":12,"Snecko Eye":15,"Tiny Chest":6,"Philosopher\u0027s Stone":9,"Whetstone":14,"Cracked Core":0,"Akabeko":4,"Pocketwatch":18},{"Potion Belt":59,"Dream Catcher":50,"HornCleat":19,"Singing Bowl":82,"CeramicFish":50,"Snecko Eye":67,"Tiny Chest":21,"Philosopher\u0027s Stone":36,"Whetstone":59,"Cracked Core":0,"Akabeko":16,"Pocketwatch":78}],"Pocketwatch":[0]},"card_choices":[{"not_picked":["Reboot","Multi-Cast"],"picked":"Biased Cognition","floor":0},{"not_picked":["Gash","Auto Shields"],"picked":"Conserve Battery","floor":1},{"not_picked":["Rebound","Auto Shields"],"picked":"Coolheaded","floor":3},{"not_picked":["Hologram","Stack"],"picked":"Leap","floor":5},{"not_picked":["Tempest","Hyperbeam"],"picked":"FTL","floor":7},{"not_picked":["Rebound","Gash"],"picked":"Coolheaded","floor":8},{"not_picked":["Steam Power","FTL"],"picked":"Compile Driver","floor":10},{"not_picked":["Fusion","Reprogram"],"picked":"Undo","floor":12},{"not_picked":["Leap","Sweeping Beam"],"picked":"Static Discharge","floor":14},{"not_picked":["Meteor Strike","Amplify"],"picked":"Reboot","floor":16},{"not_picked":["Ball Lightning","Rebound","Cold Snap"],"picked":"SKIP","floor":18},{"not_picked":["Beam Cell+1","Tempest"],"picked":"Doom and Gloom","floor":22},{"not_picked":["Sweeping Beam","Leap"],"picked":"Chill","floor":23},{"not_picked":["Aggregate","Streamline"],"picked":"Darkness","floor":28},{"not_picked":["Double Energy","Rebound"],"picked":"Echo Form","floor":30},{"not_picked":["Multi-Cast","All For One"],"picked":"Fission","floor":33},{"not_picked":["Gash","Static Discharge+1"],"picked":"Undo","floor":35},{"not_picked":["Stack","Leap","Compile Driver"],"picked":"SKIP","floor":37},{"not_picked":["Coolheaded","Auto Shields","Chaos"],"picked":"SKIP","floor":41}],"player_experience":1488712,"relics_obtained":[{"floor":7,"key":"Akabeko"},{"floor":9,"key":"HornCleat"},{"floor":10,"key":"Tiny Chest"},{"floor":23,"key":"Dream Catcher"},{"floor":30,"key":"Potion Belt"},{"floor":31,"key":"Whetstone"},{"floor":38,"key":"Pocketwatch"},{"floor":43,"key":"Singing Bowl"}],"event_choices":[{"damage_healed":0,"gold_gain":0,"player_choice":"Forge","damage_taken":0,"max_hp_gain":0,"max_hp_loss":0,"event_name":"Accursed Blacksmith","floor":2,"gold_loss":0,"cards_upgraded":["Biased Cognition"]},{"damage_healed":0,"gold_gain":0,"player_choice":"Entered Light","damage_taken":21,"max_hp_gain":0,"max_hp_loss":0,"event_name":"Shining Light","floor":11,"gold_loss":0,"cards_upgraded":["Leap","Conserve Battery"]},{"damage_healed":0,"gold_gain":0,"player_choice":"Simplicity","damage_taken":0,"max_hp_gain":0,"max_hp_loss":0,"event_name":"Back to Basics","floor":20,"gold_loss":0,"cards_upgraded":["Strike_B","Strike_B","Strike_B","Strike_B","Defend_B","Defend_B","Defend_B","Defend_B"]},{"damage_healed":0,"gold_gain":0,"player_choice":"Ignored","damage_taken":0,"max_hp_gain":0,"max_hp_loss":0,"event_name":"Tomb of Lord Red Mask","floor":36,"gold_loss":0},{"damage_healed":0,"gold_gain":0,"player_choice":"Fight","damage_taken":0,"max_hp_gain":0,"max_hp_loss":0,"event_name":"Mysterious Sphere","floor":38,"gold_loss":0},{"cards_removed":["FTL"],"damage_healed":0,"gold_gain":0,"player_choice":"Removed Attack","damage_taken":0,"max_hp_gain":0,"max_hp_loss":0,"event_name":"Falling","floor":39,"gold_loss":0}],"is_beta":false,"boss_relics":[{"not_picked":["Ectoplasm","FrozenCore"],"picked":"Philosopher\u0027s Stone"},{"not_picked":["Calling Bell","SlaversCollar"],"picked":"Snecko Eye"}],"items_purged_floors":[4],"is_endless":false,"potions_floor_spawned":[1,5,8,14,18,28,33,41],"killed_by":"Giant Head","ascension_level":20}}