{"host":"64h6jdpsiwrne03s","time":1609659709,"event":{"mods":["Act Like it!","BaseMod","Bestiary","Colored Powertips","Gensokyo","Marisa£®ÏF”Í°°ƒß¿Ì…≥£©","Minty Spire (QoL Compilation)","Reimu£®≤©¿ˆ¡È√Œ£©","Remilia£®¿Ÿ√◊¿Ú—«£©","RumiaBox-¬∂√◊Ê´µƒ…Ò√ÿ∫–◊”","StSLib","The Servant 0.9.4","Youmu£®ªÍ∆«—˝√Œ£©"],"gold_per_floor":[117,32,44,44,144,171,171,197,197,197,197,197],"floor_reached":11,"playtime":723,"items_purged":[],"score":120,"play_id":"9ef40191-7166-47c8-90bc-526d349dda7f","local_time":"20210103154149","is_ascension_mode":true,"campfire_choices":[{"data":"Free:ReiMu","floor":10,"key":"SMITH"}],"circlet_count":0,"master_deck":["AscendersBane","Strike_Lin:ReiMu","Strike_Lin:ReiMu","Strike_Lin:ReiMu","Strike_Lin:ReiMu","Defend_Lin:ReiMu","Defend_Lin:ReiMu","Defend_Lin:ReiMu","Defend_Lin:ReiMu","NB:ReiMu","Stagnation:ReiMu","YinYang:ReiMu","FoulBorder2:ReiMu","Gensokyo:DepletedGenerator","Free:ReiMu+1","KyokaiOfKami:ReiMu"],"relics":["FlyPower:ReiMu","Happy Flower","MagicDraw1","Strawberry","RuthlessExorcism:ReiMu","CrazyTorch:ReiMu"],"acts_visited":["Gensokyo:Gensokyo"],"potions_floor_usage":[6],"damage_taken":[{"damage":2,"enemies":"Gensokyo:Python","floor":1,"turns":5},{"damage":6,"enemies":"Gensokyo:Gryphon","floor":3,"turns":6},{"damage":10,"enemies":"Gensokyo:Aya","floor":6,"turns":9},{"damage":3,"enemies":"Gensokyo:Mamizou","floor":8,"turns":11},{"damage":8,"enemies":"Gensokyo:Cirno","floor":11,"turns":6}],"seed_played":"6777826437119527050","potions_obtained":[{"floor":1,"key":"Energy Potion"},{"floor":8,"key":"ZuzhouPotion:ReiMu"}],"is_trial":false,"path_per_floor":["M","COS","M","?","?","E","?","E","T","R","E"],"character_chosen":"REIMU","items_purchased":[],"campfire_rested":0,"item_purchase_floors":[],"current_hp_per_floor":[37,37,31,31,31,21,18,15,15,15,7,7],"gold":197,"neow_bonus":"THREE_RARE_CARDS","is_daily":false,"chose_seed":false,"campfire_upgraded":1,"win_rate":0.0,"timestamp":1609659709,"path_taken":["M","COS","M","?","?","E","?","E","T","R","E"],"items_purchased_type":[],"build_version":"2020-12-22","purchased_purges":0,"victory":false,"max_hp_per_floor":[60,60,60,60,60,60,67,67,67,67,67,67],"card_choices":[{"not_picked":["CleanRite:ReiMu","KamiRite:ReiMu"],"picked":"YinYang:ReiMu","floor":0},{"not_picked":["SubcavityInstant:ReiMu","CareerPray:ReiMu"],"picked":"FoulBorder2:ReiMu","floor":1},{"not_picked":["UniversalSpiritual:ReiMu","OrbThrow:ReiMu","PassingAway:ReiMu"],"picked":"SKIP","floor":3},{"not_picked":["Amulet:ReiMu","Meditation:ReiMu"],"picked":"Free:ReiMu","floor":6},{"not_picked":["PrepareRite:ReiMu","Amulet:ReiMu"],"picked":"KyokaiOfKami:ReiMu","floor":8}],"player_experience":370128,"relics_obtained":[{"floor":6,"key":"MagicDraw1"},{"floor":8,"key":"RuthlessExorcism:ReiMu"},{"floor":9,"key":"CrazyTorch:ReiMu"}],"event_choices":[],"is_beta":false,"boss_relics":[],"items_purged_floors":[],"is_endless":false,"potions_floor_spawned":[1,8],"killed_by":"Gensokyo:Cirno","ascension_level":14}}