{"host":"emut9mh212kd9b86","time":1609677024,"event":{"mods":["ATMod(°¢èªMod)","Act Like it!","BaseMod","Better Vampires","Gensokyo","Koishi","KomeijiMod","Minty Spire (QoL Compilation)","MostiFishMod","Shop Mod","Spicy Shops","StSLib","TestMod","Waifu the Spire","noobMod","¡¾ÒÅÎï¿¨ÅÆ¡¿REMEMod"],"gold_per_floor":[180,195,29,44,61,342,342,342,342,359,390,115,141,158,158,257,257,267,104,104,116,164,189,189,75,75,87,265,290,362,384,396,503,515,544,556,100,126,153,346,358,390,428,469,481,518,530,557,579,591],"floor_reached":51,"playtime":2266,"items_purged":["Strike_Remiria","Strike_Remiria","Shame"],"score":1756,"play_id":"a61a3df4-7df9-477c-970e-f2009a0f3273","local_time":"20210103203024","is_ascension_mode":true,"campfire_choices":[{"data":"Absorbed","floor":7,"key":"SMITH"},{"data":"Scratch","floor":15,"key":"SMITH"},{"data":"AT_ChampionStep","floor":32,"key":"SMITH"}],"circlet_count":0,"master_deck":["Strike_Remiria+1","Strike_Remiria+1","Defend_Remirira+1","Defend_Remirira+1","Defend_Remirira+1","Defend_Remirira+1","Absorbed+1","Scratch+1","AT_ChampionStep+1","RocketKickup+1","RocketKickup+1"],"relics":["ThirstyCrossSpe","testmod-TestBox","ice","DaveBox","AT_ATBox","REME_ComplimentaryCards","testmod-ObsoleteBoomerang","GuanYuAspect","BionicSphere","SynthV:TestCard","Dodecahedron","testmod-Antiphasic","Gensokyo:OccultBall","AT_BellDemon","AT_ImmortalShieldbow","Toy Ornithopter","Mummified Hand","MerchantsRug","Bronze Scales","Lantern","FossilizedHelix","testmod-PortableAltar","testmod-LifeArmor","Molten Egg 2","Bag of Marbles","Chemical X","MawBank","AT_EbonyIvory","Whetstone","Civilization","Potion Belt","Meat on the Bone","War Paint","REME_PuzzleBoxRelic","Matryoshka","ShadowXiaoBlade","Regal Pillow","Medical Kit","BirthdayGift-Icosahedron","AT_SunfireAegis","Blue Candle","Dream Catcher","Eternal Feather","SynthV:C4","AT_BladeRuinedKing","Art of War","AT_ArchangelStaff","testmod-ConstraintPeriapt","REME_HandOfSuture","Akabeko","testmod-ArcanaOfDestiny","CombinedTypeHook","AT_RedNoBalance","Gensokyo:DualWield","AT_Kusabimaru","AT_ChloranthyRing","White Beast Statue"],"acts_visited":["Exordium","Gensokyo:Gensokyo","Gensokyo:Gensokyoer"],"potions_floor_usage":[30],"damage_taken":[{"damage":0,"enemies":"Gensokyo:3_Fairies","floor":1,"turns":3},{"damage":0,"enemies":"Gensokyo:Gryphon","floor":2,"turns":3},{"damage":0,"enemies":"Gensokyo:Python","floor":4,"turns":2},{"damage":0,"enemies":"Gensokyo:3_Kodama","floor":5,"turns":4},{"damage":0,"enemies":"Gensokyo:Mamizou","floor":6,"turns":5},{"damage":0,"enemies":"Gensokyo:Kitsune","floor":10,"turns":2},{"damage":0,"enemies":"Gensokyo:Aya","floor":11,"turns":3},{"damage":0,"enemies":"Gensokyo:Mamizou","floor":13,"turns":6},{"damage":0,"enemies":"Gensokyo:Gryphon_and_Rabbit","floor":14,"turns":3},{"damage":86,"enemies":"Gensokyo:Kokoro","floor":16,"turns":14},{"damage":12,"enemies":"Gensokyo:3_Dogs","floor":18,"turns":4},{"damage":3,"enemies":"Gensokyo:AngelMirror","floor":21,"turns":4},{"damage":3,"enemies":"Gensokyo:Tenshi","floor":23,"turns":4},{"damage":1,"enemies":"Gensokyo:3_Gloops","floor":28,"turns":4},{"damage":0,"enemies":"Gensokyo:Wraith","floor":29,"turns":3},{"damage":1,"enemies":"Gensokyo:Koishi","floor":30,"turns":4},{"damage":1,"enemies":"Gensokyo:Monolith_and_Dog","floor":31,"turns":3},{"damage":7,"enemies":"Gensokyo:Eternal_Rivals","floor":33,"turns":6},{"damage":0,"enemies":"Gensokyo:AncientGuardian","floor":35,"turns":2},{"damage":0,"enemies":"Gensokyo:3_Boulders","floor":38,"turns":1},{"damage":0,"enemies":"Gensokyo:4_Bats","floor":39,"turns":2},{"damage":0,"enemies":"Gensokyo:Marisa","floor":40,"turns":1},{"damage":0,"enemies":"Gensokyo:Sharpion","floor":42,"turns":1},{"damage":0,"enemies":"Gensokyo:Kasen","floor":44,"turns":1},{"damage":0,"enemies":"Gensokyo:Marisa","floor":46,"turns":1},{"damage":0,"enemies":"Gensokyo:Rafflesia","floor":48,"turns":1},{"damage":0,"enemies":"Gensokyo:Rafflesia","floor":49,"turns":1},{"damage":0,"enemies":"Gensokyo:Scarlet_Devils","floor":50,"turns":1}],"seed_played":"-4193720584196623312","potions_obtained":[{"floor":1,"key":"CalmPotion"},{"floor":5,"key":"DistilledChaos"},{"floor":11,"key":"SkillPotion"},{"floor":14,"key":"Energy Potion"},{"floor":18,"key":"Fire Potion"},{"floor":23,"key":"AttackPotion"},{"floor":29,"key":"REME_GoldPotion"},{"floor":38,"key":"testmod-EscapePotion"},{"floor":39,"key":"LiquidMemories"},{"floor":42,"key":"Dexterity Potion"},{"floor":46,"key":"Block Potion"},{"floor":49,"key":"Swift Potion"}],"is_trial":false,"path_per_floor":["M","M","COS","M","M","E","R","?","T","M","E","$","E","M","R","B",null,"M","COS","?","M","$","E","?","$","T","$","M","M","E","M","R","B",null,"M","?","COS","M","M","E","?","M","T","E","T","E","?","M","R","B",null],"character_chosen":"RemiriaScarlet","items_purchased":["MerchantsRug","Chemical X"],"campfire_rested":0,"item_purchase_floors":[12,25],"current_hp_per_floor":[50,50,50,50,50,50,50,50,50,50,50,50,55,60,60,67,68,79,78,77,79,78,81,80,79,78,77,78,83,86,90,90,95,96,100,85,85,104,117,131,131,144,144,160,160,174,174,121,146,181],"gold":603,"neow_bonus":"ONE_RARE_RELIC","is_daily":false,"chose_seed":false,"campfire_upgraded":3,"win_rate":0.0,"timestamp":1609677024,"path_taken":["M","M","COS","M","M","E","R","?","T","M","E","?","E","M","R","BOSS","M","COS","?","M","$","E","?","$","T","?","M","?","E","M","R","BOSS","M","?","COS","?","M","E","?","M","T","E","?","E","?","M","R","BOSS"],"items_purchased_type":["Relic","Relic"],"build_version":"2020-12-22","purchased_purges":3,"victory":true,"max_hp_per_floor":[50,50,50,50,50,50,50,50,50,50,50,50,60,60,60,70,70,79,78,77,79,78,81,80,79,78,77,78,83,87,92,91,98,97,103,102,101,110,123,137,136,151,150,168,167,186,185,205,226,248],"card_choices":[{"not_picked":["BloodCleaner","BodyStrengthen","Tearing"],"picked":"SKIP","floor":1},{"not_picked":["FastHealing","LifeBreak","TricksterDevil","StigmaNizer","Impregnable"],"picked":"SKIP","floor":2},{"not_picked":["DemonsDinnerFork_Remiria","Warpath","FateCollect","PainBurst","Feint"],"picked":"SKIP","floor":4},{"not_picked":["BloodCleaner","CurseofVladTepes","RocketKickup","BloodCollect","DamonLordCradle_Remiria"],"picked":"SKIP","floor":5},{"not_picked":["NaturallyHealing","PartStrengthen","HeartBreak_Remiria","DoubleEdge","Coercion"],"picked":"SKIP","floor":6},{"not_picked":["YoungDemonLord","BloodyMagicSquare","ServantFlier","BloodCleaner","Warpath"],"picked":"SKIP","floor":10},{"not_picked":["ServantFlier","Paradox","FastHealing","SealingFear","StigmaNizer"],"picked":"SKIP","floor":11},{"not_picked":["BadLadyScramble","FateCollect","ScarletNetherworld","TricksterDevil","FateMeister"],"picked":"SKIP","floor":13},{"not_picked":["Offensive","StigmaNizer","TricksterDevil","BodyStrengthen","FastHealing"],"picked":"SKIP","floor":14},{"not_picked":["FateEnsemble","DoubleEdge","BodyStrengthen","FastHealing","RocketKickup"],"picked":"SKIP","floor":18},{"not_picked":["ServantFlier","StigmaNizer+1","HeartBreak_Remiria+1","BloodPact","RocketKickup+1"],"picked":"SKIP","floor":21},{"not_picked":["VampireClaw+1","BloodySuit+1","Cripple+1","Tepes+1","BodyStrengthen"],"picked":"SKIP","floor":23},{"not_picked":["ServantFlier","FierceSweep+1","BloodCleaner+1","VampirishNight+1","BloodySuit"],"picked":"SKIP","floor":28},{"not_picked":["BodyStrengthen","FateMeister+1","DoubleEdge+1","FierceSweep+1","YoungDemonLord"],"picked":"SKIP","floor":29},{"not_picked":["BloodSurge+1","RemiliaStalker","PainBurst+1","CruelSlaughter+1"],"picked":"RocketKickup+1","floor":30},{"not_picked":["TricksterDevil+1","NightDance+1","Feint+1","Cripple+1"],"picked":"RocketKickup+1","floor":31},{"not_picked":["ScarletNetherworld+1","FastHealing","Cripple+1","CruelSlaughter+1","Impregnable"],"picked":"SKIP","floor":35},{"not_picked":["ThePrice+1","DamonLordCradle_Remiria+1","Paradox","BloodSurge+1","FastHealing+1"],"picked":"SKIP","floor":38},{"not_picked":["DoubleEdge+1","LifeBreak+1","BloodCleaner+1","DemonsDinnerFork_Remiria","BloodySuit+1"],"picked":"SKIP","floor":39},{"not_picked":["RocketKickup+1","StarOfDavid","ServantFlier","TricksterDevil","CombatMeter"],"picked":"SKIP","floor":40},{"not_picked":["BloodyMagicSquare+1","StigmaNizer+1","BloodySuit","Warpath+1","TricksterDevil"],"picked":"SKIP","floor":42},{"not_picked":["CurseofVladTepes+1","BloodySuit","VampireKiss_Remiria+1","DamonLordCradle_Remiria+1","TricksterDevil"],"picked":"SKIP","floor":44},{"not_picked":["DemonLordWalk+1","VampireKiss_Remiria+1","FateEnsemble","ScarletNetherworld","TrickFate+1"],"picked":"SKIP","floor":46},{"not_picked":["Cripple+1","BloodySuit+1","Tepes+1","DamonLordCradle_Remiria+1","SeparateFleshBlood+1"],"picked":"SKIP","floor":48},{"not_picked":["Warpath","TricksterDevil","Feint+1","BloodySuit","Impregnable+1"],"picked":"SKIP","floor":49}],"player_experience":387217,"relics_obtained":[{"floor":1,"key":"SynthV:TestCard"},{"floor":6,"key":"testmod-Antiphasic"},{"floor":9,"key":"AT_BellDemon"},{"floor":10,"key":"AT_ImmortalShieldbow"},{"floor":11,"key":"Toy Ornithopter"},{"floor":11,"key":"Mummified Hand"},{"floor":13,"key":"Bronze Scales"},{"floor":13,"key":"Pear"},{"floor":14,"key":"Lantern"},{"floor":16,"key":"FossilizedHelix"},{"floor":16,"key":"Gensokyo:OccultBall"},{"floor":18,"key":"testmod-LifeArmor"},{"floor":21,"key":"Molten Egg 2"},{"floor":21,"key":"Gensokyo:OccultBall"},{"floor":23,"key":"testmod-CrystalShield"},{"floor":23,"key":"Bag of Marbles"},{"floor":26,"key":"MawBank"},{"floor":28,"key":"Whetstone"},{"floor":29,"key":"Potion Belt"},{"floor":30,"key":"Meat on the Bone"},{"floor":30,"key":"Gensokyo:OccultBall"},{"floor":30,"key":"War Paint"},{"floor":31,"key":"REME_PuzzleBoxRelic"},{"floor":33,"key":"Matryoshka"},{"floor":33,"key":"Gensokyo:OccultBall"},{"floor":35,"key":"Gensokyo:OccultBall"},{"floor":35,"key":"Regal Pillow"},{"floor":38,"key":"AT_SunfireAegis"},{"floor":39,"key":"Blue Candle"},{"floor":40,"key":"Eternal Feather"},{"floor":40,"key":"SynthV:C4"},{"floor":42,"key":"AT_BladeRuinedKing"},{"floor":43,"key":"Art of War"},{"floor":43,"key":"AT_ArchangelStaff"},{"floor":44,"key":"testmod-ConstraintPeriapt"},{"floor":44,"key":"Gensokyo:OccultBall"},{"floor":44,"key":"REME_HandOfSuture"},{"floor":45,"key":"Akabeko"},{"floor":45,"key":"testmod-ArcanaOfDestiny"},{"floor":46,"key":"CombinedTypeHook"},{"floor":46,"key":"AT_SilverBalance"},{"floor":48,"key":"AT_ChloranthyRing"},{"floor":49,"key":"Gensokyo:OccultBall"},{"floor":49,"key":"White Beast Statue"}],"event_choices":[],"is_beta":false,"boss_relics":[{"not_picked":["Pandora\u0027s Box","testmod-DreamHouse"],"picked":"testmod-PortableAltar"},{"not_picked":["JellyFishMachine","testmod-StringDisintegrator"],"picked":"ShadowXiaoBlade"}],"items_purged_floors":[12,12,25],"is_endless":false,"potions_floor_spawned":[1,5,11,14,18,23,29,38,39,42,46,49],"ascension_level":10}}