{"host":"x52zk6e1f2bye2h7","time":1609675058,"event":{"mods":["AchievementEnabler","BaseMod","Highlight Path","Minty Spire (QoL Compilation)","everything is the same but u backflip on backflip"],"gold_per_floor":[114,129,79,179,179,209,224,239,239,239,254,269,284,299,299,399,399,414,414,429,179,179,209,209,59,84,84,99,114,129,144,144,244,294,309,309,324,339,304,304,304,304],"floor_reached":41,"playtime":3066,"items_purged":[],"score":544,"play_id":"cbf7cc93-b96b-481d-a01e-323c1aec158c","local_time":"20210103115738","daily_mods":["Allstar","Hoarder","Terminal"],"is_ascension_mode":false,"campfire_choices":[{"data":"The Bomb","floor":10,"key":"SMITH"},{"data":"The Bomb","floor":15,"key":"SMITH"},{"data":"Armaments","floor":24,"key":"SMITH"},{"data":"Armaments","floor":27,"key":"SMITH"},{"data":"Armaments","floor":32,"key":"SMITH"},{"data":"Thinking Ahead","floor":40,"key":"SMITH"}],"circlet_count":0,"master_deck":["Strike_R","Defend_R","Defend_R","Defend_R","Defend_R","Bash+1","Thinking Ahead+1","Thinking Ahead","Thinking Ahead","The Bomb+1","The Bomb+1","The Bomb","PanicButton","PanicButton","PanicButton","Secret Weapon","Secret Weapon","Secret Weapon","Good Instincts","Good Instincts","Good Instincts","Burning Pact","Burning Pact","Burning Pact","Flame Barrier","Flame Barrier","Flame Barrier","Berserk","Berserk","Berserk","Body Slam","Body Slam","Body Slam","Sentinel","Sentinel","Sentinel","Metallicize+1","Metallicize+1","Metallicize+1","Armaments+1","Armaments+1","Armaments+1","Feed","Feed","Feed","Battle Trance","Battle Trance","Battle Trance","Body Slam","Body Slam","Body Slam","Metallicize","Metallicize","Metallicize"],"relics":["Burning Blood","Thread and Needle","Anchor","Busted Crown","Pear","Kunai","Membership Card","Omamori","Tiny House"],"acts_visited":["Exordium","TheCity","TheBeyond"],"potions_floor_usage":[16,16,23,33,35,38],"damage_taken":[{"damage":0,"enemies":"Small Slimes","floor":1,"turns":3},{"damage":0,"enemies":"2 Louse","floor":2,"turns":3},{"damage":1,"enemies":"3 Sentries","floor":6,"turns":3},{"damage":0,"enemies":"Cultist","floor":7,"turns":3},{"damage":20,"enemies":"Gremlin Gang","floor":8,"turns":4},{"damage":0,"enemies":"2 Fungi Beasts","floor":11,"turns":4},{"damage":0,"enemies":"Exordium Wildlife","floor":12,"turns":3},{"damage":0,"enemies":"3 Louse","floor":13,"turns":3},{"damage":0,"enemies":"Red Slaver","floor":14,"turns":4},{"damage":26,"enemies":"Hexaghost","floor":16,"turns":10},{"damage":0,"enemies":"3 Byrds","floor":18,"turns":3},{"damage":8,"enemies":"Spheric Guardian","floor":20,"turns":4},{"damage":0,"enemies":"Slavers","floor":23,"turns":4},{"damage":3,"enemies":"Shelled Parasite and Fungi","floor":28,"turns":5},{"damage":0,"enemies":"3 Cultists","floor":29,"turns":5},{"damage":5,"enemies":"Snecko","floor":30,"turns":7},{"damage":0,"enemies":"Chosen and Byrds","floor":31,"turns":4},{"damage":52,"enemies":"Collector","floor":33,"turns":12},{"damage":5,"enemies":"3 Shapes","floor":35,"turns":5},{"damage":12,"enemies":"Orb Walker","floor":37,"turns":5},{"damage":13,"enemies":"Spire Growth","floor":38,"turns":6},{"damage":59,"enemies":"Sphere and 2 Shapes","floor":41,"turns":5}],"seed_played":"4251252283042701915","potions_obtained":[{"floor":1,"key":"GamblersBrew"},{"floor":6,"key":"DistilledChaos"},{"floor":7,"key":"SkillPotion"},{"floor":12,"key":"Explosive Potion"},{"floor":16,"key":"Strength Potion"},{"floor":18,"key":"AttackPotion"},{"floor":29,"key":"Ancient Potion"},{"floor":30,"key":"ElixirPotion"},{"floor":34,"key":"ColorlessPotion"},{"floor":35,"key":"Block Potion"}],"is_trial":false,"path_per_floor":["M","M","?","?","$","E","M","M","T","R","M","M","M","M","R","B",null,"M","?","M","$","?","E","R","$","T","R","M","M","M","M","R","B",null,"M","?","M","M","$","R","M"],"character_chosen":"IRONCLAD","items_purchased":["Pear","Membership Card","Metallicize"],"campfire_rested":0,"item_purchase_floors":[21,25,39],"current_hp_per_floor":[78,77,76,75,74,73,72,58,58,58,64,67,66,65,64,44,62,61,60,58,68,67,66,65,64,63,62,61,60,59,58,57,11,60,62,61,58,55,55,55,0,0],"gold":304,"neow_bonus":"","is_daily":true,"chose_seed":false,"campfire_upgraded":6,"win_rate":0.0,"timestamp":1609675058,"path_taken":["M","M","?","?","$","E","M","?","T","R","?","M","M","M","R","BOSS","M","?","M","$","?","E","R","?","T","R","M","M","M","M","R","BOSS","M","?","M","?","$","R","M"],"items_purchased_type":["Relic","Relic","Card"],"build_version":"2020-12-22","purchased_purges":0,"victory":false,"max_hp_per_floor":[78,77,76,75,74,73,72,71,70,69,68,67,66,65,64,63,62,61,60,59,68,67,66,65,64,63,62,61,60,59,58,57,56,60,62,61,63,66,65,64,67,67],"card_choices":[{"not_picked":["Hemokinesis","Iron Wave","Twin Strike"],"picked":"SKIP","floor":1},{"not_picked":["Armaments","Perfected Strike","Anger"],"picked":"SKIP","floor":2},{"not_picked":["Clothesline","Rage"],"picked":"Burning Pact","floor":6},{"not_picked":["Clash","Perfected Strike","Warcry"],"picked":"SKIP","floor":7},{"not_picked":["Flex","Wild Strike","Cleave"],"picked":"SKIP","floor":8},{"not_picked":["Twin Strike","Pommel Strike"],"picked":"Flame Barrier","floor":11},{"not_picked":["Havoc","Sever Soul","Whirlwind"],"picked":"SKIP","floor":12},{"not_picked":["Warcry","Sword Boomerang","Rupture"],"picked":"SKIP","floor":13},{"not_picked":["Corruption","Burning Pact","True Grit"],"picked":"SKIP","floor":14},{"not_picked":["Brutality","Limit Break"],"picked":"Berserk","floor":16},{"not_picked":["Wild Strike"],"picked":"SKIP","floor":18},{"not_picked":[],"picked":"Metallicize+1","floor":20},{"not_picked":["Power Through"],"picked":"SKIP","floor":23},{"not_picked":["Headbutt"],"picked":"SKIP","floor":28},{"not_picked":["Intimidate"],"picked":"SKIP","floor":29},{"not_picked":["Clash+1"],"picked":"SKIP","floor":30},{"not_picked":["Heavy Blade"],"picked":"SKIP","floor":31},{"not_picked":[],"picked":"Feed","floor":33},{"not_picked":[],"picked":"Battle Trance","floor":35},{"not_picked":["Wild Strike"],"picked":"SKIP","floor":37},{"not_picked":["Wild Strike+1"],"picked":"SKIP","floor":38}],"player_experience":54693,"relics_obtained":[{"floor":6,"key":"Thread and Needle"},{"floor":9,"key":"Anchor"},{"floor":23,"key":"Kunai"},{"floor":26,"key":"Omamori"}],"event_choices":[{"cards_removed":["Strike_R"],"damage_healed":0,"gold_gain":0,"player_choice":"Card Removal","damage_taken":0,"max_hp_gain":0,"max_hp_loss":0,"event_name":"The Cleric","floor":3,"gold_loss":50},{"damage_healed":0,"gold_gain":100,"player_choice":"Pray","damage_taken":0,"max_hp_gain":0,"max_hp_loss":0,"event_name":"Golden Shrine","floor":4,"gold_loss":0},{"damage_healed":0,"gold_gain":0,"cards_transformed":["Strike_R","Strike_R"],"player_choice":"Became Test Subject","damage_taken":0,"max_hp_gain":0,"max_hp_loss":0,"event_name":"Drug Dealer","floor":19,"gold_loss":0,"cards_obtained":["Body Slam","Sentinel"]},{"damage_healed":0,"gold_gain":0,"player_choice":"Read","damage_taken":0,"max_hp_gain":0,"max_hp_loss":0,"event_name":"The Library","floor":22,"gold_loss":0,"cards_obtained":["Armaments"]},{"damage_healed":0,"gold_gain":0,"cards_transformed":["Strike_R"],"player_choice":"Transformed","damage_taken":0,"max_hp_gain":0,"max_hp_loss":0,"event_name":"Transmorgrifier","floor":36,"gold_loss":0,"cards_obtained":["Body Slam"]}],"is_beta":false,"boss_relics":[{"not_picked":["Fusion Hammer","SacredBark"],"picked":"Busted Crown"},{"not_picked":["Sozu","Black Star"],"picked":"Tiny House"}],"items_purged_floors":[],"is_endless":false,"potions_floor_spawned":[1,6,7,12,16,18,29,30,31,35],"killed_by":"Sphere and 2 Shapes","ascension_level":0}}