{"host":"xz7n3qy1zq36rzpg","time":1609668246,"event":{"mods":["BaseMod","Colored Map","Colored Powertips","Highlight Path","Minty Spire (QoL Compilation)","Quick Restart","Shop Mod"],"gold_per_floor":[118,38,38,38,38,78,78,112,112,87,106,150,150,174,174,305,305,325,285,310,16,16,16,16],"floor_reached":23,"playtime":625,"items_purged":["Strike_G"],"score":293,"play_id":"cd407d4a-09bd-400e-901b-3b7ed8299fbc","local_time":"20210103110406","is_ascension_mode":true,"campfire_choices":[{"data":"A Thousand Cuts","floor":7,"key":"SMITH"},{"floor":15,"key":"REST"}],"circlet_count":0,"master_deck":["Strike_G","Strike_G","Strike_G","Defend_G","Defend_G","Defend_G","Survivor","Neutralize","Deflect+1","A Thousand Cuts+1","Backstab+1","Cloak And Dagger","Choke","Dodge and Roll","Noxious Fumes+1","Die Die Die","Poisoned Stab","Flying Knee","Infinite Blades"],"relics":["Ring of the Snake","NeowsBlessing","Golden Idol","Calipers","Darkstone Periapt","Ancient Tea Set","Empty Cage","ClockworkSouvenir"],"acts_visited":["Exordium","TheCity"],"potions_floor_usage":[16,16],"damage_taken":[{"damage":0,"enemies":"Cultist","floor":1,"turns":1},{"damage":0,"enemies":"Lagavulin","floor":6,"turns":1},{"damage":0,"enemies":"Gremlin Nob","floor":8,"turns":1},{"damage":0,"enemies":"Jaw Worm","floor":11,"turns":3},{"damage":23,"enemies":"Lagavulin","floor":12,"turns":7},{"damage":1,"enemies":"2 Louse","floor":14,"turns":2},{"damage":21,"enemies":"Hexaghost","floor":16,"turns":11},{"damage":27,"enemies":"Shell Parasite","floor":18,"turns":7},{"damage":11,"enemies":"Chosen","floor":20,"turns":5},{"damage":33,"enemies":"Book of Stabbing","floor":23,"turns":4}],"seed_played":"8098038252740050067","potions_obtained":[{"floor":8,"key":"Block Potion"},{"floor":11,"key":"BlessingOfTheForge"},{"floor":12,"key":"EssenceOfSteel"},{"floor":18,"key":"SmokeBomb"},{"floor":20,"key":"Energy Potion"}],"is_trial":false,"path_per_floor":["M","$","?","?","?","E","R","E","T","?","M","E","?","M","R","B",null,"M","?","M","$","?","E"],"character_chosen":"THE_SILENT","items_purchased":["A Thousand Cuts","Infinite Blades","ClockworkSouvenir"],"campfire_rested":1,"item_purchase_floors":[2,21,21],"current_hp_per_floor":[70,70,70,53,53,53,53,53,53,53,53,30,30,29,50,29,70,43,43,32,32,32,0,0],"gold":16,"neow_bonus":"THREE_ENEMY_KILL","is_daily":false,"chose_seed":false,"campfire_upgraded":1,"win_rate":0.0,"timestamp":1609668246,"path_taken":["M","$","?","?","?","E","R","E","T","?","M","E","?","M","R","BOSS","M","?","?","$","?","E"],"items_purchased_type":["Card","Card","Relic"],"build_version":"2020-12-22","purchased_purges":1,"victory":false,"max_hp_per_floor":[70,70,70,70,70,70,70,70,70,70,70,70,70,70,70,70,70,70,70,70,70,70,70,70],"card_choices":[{"not_picked":["Deadly Poison","PiercingWail"],"picked":"Deflect","floor":1},{"not_picked":["Reflex","Deadly Poison"],"picked":"Backstab","floor":6},{"not_picked":["Flechettes","Deadly Poison"],"picked":"Cloak And Dagger","floor":8},{"not_picked":["Malaise","Finisher"],"picked":"Choke","floor":11},{"not_picked":["Dagger Throw","Skewer"],"picked":"Dodge and Roll","floor":12},{"not_picked":["Crippling Poison","Dagger Throw"],"picked":"Noxious Fumes","floor":14},{"not_picked":["Venomology","Malaise"],"picked":"Die Die Die","floor":16},{"not_picked":["Dagger Spray","Cloak And Dagger"],"picked":"Poisoned Stab","floor":18},{"not_picked":["Outmaneuver","Tactician"],"picked":"Flying Knee","floor":20}],"player_experience":280107,"relics_obtained":[{"floor":6,"key":"Calipers"},{"floor":8,"key":"Darkstone Periapt"},{"floor":12,"key":"Ancient Tea Set"}],"event_choices":[{"damage_healed":0,"gold_gain":0,"player_choice":"Leave","damage_taken":0,"max_hp_gain":0,"max_hp_loss":0,"event_name":"The Cleric","floor":3,"gold_loss":0},{"damage_healed":0,"gold_gain":0,"player_choice":"Take Damage","damage_taken":17,"relics_obtained":["Golden Idol"],"max_hp_gain":0,"max_hp_loss":0,"event_name":"Golden Idol","floor":4,"gold_loss":0},{"damage_healed":0,"gold_gain":0,"player_choice":"Grow","damage_taken":0,"max_hp_gain":0,"max_hp_loss":0,"event_name":"Living Wall","floor":5,"gold_loss":0,"cards_upgraded":["Deflect"]},{"damage_healed":0,"gold_gain":0,"player_choice":"Left Gold","damage_taken":0,"max_hp_gain":0,"max_hp_loss":0,"event_name":"World of Goop","floor":10,"gold_loss":25},{"cards_removed":["Defend_G"],"damage_healed":0,"gold_gain":0,"player_choice":"Offered Basic","damage_taken":0,"max_hp_gain":0,"max_hp_loss":0,"event_name":"Bonfire Elementals","floor":13,"gold_loss":0},{"damage_healed":0,"gold_gain":0,"player_choice":"Upgraded Two","damage_taken":0,"max_hp_gain":0,"max_hp_loss":0,"event_name":"Designer","floor":19,"gold_loss":40,"cards_upgraded":["Noxious Fumes","Backstab"]},{"damage_healed":0,"gold_gain":0,"player_choice":"Ignored","damage_taken":0,"max_hp_gain":0,"max_hp_loss":0,"event_name":"Vampires","floor":22,"gold_loss":0}],"is_beta":false,"boss_relics":[{"not_picked":["Velvet Choker","Philosopher\u0027s Stone"],"picked":"Empty Cage"}],"items_purged_floors":[21],"is_endless":false,"potions_floor_spawned":[8,11,12,14,18,20],"killed_by":"Book of Stabbing","ascension_level":3}}