{"host":"8i4doyxqctgl5qb0","time":1609703058,"event":{"mods":["AchievementEnabler","BaseMod","Block Reminder","Colored Powertips","Downfall","Marisa£®ÏF”Í°°ƒß¿Ì…≥£©","Minty Spire (QoL Compilation)","Permanent Neow","Potion Indicator Mod","Rare Cards Sparkle","StSLib","SuperFastMode"],"gold_per_floor":[117,192,367,367,382,416,16,16,62,82,116,116,16,26,26,127,127,147,164,179,179,179,179,212,212,212,226,226,237,257,290,290,395,395,413,427,427,427,447,476,476,492,492,105,105,105,120,154,154,154],"floor_reached":51,"playtime":2425,"items_purged":["Doubt","Strike_G","Parasite"],"score":842,"play_id":"f3afe511-4150-49c3-bb78-5c4dcb57cf66","local_time":"20210104034418","is_ascension_mode":true,"campfire_choices":[{"data":"Neutralize","floor":8.0,"key":"SMITH"},{"data":"Neutralize","floor":12.0,"key":"SMITH"},{"floor":15.0,"key":"REST"},{"data":"Phantasmal Killer","floor":23.0,"key":"SMITH"},{"floor":28.0,"key":"REST"},{"data":"Bouncing Flask","floor":32.0,"key":"SMITH"},{"floor":46,"key":"REST"},{"data":"After Image","floor":49,"key":"SMITH"}],"circlet_count":0,"master_deck":["Strike_G","Strike_G","Strike_G","Defend_G","Defend_G","Defend_G","Defend_G","Survivor","Neutralize+1","Bouncing Flask+1","Neutralize+1","Poisoned Stab","Dagger Spray","Caltrops","Dagger Spray","Backflip","Dash","Phantasmal Killer+1","All Out Attack","Leg Sweep","Dodge and Roll+1","Pain","Flying Knee+1","PiercingWail","Predator","Venomology","Prepared+1","Slice+1","Backflip+1","Acrobatics+1","Slice","After Image+1","PiercingWail+1","Slice+1"],"relics":["Ring of the Snake","NeowsBlessing","Girya","Matryoshka","Blood Vial","Regal Pillow","Strawberry","Busted Crown","Meat on the Bone","WarpedTongs","Ancient Tea Set","TungstenRod","Gremlin Horn","Runic Pyramid","Paper Crane","Prayer Wheel","Lantern"],"acts_visited":["Exordium","TheCity","TheBeyond"],"potions_floor_usage":[40,40,40,40,42,48,50],"damage_taken":[{"damage":0.0,"enemies":"Cultist","floor":1.0,"turns":1.0},{"damage":0.0,"enemies":"Small Slimes","floor":5.0,"turns":1.0},{"damage":0.0,"enemies":"Gremlin Nob","floor":6.0,"turns":1.0},{"damage":0.0,"enemies":"2 Louse","floor":10.0,"turns":2.0},{"damage":21.0,"enemies":"Lagavulin","floor":11.0,"turns":6.0},{"damage":2.0,"enemies":"Gremlin Gang","floor":14.0,"turns":3.0},{"damage":22.0,"enemies":"The Guardian","floor":16.0,"turns":9.0},{"damage":0.0,"enemies":"Chosen","floor":18.0,"turns":5.0},{"damage":0.0,"enemies":"Shell Parasite","floor":19.0,"turns":5.0},{"damage":0.0,"enemies":"Centurion and Healer","floor":20.0,"turns":2.0},{"damage":19.0,"enemies":"Gremlin Leader","floor":24.0,"turns":7.0},{"damage":14.0,"enemies":"Snake Plant","floor":27.0,"turns":5.0},{"damage":0.0,"enemies":"Sentry and Sphere","floor":29.0,"turns":5.0},{"damage":0.0,"enemies":"Centurion and Healer","floor":30.0,"turns":2.0},{"damage":10.0,"enemies":"Slavers","floor":31.0,"turns":4.0},{"damage":40.0,"enemies":"Champ","floor":33.0,"turns":16.0},{"damage":3.0,"enemies":"3 Shapes","floor":35.0,"turns":3.0},{"damage":6.0,"enemies":"3 Darklings","floor":36.0,"turns":4.0},{"damage":10.0,"enemies":"Writhing Mass","floor":39.0,"turns":7.0},{"damage":52,"enemies":"Giant Head","floor":40,"turns":11},{"damage":7,"enemies":"Sphere and 2 Shapes","floor":42,"turns":3},{"damage":0,"enemies":"Maw","floor":47,"turns":9},{"damage":6,"enemies":"Reptomancer","floor":48,"turns":8},{"damage":11,"enemies":"Awakened One","floor":50,"turns":20}],"seed_played":"-6932321077656088338","potions_obtained":[{"floor":5.0,"key":"GamblersBrew"},{"floor":11.0,"key":"AttackPotion"},{"floor":14.0,"key":"Weak Potion"},{"floor":16.0,"key":"Explosive Potion"},{"floor":20.0,"key":"LiquidMemories"},{"floor":29.0,"key":"Guardian:BlockOnCardUsePotion"},{"floor":31.0,"key":"PowerPotion"},{"floor":39.0,"key":"GamblersBrew"}],"is_trial":false,"path_per_floor":["M","?","?","?","M","E","$","R","T","M","E","R","$","M","R","B",null,"M","M","M","?","?","R","E","?","T","M","R","M","M","E","R","B",null,"M","M","?","?","M","E","?","M","T","$","?","R","M","E","R","B",null],"character_chosen":"THE_SILENT","items_purchased":["Matryoshka","Caltrops","After Image","Dexterity Potion","Block Potion"],"campfire_rested":3,"item_purchase_floors":[7,7,44,44,44],"current_hp_per_floor":[70,59,59,59,59,59,59,59,59,61,49,49,49,49,77,55,77,77,77,77,63,82,82,63,63,63,51,82,82,82,72,72,46,82,79,75,75,75,67,29,29,36,36,36,36,74,76,72,72,63],"gold":154,"neow_bonus":"THREE_ENEMY_KILL","is_daily":false,"chose_seed":false,"campfire_upgraded":5,"win_rate":0.0,"timestamp":1609703058,"path_taken":["M","?","?","?","?","E","$","R","T","M","E","R","?","M","R","BOSS","M","M","?","?","?","R","E","?","T","?","R","?","M","E","R","BOSS","M","M","?","?","M","E","?","?","T","$","?","R","M","E","R","BOSS"],"items_purchased_type":["Relic","Card","Card","Potion","Potion"],"build_version":"2020-12-22","purchased_purges":3,"victory":true,"max_hp_per_floor":[70,70,70,70,70,70,70,70,70,70,77,77,77,77,77,77,77,77,77,77,82,82,82,82,82,82,82,82,82,82,82,82,82,82,82,82,82,82,82,82,82,82,82,79,79,79,79,79,79,79],"card_choices":[{"not_picked":["PiercingWail","Prepared"],"picked":"Bouncing Flask","floor":1.0},{"not_picked":["Blade Dance","Distraction"],"picked":"Poisoned Stab","floor":5.0},{"not_picked":["Deadly Poison","Predator"],"picked":"Dagger Spray","floor":6.0},{"not_picked":["Sucker Punch","Dodge and Roll"],"picked":"Dagger Spray","floor":10.0},{"not_picked":["Skewer","Deflect"],"picked":"Backflip","floor":11.0},{"not_picked":["Poisoned Stab","Prepared"],"picked":"Dash","floor":14.0},{"not_picked":["Doppelganger","Wraith Form v2"],"picked":"Phantasmal Killer","floor":16.0},{"not_picked":[],"picked":"All Out Attack","floor":18.0},{"not_picked":["Calculated Gamble+1"],"picked":"SKIP","floor":19.0},{"not_picked":[],"picked":"Leg Sweep","floor":20.0},{"not_picked":[],"picked":"Dodge and Roll+1","floor":24.0},{"not_picked":[],"picked":"Flying Knee+1","floor":27.0},{"not_picked":["Flying Knee"],"picked":"SKIP","floor":29.0},{"not_picked":[],"picked":"PiercingWail","floor":30.0},{"not_picked":[],"picked":"Predator","floor":31.0},{"not_picked":[],"picked":"Venomology","floor":33.0},{"not_picked":[],"picked":"Prepared+1","floor":35.0},{"not_picked":[],"picked":"Slice+1","floor":36.0},{"not_picked":[],"picked":"Backflip+1","floor":39.0},{"not_picked":[],"picked":"Acrobatics+1","floor":40},{"not_picked":["Masterful Stab+1"],"picked":"SKIP","floor":42},{"not_picked":[],"picked":"PiercingWail+1","floor":47},{"not_picked":["Underhanded Strike+1"],"picked":"SKIP","floor":47},{"not_picked":[],"picked":"Slice+1","floor":48}],"player_experience":46419,"relics_obtained":[{"floor":6.0,"key":"Girya"},{"floor":9.0,"key":"Blood Vial"},{"floor":9.0,"key":"Regal Pillow"},{"floor":11.0,"key":"Strawberry"},{"floor":24.0,"key":"Meat on the Bone"},{"floor":26.0,"key":"Ancient Tea Set"},{"floor":26.0,"key":"TungstenRod"},{"floor":31.0,"key":"Gremlin Horn"},{"floor":40,"key":"Paper Crane"},{"floor":43,"key":"Prayer Wheel"},{"floor":48,"key":"Lantern"}],"event_choices":[{"damage_healed":0.0,"max_hp_gain":0.0,"max_hp_loss":0.0,"gold_gain":75.0,"event_name":"World of Goop","player_choice":"Gather Gold","floor":2.0,"gold_loss":0.0,"damage_taken":11.0},{"damage_healed":0.0,"max_hp_gain":0.0,"max_hp_loss":0.0,"gold_gain":175.0,"event_name":"Liars Game","player_choice":"AGREE","floor":3.0,"gold_loss":0.0,"damage_taken":0.0,"cards_obtained":["Doubt"]},{"damage_healed":0.0,"max_hp_gain":0.0,"max_hp_loss":0.0,"gold_gain":0.0,"event_name":"Match and Keep!","player_choice":"1 cards matched","floor":4.0,"gold_loss":0.0,"damage_taken":0.0,"cards_obtained":["Neutralize"]},{"damage_healed":0.0,"max_hp_gain":5.0,"max_hp_loss":0.0,"gold_gain":0.0,"event_name":"Forgotten Altar","player_choice":"Shed Blood","floor":21.0,"gold_loss":0.0,"damage_taken":19.0},{"damage_healed":27.0,"max_hp_gain":0.0,"max_hp_loss":0.0,"gold_gain":0.0,"event_name":"The Library","player_choice":"Heal","floor":22.0,"gold_loss":0.0,"damage_taken":0.0},{"damage_healed":0.0,"max_hp_gain":0.0,"max_hp_loss":0.0,"gold_gain":0.0,"event_name":"Accursed Blacksmith","player_choice":"Rummage","floor":25.0,"gold_loss":0.0,"damage_taken":0.0,"relics_obtained":["WarpedTongs"],"cards_obtained":["Pain"]},{"cards_removed":["Defend_G"],"damage_healed":0.0,"max_hp_gain":0.0,"max_hp_loss":0.0,"gold_gain":0.0,"event_name":"Falling","player_choice":"Removed Skill","floor":37.0,"gold_loss":0.0,"damage_taken":0.0},{"damage_healed":0.0,"max_hp_gain":0.0,"max_hp_loss":0.0,"gold_gain":0.0,"event_name":"Tomb of Lord Red Mask","player_choice":"Ignored","floor":38.0,"gold_loss":0.0,"damage_taken":0.0},{"damage_healed":0,"gold_gain":0,"cards_transformed":["Strike_G"],"player_choice":"Transformed","damage_taken":0,"max_hp_gain":0,"max_hp_loss":0,"event_name":"Transmorgrifier","floor":41,"gold_loss":0,"cards_obtained":["Slice"]},{"damage_healed":0,"gold_gain":0,"player_choice":"Ignored","damage_taken":0,"max_hp_gain":0,"max_hp_loss":0,"event_name":"The Moai Head","floor":45,"gold_loss":0}],"is_beta":false,"boss_relics":[{"not_picked":["Coffee Dripper","Fusion Hammer"],"picked":"Busted Crown"},{"not_picked":["Snecko Eye","Sozu"],"picked":"Runic Pyramid"}],"items_purged_floors":[7,13,44],"is_endless":false,"potions_floor_spawned":[5,11,14,16,19,20,29,31,39,47],"ascension_level":1}}