{"host":"873t0y8ybyo38pfq","time":1609692831,"event":{"mods":["BaseMod","Bestiary","Colored Map","Colored Powertips","Highlight Path","Minty Spire (QoL Compilation)","Quick Restart","RNG Fix","Rare Cards Sparkle","Relic Stats","StSLib"],"gold_per_floor":[363,44,58,78,20,46,46,46,72,18,18,18,18,18,18,95,95,114,114,39,0,0,0,0],"floor_reached":23,"playtime":438,"items_purged":["Strike_B"],"score":365,"play_id":"b4c33a26-192f-49e9-a130-1cdb789b663a","local_time":"20210103115351","is_ascension_mode":true,"campfire_choices":[{"data":"Creative AI","floor":8,"key":"SMITH"},{"data":"Self Repair","floor":11,"key":"SMITH"},{"floor":15,"key":"REST"}],"circlet_count":0,"master_deck":["AscendersBane","Strike_B","Strike_B","Defend_B","Defend_B+1","Defend_B","Defend_B+1","Zap","Dualcast","Cold Snap","Heatsinks","Self Repair+1","Amplify","Storm","Leap","Storm","Creative AI+1","Coolheaded","Machine Learning","Echo Form","Static Discharge+1","Ghostly+1","Ghostly+1","Ghostly+1"],"relics":["FrozenCore","Orrery","Blood Vial","War Paint","Spirit Poop","Toxic Egg 2"],"acts_visited":["Exordium","TheCity"],"potions_floor_usage":[4,6,16],"damage_taken":[{"damage":2,"enemies":"Jaw Worm","floor":1,"turns":3},{"damage":20,"enemies":"Small Slimes","floor":3,"turns":4},{"damage":4,"enemies":"2 Louse","floor":4,"turns":5},{"damage":47,"enemies":"Gremlin Nob","floor":6,"turns":5},{"damage":41,"enemies":"The Guardian","floor":16,"turns":8},{"damage":18,"enemies":"Spheric Guardian","floor":18,"turns":5},{"damage":44,"enemies":"Slavers","floor":23,"turns":5}],"seed_played":"-6728886565929890193","potions_obtained":[{"floor":1,"key":"SneckoOil"},{"floor":3,"key":"LiquidBronze"}],"is_trial":false,"path_per_floor":["M","$","M","M","$","E","?","R","T","$","R","?","T","$","R","B",null,"M","?","?","?","$","E"],"character_chosen":"DEFECT","items_purchased":["Orrery","Storm","Coolheaded","Energy Potion"],"campfire_rested":1,"item_purchase_floors":[2,2,5,10],"current_hp_per_floor":[62,62,49,52,52,12,28,28,28,28,28,28,28,28,46,17,50,54,30,30,30,30,0,0],"gold":0,"neow_bonus":"TWO_FIFTY_GOLD","is_daily":false,"chose_seed":false,"campfire_upgraded":2,"win_rate":0.0,"timestamp":1609692831,"path_taken":["M","$","M","M","$","E","?","R","T","?","R","?","?","?","R","BOSS","M","?","?","?","$","E"],"items_purchased_type":["Relic","Card","Card","Potion"],"build_version":"2020-12-22","purchased_purges":1,"victory":false,"max_hp_per_floor":[64,64,64,64,64,64,64,64,64,64,64,61,61,61,61,61,61,61,30,30,30,30,30,30],"relic_stats":{"Blood Vial":4,"counters":[7,35],"War Paint":["Defend_B","Defend_B"],"obtain_stats":[{"Blood Vial":6,"Orrery":2,"Spirit Poop":12,"War Paint":9,"Toxic Egg 2":13,"Cracked Core":0,"FrozenCore":17},{"Blood Vial":4,"Orrery":1,"Spirit Poop":4,"War Paint":4,"Toxic Egg 2":4,"Cracked Core":0,"FrozenCore":5},{"Blood Vial":17,"Orrery":3,"Spirit Poop":17,"War Paint":17,"Toxic Egg 2":17,"Cracked Core":0,"FrozenCore":25}],"FrozenCore":[3]},"card_choices":[{"not_picked":["Steam","Hello World"],"picked":"Cold Snap","floor":1},{"not_picked":["Hello World","Conserve Battery"],"picked":"Heatsinks","floor":2},{"not_picked":["Barrage","Steam"],"picked":"Self Repair","floor":2},{"not_picked":["Rebound","Cold Snap"],"picked":"Amplify","floor":2},{"not_picked":["Auto Shields","Stack"],"picked":"Storm","floor":2},{"not_picked":["Gash","Rebound"],"picked":"Leap","floor":2},{"not_picked":["Steam","Compile Driver"],"picked":"Creative AI","floor":3},{"not_picked":["Stack","Beam Cell","Streamline"],"picked":"SKIP","floor":4},{"not_picked":["Reprogram","Rebound"],"picked":"Machine Learning","floor":6},{"not_picked":["Seek+1","Hyperbeam"],"picked":"Echo Form","floor":16},{"not_picked":["Streamline","Gash"],"picked":"Static Discharge+1","floor":18}],"player_experience":1488712,"relics_obtained":[{"floor":6,"key":"Blood Vial"},{"floor":9,"key":"War Paint"},{"floor":13,"key":"Toxic Egg 2"}],"event_choices":[{"damage_healed":16,"gold_gain":0,"player_choice":"Healed and dodged fight","damage_taken":0,"max_hp_gain":0,"max_hp_loss":0,"event_name":"Mushrooms","floor":7,"gold_loss":0,"cards_obtained":["Parasite"]},{"cards_removed":["Parasite"],"damage_healed":0,"gold_gain":0,"player_choice":"Offered Curse","damage_taken":0,"relics_obtained":["Spirit Poop"],"max_hp_gain":0,"max_hp_loss":0,"event_name":"Bonfire Elementals","floor":12,"gold_loss":0},{"damage_healed":0,"gold_gain":0,"player_choice":"Became a Ghost","damage_taken":0,"max_hp_gain":0,"max_hp_loss":31,"event_name":"Ghosts","floor":19,"gold_loss":0,"cards_obtained":["Ghostly","Ghostly","Ghostly"]},{"cards_removed":["Strike_B"],"damage_healed":0,"gold_gain":0,"player_choice":"Gave Gold","damage_taken":0,"max_hp_gain":0,"max_hp_loss":0,"event_name":"Beggar","floor":20,"gold_loss":75},{"damage_healed":0,"gold_gain":0,"player_choice":"Paid Fearfully","damage_taken":0,"max_hp_gain":0,"max_hp_loss":0,"event_name":"Masked Bandits","floor":21,"gold_loss":39}],"is_beta":false,"boss_relics":[{"not_picked":["Tiny House","Astrolabe"],"picked":"FrozenCore"}],"items_purged_floors":[2],"is_endless":false,"potions_floor_spawned":[1,3],"killed_by":"Slavers","ascension_level":20}}