{"host":"j4g6ia6asvpyu2b0","time":1609690930,"event":{"mods":["BaseMod","Colored Map","Minty Spire (QoL Compilation)","Permanent Neow","Quick Restart","Relic Stats","StSLib","Unceasing Turn Reminder"],"gold_per_floor":[119,69,144,144,70,101,101,118,187,187,201,214,214,241,241,340,340,360,373,66,76,76,105,105,130,183,213,213,238,248,91,91,194,194,214,214,249,1248,945,945,971,971,971,971,971,1005,1005,410,410,410,410],"floor_reached":50,"playtime":1967,"items_purged":["Normality"],"score":812,"play_id":"0e558390-b5af-4309-b543-992f74fab2ab","local_time":"20210103092210","is_ascension_mode":true,"campfire_choices":[{"data":"Adrenaline","floor":7.0,"key":"SMITH"},{"data":"Dagger Spray","floor":10.0,"key":"SMITH"},{"data":"Neutralize","floor":13.0,"key":"SMITH"},{"data":"Tactician","floor":15.0,"key":"SMITH"},{"floor":24.0,"key":"REST"},{"data":"After Image","floor":28,"key":"SMITH"},{"data":"Footwork","floor":32,"key":"SMITH"},{"data":"Madness","floor":40,"key":"SMITH"},{"data":"Madness","floor":42,"key":"SMITH"},{"floor":47,"key":"REST"},{"floor":49,"key":"RECALL"}],"circlet_count":0,"master_deck":["Defend_G","Defend_G","Defend_G","Defend_G","Defend_G","Survivor","Neutralize+1","Unload","Dagger Spray+1","Riddle With Holes","Dagger Throw","Adrenaline+1","Blade Dance","Blur","Blade Dance","Tactician+1","Bullet Time","Underhanded Strike+1","Venomology+1","Flying Knee+1","Footwork+1","Leg Sweep","After Image+1","Tactician+1","Reflex","Caltrops","Flying Knee+1","Choke+1","Corpse Explosion","Crippling Poison","Madness+1","Madness+1","Crippling Poison+1","Thunderclap+1","Violence","Footwork","Blur","Predator"],"relics":["Ring of the Snake","Letter Opener","Bag of Preparation","Astrolabe","Medical Kit","Paper Crane","Turnip","Toy Ornithopter","Ancient Tea Set","Strawberry","Blue Candle","Omamori","Cursed Key","Centennial Puzzle","PrismaticShard","Snake Skull","Art of War","Mercury Hourglass","Bird Faced Urn"],"acts_visited":["Exordium","TheCity","TheBeyond"],"potions_floor_usage":[29,29,30,33,37,41,46,50,50],"damage_taken":[{"damage":0.0,"enemies":"Cultist","floor":1.0,"turns":3.0},{"damage":25.0,"enemies":"3 Sentries","floor":6.0,"turns":7.0},{"damage":0.0,"enemies":"Small Slimes","floor":8.0,"turns":2.0},{"damage":0.0,"enemies":"Jaw Worm","floor":11.0,"turns":1.0},{"damage":2.0,"enemies":"Lots of Slimes","floor":12.0,"turns":2.0},{"damage":12.0,"enemies":"Lagavulin","floor":14.0,"turns":7.0},{"damage":0.0,"enemies":"Slime Boss","floor":16.0,"turns":6.0},{"damage":0.0,"enemies":"2 Thieves","floor":18.0,"turns":1.0},{"damage":0.0,"enemies":"Shell Parasite","floor":19.0,"turns":3.0},{"damage":10.0,"enemies":"Snake Plant","floor":21.0,"turns":6.0},{"damage":30.0,"enemies":"Slavers","floor":23.0,"turns":12.0},{"damage":11,"enemies":"Gremlin Leader","floor":27,"turns":8},{"damage":0,"enemies":"Book of Stabbing","floor":29,"turns":5},{"damage":8,"enemies":"Cultist and Chosen","floor":30,"turns":5},{"damage":16,"enemies":"Collector","floor":33,"turns":13},{"damage":0,"enemies":"3 Darklings","floor":35,"turns":2},{"damage":1,"enemies":"Orb Walker","floor":37,"turns":4},{"damage":4,"enemies":"Reptomancer","floor":41,"turns":6},{"damage":72,"enemies":"Giant Head","floor":46,"turns":11},{"damage":85,"enemies":"Awakened One","floor":50,"turns":12}],"seed_played":"-2198104986960676572","potions_obtained":[{"floor":8.0,"key":"PowerPotion"},{"floor":14.0,"key":"CultistPotion"},{"floor":16.0,"key":"Weak Potion"},{"floor":27,"key":"Strength Potion"},{"floor":29,"key":"Block Potion"},{"floor":45,"key":"Weak Potion"}],"is_trial":false,"path_per_floor":["M","?","?","?","$","E","R","M","T","R","M","M","R","E","R","B",null,"M","M","$","M","T","E","R","T","T","E","R","E","M","$","R","B",null,"M","?","M","?","$","R","E","R","T","?","?","E","R","$","R","B"],"character_chosen":"THE_SILENT","items_purchased":["Poisoned Stab","Dagger Throw","Medical Kit","After Image","Omamori","Centennial Puzzle","PrismaticShard","Bird Faced Urn","Footwork","Blur","Predator"],"campfire_rested":2,"item_purchase_floors":[5,5,20,20,31,39,39,48,48,48,48],"current_hp_per_floor":[70,70,59,59,59,34,34,34,34,34,34,32,32,20,20,20,70,70,70,70,60,60,30,51,51,51,47,47,57,54,54,54,43,77,77,67,71,71,71,71,72,72,72,72,72,5,28,28,28,0,0],"gold":410,"neow_bonus":"ONE_RANDOM_RARE_CARD","is_daily":false,"chose_seed":false,"campfire_upgraded":8,"win_rate":0.0,"timestamp":1609690930,"path_taken":["M","?","?","?","$","E","R","M","T","R","M","M","R","E","R","BOSS","M","M","$","M","?","E","R","?","T","E","R","E","?","$","R","BOSS","M","?","M","?","$","R","E","R","T","?","?","E","R","$","R","BOSS"],"items_purchased_type":["Card","Card","Relic","Card","Relic","Relic","Relic","Relic","Card","Card","Card"],"build_version":"2020-12-22","purchased_purges":1,"victory":false,"max_hp_per_floor":[70,70,70,70,70,70,70,70,70,70,70,70,70,70,70,70,70,70,70,70,70,70,70,70,70,70,77,77,77,77,77,77,77,77,77,77,77,77,77,77,77,77,77,77,77,77,77,77,77,77,77],"relic_stats":{"counters":[20,116],"Astrolabe":["Underhanded Strike","Venomology","Flying Knee"],"Blue Candle":[1],"Snake Skull":[7],"Bag of Preparation":[28],"Letter Opener":[340],"Medical Kit":[14],"Cursed Key":1,"Mercury Hourglass":[45],"Centennial Puzzle":[8],"Bird Faced Urn":[12],"Turnip":[3],"Art of War":[3],"obtain_stats":[{"Astrolabe":17,"Blue Candle":29,"Snake Skull":41,"Bag of Preparation":14,"Omamori":31,"Letter Opener":6,"Paper Crane":22,"Medical Kit":20,"Ancient Tea Set":26,"Cursed Key":34,"PrismaticShard":39,"Mercury Hourglass":46,"Centennial Puzzle":39,"Strawberry":27,"Bird Faced Urn":48,"Turnip":23,"Art of War":43,"Toy Ornithopter":25,"Ring of the Snake":0},{"Astrolabe":7,"Blue Candle":13,"Snake Skull":18,"Bag of Preparation":6,"Omamori":14,"Letter Opener":2,"Paper Crane":10,"Medical Kit":9,"Ancient Tea Set":11,"Cursed Key":15,"PrismaticShard":17,"Mercury Hourglass":19,"Centennial Puzzle":17,"Strawberry":12,"Bird Faced Urn":19,"Turnip":11,"Art of War":18,"Toy Ornithopter":11,"Ring of the Snake":0},{"Astrolabe":28,"Blue Candle":63,"Snake Skull":93,"Bag of Preparation":22,"Omamori":68,"Letter Opener":10,"Paper Crane":38,"Medical Kit":32,"Ancient Tea Set":50,"Cursed Key":81,"PrismaticShard":87,"Mercury Hourglass":104,"Centennial Puzzle":87,"Strawberry":58,"Bird Faced Urn":104,"Turnip":50,"Art of War":93,"Toy Ornithopter":50,"Ring of the Snake":0}],"Toy Ornithopter":45,"Ring of the Snake":[40]},"card_choices":[{"not_picked":["Acrobatics","Accuracy"],"picked":"Dagger Spray","floor":1.0},{"not_picked":["Corpse Explosion","Backflip"],"picked":"Adrenaline","floor":6.0},{"not_picked":["Underhanded Strike","Deflect"],"picked":"Blade Dance","floor":8.0},{"not_picked":["Reflex","Slice"],"picked":"Blur","floor":11.0},{"not_picked":["Catalyst","Dagger Throw"],"picked":"Blade Dance","floor":12.0},{"not_picked":["Deflect","Endless Agony"],"picked":"Tactician","floor":14.0},{"not_picked":["Storm of Steel","Night Terror"],"picked":"Bullet Time","floor":16.0},{"not_picked":["Dodge and Roll","Expertise+1"],"picked":"Footwork","floor":18.0},{"not_picked":["Dagger Throw","Footwork"],"picked":"Leg Sweep","floor":19.0},{"not_picked":["Distraction+1","Sucker Punch"],"picked":"Tactician+1","floor":21.0},{"not_picked":["Infinite Blades","All Out Attack"],"picked":"Reflex","floor":23.0},{"not_picked":["Dagger Spray","Sucker Punch"],"picked":"Caltrops","floor":27},{"not_picked":["Bouncing Flask","Dodge and Roll"],"picked":"Flying Knee+1","floor":29},{"not_picked":["Poisoned Stab","Calculated Gamble"],"picked":"Choke+1","floor":30},{"not_picked":["Grand Finale","Bullet Time"],"picked":"Corpse Explosion","floor":33},{"not_picked":["Backflip","Underhanded Strike"],"picked":"Crippling Poison","floor":35},{"not_picked":["Acrobatics+1","Bane+1"],"picked":"Crippling Poison+1","floor":37},{"not_picked":["Dodge and Roll","Consecrate"],"picked":"Thunderclap+1","floor":41},{"not_picked":["Perfected Strike+1","Distraction+1"],"picked":"Violence","floor":46}],"player_experience":680336,"relics_obtained":[{"floor":6.0,"key":"Letter Opener"},{"floor":14.0,"key":"Bag of Preparation"},{"floor":22.0,"key":"Paper Crane"},{"floor":23.0,"key":"Turnip"},{"floor":25.0,"key":"Toy Ornithopter"},{"floor":26.0,"key":"Ancient Tea Set"},{"floor":27,"key":"Strawberry"},{"floor":29,"key":"Blue Candle"},{"floor":41,"key":"Snake Skull"},{"floor":43,"key":"Art of War"},{"floor":46,"key":"Mercury Hourglass"}],"event_choices":[{"cards_removed":["Strike_G"],"damage_healed":0.0,"max_hp_gain":0.0,"max_hp_loss":0.0,"gold_gain":0.0,"event_name":"The Cleric","player_choice":"Card Removal","floor":2.0,"gold_loss":50.0,"damage_taken":0.0},{"damage_healed":0.0,"max_hp_gain":0.0,"max_hp_loss":0.0,"gold_gain":75.0,"event_name":"World of Goop","player_choice":"Gather Gold","floor":3.0,"gold_loss":0.0,"damage_taken":11.0},{"damage_healed":0.0,"max_hp_gain":0.0,"max_hp_loss":0.0,"gold_gain":0.0,"cards_transformed":["Strike_G"],"event_name":"Transmorgrifier","player_choice":"Transformed","floor":4.0,"gold_loss":0.0,"damage_taken":0.0,"cards_obtained":["Riddle With Holes"]},{"damage_healed":0,"gold_gain":0,"player_choice":"Embrace Madness","damage_taken":10,"max_hp_gain":0,"max_hp_loss":0,"event_name":"Winding Halls","floor":36,"gold_loss":0,"cards_obtained":["Madness","Madness"]},{"damage_healed":0,"gold_gain":999,"player_choice":"Gold","damage_taken":0,"max_hp_gain":0,"max_hp_loss":0,"event_name":"MindBloom","floor":38,"gold_loss":0,"cards_obtained":["Normality","Normality"]},{"cards_removed":["Poisoned Stab"],"damage_healed":0,"gold_gain":0,"player_choice":"Removed Attack","damage_taken":0,"max_hp_gain":0,"max_hp_loss":0,"event_name":"Falling","floor":44,"gold_loss":0},{"damage_healed":0,"gold_gain":0,"player_choice":"Got Potions","damage_taken":0,"max_hp_gain":0,"max_hp_loss":0,"event_name":"Lab","floor":45,"gold_loss":0}],"is_beta":false,"boss_relics":[{"not_picked":["Sozu","SacredBark"],"picked":"Astrolabe"},{"not_picked":["SlaversCollar","Pandora\u0027s Box"],"picked":"Cursed Key"}],"items_purged_floors":[48],"is_endless":false,"potions_floor_spawned":[8,14,16,27,29,33,37],"killed_by":"Awakened One","ascension_level":4}}