{"host":"6to0pdz5g3mubtyg","time":1609661884,"event":{"mods":["Act Like it!","Aspiration","BaseMod","BetterRewards","Colored Map","Energized Spire","Hallownest","Highlight Path","Infinite Spire","Jorbs\u0027s Wanderer Trilogy","Minty Spire (QoL Compilation)","Shade Mod","StSLib","The Animator","The Blue Laboratory","The Bug Knight"],"gold_per_floor":[111,36,50,0,0,0,26,26,26,44,64,146,204,217,217,314,314,329,84,98,98,109,109,123,123,146,146,158,182,192,206,206,309,309,329,329,329,329],"floor_reached":39,"playtime":2806,"items_purged":["Defend_B","Defend_B"],"score":637,"play_id":"78e24fd8-6832-48bd-911b-4642e213262f","local_time":"20210103011804","is_ascension_mode":true,"campfire_choices":[{"data":"Dualcast","floor":6,"key":"SMITH"},{"data":"Coolheaded","floor":8,"key":"SMITH"},{"floor":15,"key":"REST"},{"data":"Coolheaded","floor":23,"key":"SMITH"},{"data":"Gash","floor":25,"key":"SMITH"},{"data":"Gash","floor":27,"key":"SMITH"},{"data":"Go for the Eyes","floor":32,"key":"SMITH"}],"circlet_count":0,"master_deck":["Strike_B","Strike_B","Strike_B","Strike_B","Defend_B","Dualcast+1","Gash+1","Coolheaded+1","Gash+1","Leap","Leap","Core Surge","Coolheaded+1","Heavy Blade+1","Go for the Eyes+1","Clash+1","Demon Form","FTL+1"],"relics":["Cracked Core","Centennial Puzzle","Symbiotic Virus","infinitespire:ShieldingShard","aspiration:IroncladSkillbook","Toolbox","Nloth\u0027s Gift","PreservedInsect","Nunchaku","Nuclear Battery"],"acts_visited":["Exordium","TheCity","TheBeyond"],"potions_floor_usage":[13,16,33,35,38,38],"damage_taken":[{"damage":12,"enemies":"Small Slimes","floor":1,"turns":3},{"damage":7,"enemies":"Jaw Worm","floor":3,"turns":2},{"damage":34,"enemies":"Gremlin Nob","floor":7,"turns":5},{"damage":0,"enemies":"Cultist","floor":10,"turns":2},{"damage":5,"enemies":"Exordium Wildlife","floor":11,"turns":3},{"damage":10,"enemies":"Lagavulin Event","floor":13,"turns":4},{"damage":1,"enemies":"Looter","floor":14,"turns":3},{"damage":1,"enemies":"Hexaghost","floor":16,"turns":8},{"damage":0,"enemies":"Shell Parasite","floor":18,"turns":6},{"damage":0,"enemies":"Spheric Guardian","floor":20,"turns":3},{"damage":2,"enemies":"Snake Plant","floor":22,"turns":3},{"damage":0,"enemies":"Chosen and Byrds","floor":24,"turns":4},{"damage":0,"enemies":"Centurion and Healer","floor":28,"turns":5},{"damage":11,"enemies":"Snake Plant","floor":30,"turns":5},{"damage":1,"enemies":"3 Cultists","floor":31,"turns":5},{"damage":58,"enemies":"Collector","floor":33,"turns":14},{"damage":0,"enemies":"Orb Walker","floor":35,"turns":3},{"damage":58,"enemies":"Awakened One","floor":38,"turns":9}],"seed_played":"1468172481447765827","potions_obtained":[{"floor":3,"key":"blueLaboratory:HorrorPotion"},{"floor":10,"key":"PowerPotion"},{"floor":16,"key":"SteroidPotion"},{"floor":18,"key":"AttackPotion"},{"floor":24,"key":"SneckoOil"},{"floor":33,"key":"blueLaboratory:TrueEctoplasm"},{"floor":35,"key":"AttackPotion"}],"is_trial":false,"path_per_floor":["M","$","M","?","?","R","E","R","T","M","M","T","?","M","R","B",null,"M","$","M","?","M","R","M","R","T","R","M","T","M","M","R","B",null,"M","?","?","B",null],"character_chosen":"DEFECT","items_purchased":["Toolbox"],"campfire_rested":1,"item_purchase_floors":[19],"current_hp_per_floor":[63,63,56,56,56,56,22,22,22,22,17,17,7,6,28,27,75,75,75,75,75,75,75,75,75,75,75,75,75,68,71,71,17,75,75,71,71,17],"gold":329,"neow_bonus":"THREE_CARDS","is_daily":false,"chose_seed":false,"campfire_upgraded":6,"win_rate":0.0,"timestamp":1609661884,"path_taken":["M","$","M","?","?","R","E","R","T","?","M","?","?","M","R","BOSS","M","$","M","?","M","R","M","R","T","R","?","?","M","M","R","BOSS","M","?","?","BOSS"],"items_purchased_type":["Relic"],"build_version":"2020-12-22","purchased_purges":2,"victory":true,"max_hp_per_floor":[75,75,75,75,75,75,75,75,75,75,75,75,75,75,75,75,75,75,75,75,75,75,75,75,75,75,75,75,75,75,75,75,75,75,75,71,71,71],"card_choices":[{"not_picked":["Darkness","Compile Driver"],"picked":"Gash","floor":0},{"not_picked":["Redo","Compile Driver","Cold Snap"],"picked":"SKIP","floor":1},{"not_picked":["Undo","Compile Driver"],"picked":"Coolheaded","floor":3},{"not_picked":["Loop","Turbo"],"picked":"Gash","floor":7},{"not_picked":["Stack","Defragment","Lockon"],"picked":"SKIP","floor":10},{"not_picked":["Leap","Hologram","Electrodynamics"],"picked":"SKIP","floor":11},{"not_picked":["Rebound","aspiration:Polymerization"],"picked":"Leap","floor":13},{"not_picked":["Defragment","Rebound"],"picked":"Leap","floor":14},{"not_picked":["Electrodynamics","Echo Form"],"picked":"Core Surge","floor":16},{"not_picked":["Hello World","Perfected Strike","Tempest+1","Rupture+1"],"picked":"SKIP","floor":18},{"not_picked":["Hello World","Perfected Strike","Tempest+1","Rupture+1"],"picked":"SKIP","floor":18},{"not_picked":["Capacitor+1","Wild Strike","Warcry","Steam"],"picked":"SKIP","floor":20},{"not_picked":["Shrug It Off","Heavy Blade","Streamline"],"picked":"Coolheaded","floor":22},{"not_picked":["Hyperbeam","Fire Breathing","Uppercut+1","Offering"],"picked":"SKIP","floor":24},{"not_picked":["Turbo+1","aspiration:Polymerization+1","Force Field"],"picked":"Heavy Blade+1","floor":28},{"not_picked":["Force Field","Warcry+1","Consume"],"picked":"Go for the Eyes","floor":30},{"not_picked":["Twin Strike+1","Conserve Battery+1","Electrodynamics"],"picked":"Clash+1","floor":31},{"not_picked":["Exhume","Fission","Creative AI"],"picked":"Demon Form","floor":33},{"not_picked":["Multi-Cast","Consume","Machine Learning"],"picked":"FTL+1","floor":35}],"player_experience":250337,"relics_obtained":[{"floor":7,"key":"Centennial Puzzle"},{"floor":9,"key":"Symbiotic Virus"},{"floor":12,"key":"infinitespire:ShieldingShard"},{"floor":13,"key":"aspiration:Lifesprig"},{"floor":26,"key":"PreservedInsect"},{"floor":29,"key":"Nunchaku"}],"event_choices":[{"cards_removed":["Defend_B"],"damage_healed":0,"gold_gain":0,"player_choice":"Card Removal","damage_taken":0,"max_hp_gain":0,"max_hp_loss":0,"event_name":"The Cleric","floor":4,"gold_loss":50},{"cards_removed":["Zap"],"damage_healed":0,"gold_gain":0,"player_choice":"Offered Basic","damage_taken":0,"max_hp_gain":0,"max_hp_loss":0,"event_name":"Bonfire Elementals","floor":5,"gold_loss":0},{"damage_healed":0,"gold_gain":30,"player_choice":"Searched \u00272\u0027 times","damage_taken":0,"max_hp_gain":0,"max_hp_loss":0,"event_name":"Dead Adventurer","floor":13,"gold_loss":0},{"damage_healed":0,"gold_gain":0,"player_choice":"Traded Relic","damage_taken":0,"relics_obtained":["Nloth\u0027s Gift"],"max_hp_gain":0,"max_hp_loss":0,"event_name":"N\u0027loth","floor":21,"relics_lost":["aspiration:Lifesprig"],"gold_loss":0},{"damage_healed":0,"gold_gain":0,"player_choice":"Max HP","damage_taken":0,"max_hp_gain":0,"max_hp_loss":4,"event_name":"Winding Halls","floor":36,"gold_loss":0},{"damage_healed":0,"gold_gain":0,"player_choice":"Took Portal","damage_taken":0,"max_hp_gain":0,"max_hp_loss":0,"event_name":"SecretPortal","floor":37,"gold_loss":0}],"is_beta":false,"boss_relics":[{"not_picked":["Coffee Dripper","energizedSpire:RedRose"],"picked":"aspiration:IroncladSkillbook"},{"not_picked":["Sozu","Velvet Choker"],"picked":"Nuclear Battery"}],"items_purged_floors":[2,19],"is_endless":false,"potions_floor_spawned":[3,10,16,18,24,31,33,35],"ascension_level":2}}