{"host":"8kweeulvvasqx820","time":1609717455,"event":{"mods":["Aspiration","BaseMod","Better Altar","Better Match","Better Note","Better Sensory Stone","Better Skull","Better Third Choice","BetterRewards","CatGirl Mod","Colored Map","Conspire","Displayed Cursed Tome","Downfall","Hubris","Infinite Spire","Jorbs\u0027s Wanderer Trilogy","Minty Spire (QoL Compilation)","Relic Stats","Replay The Spire","Spicy Shops","StSLib","SuperFastMode","Swap Starting Deck Mod","The Construct","The Marked","The Mystic","The Necromancer","The Servant 0.9.4","TheBandit","everything is the same but u backflip on backflip","slay the spire mod where everything is the same but ironclad has a cowboy hat"],"gold_per_floor":[99,115,66,85,85,85,110,128,143,158,169,183,183,201,216,216,216,216],"floor_reached":16,"playtime":1842,"items_purged":[],"score":98,"play_id":"2b58fa7a-387c-4aac-a55c-f4f1a19942ac","local_time":"20210103184415","is_ascension_mode":false,"campfire_choices":[{"floor":1,"key":"DIG"},{"data":"champ:Taunt","floor":6,"key":"SMITH"}],"circlet_count":0,"master_deck":["champ:Strike","champ:Strike","champ:Strike","champ:Strike","champ:Defend","champ:Defend","champ:Defend","champ:Defend","champ:Execute","champ:Taunt+1","champ:ArenaPreparation","champ:GladiatorsShout","champ:GladiatorStyle","champ:CrookedStrike","champ:IronFortress","champ:RisingSlash","champ:BladeFlurry","champ:FlashCut","Replay:Dark Deal","champ:CrookedStrike","champ:BerserkersShout"],"relics":["champ:ChampionCrown","aspiration:Lifesprig"],"acts_visited":["Exordium"],"potions_floor_usage":[10,14,15],"damage_taken":[{"damage":11,"enemies":"Cultist","floor":2,"turns":4},{"damage":10,"enemies":"downfall:FleeingMerchant","floor":3,"turns":4},{"damage":30,"enemies":"Jaw Worm","floor":4,"turns":4},{"damage":5,"enemies":"2 Louse","floor":8,"turns":3},{"damage":18,"enemies":"Exordium Wildlife","floor":9,"turns":6},{"damage":20,"enemies":"Gremlin Gang","floor":10,"turns":2},{"damage":23,"enemies":"Lots of Slimes","floor":11,"turns":6},{"damage":17,"enemies":"2 Fungi Beasts","floor":12,"turns":3},{"damage":38,"enemies":"Gremlin Gang","floor":14,"turns":3},{"damage":16,"enemies":"Red Slaver","floor":15,"turns":3},{"damage":18,"enemies":"downfall:Defect","floor":16,"turns":3}],"seed_played":"-2599272803410779942","potions_obtained":[{"floor":2,"key":"construct:ShiftPotion"},{"floor":5,"key":"Doom Potion"},{"floor":5,"key":"LiquidMemories"},{"floor":9,"key":"Explosive Potion"},{"floor":11,"key":"Cursed Concoction"},{"floor":14,"key":"Energy Potion"}],"is_trial":false,"path_per_floor":["R_BF","M","$","M","?","R","T","M","M","M","M","M","?","M","M","B"],"character_chosen":"THE_CHAMP","items_purchased":["champ:GladiatorStyle"],"campfire_rested":0,"item_purchase_floors":[3],"current_hp_per_floor":[99,93,93,88,88,88,88,83,80,80,62,50,50,23,18,0,0,0],"gold":216,"neow_bonus":"TEN_PERCENT_HP_BONUS","is_daily":false,"chose_seed":false,"campfire_upgraded":1,"win_rate":0.0,"timestamp":1609717455,"path_taken":["R_BF","M","$","?","?","R","T","M","M","M","M","?","?","M","M","BOSS"],"items_purchased_type":["Card"],"build_version":"2020-12-22","purchased_purges":0,"victory":false,"max_hp_per_floor":[99,99,99,99,99,99,99,99,99,99,99,99,99,99,99,99,99,99],"relic_stats":{"counters":[11,41],"obtain_stats":[{"aspiration:Lifesprig":1,"champ:ChampionCrown":0},{"aspiration:Lifesprig":0,"champ:ChampionCrown":0},{"aspiration:Lifesprig":0,"champ:ChampionCrown":0}]},"card_choices":[{"not_picked":["champ:Encircle","champ:PerfectedStrike"],"picked":"champ:ArenaPreparation","floor":2},{"not_picked":["champ:BladeFlurry","champ:BringItOn"],"picked":"champ:GladiatorsShout","floor":3},{"not_picked":["champ:FocusedBerserking","champ:IronFortress"],"picked":"champ:CrookedStrike","floor":4},{"not_picked":["champ:FlashCut","champ:FocusedBerserking"],"picked":"champ:IronFortress","floor":8},{"not_picked":["champ:GladiatorsShout","champ:EndlessRage"],"picked":"champ:RisingSlash","floor":9},{"not_picked":["champ:Encircle","champ:Duel"],"picked":"champ:BladeFlurry","floor":10},{"not_picked":["champ:PerfectedStrike","champ:GladiatorsShout"],"picked":"champ:FlashCut","floor":11},{"not_picked":["champ:EnGarde","champ:CrookedStrike","champ:BerserkerStyle"],"picked":"SKIP","floor":12},{"not_picked":["expansioncontent:HyperBeam","Replay:SS_hec_1"],"picked":"Replay:Dark Deal","floor":13},{"not_picked":["champ:StanceDance","champ:DefensiveShout"],"picked":"champ:CrookedStrike","floor":14},{"not_picked":["champ:Encircle","champ:DeathBlow"],"picked":"champ:BerserkersShout","floor":15}],"player_experience":25272,"relics_obtained":[{"floor":1,"key":"aspiration:Lifesprig"}],"event_choices":[{"damage_healed":0,"gold_gain":0,"player_choice":"Got Potions","damage_taken":0,"max_hp_gain":0,"max_hp_loss":0,"event_name":"Lab","floor":5,"gold_loss":0},{"damage_healed":0,"gold_gain":1,"player_choice":"1","damage_taken":0,"max_hp_gain":0,"max_hp_loss":0,"event_name":"betterStone:BetterStone","floor":13,"gold_loss":0}],"is_beta":false,"boss_relics":[],"items_purged_floors":[],"is_endless":false,"potions_floor_spawned":[2,9,11,14],"killed_by":"downfall:Defect","ascension_level":0}}