{"host":"utqe55yv0jihe4d6","time":1609689899,"event":{"mods":["2.2 Compatiblity","AchievementEnabler","BaseMod","Block Reminder","Colored Map","Colored Powertips","Minty Spire (QoL Compilation)","Quick Restart","Rare Cards Sparkle","Relic Stats","SuperFastMode"],"gold_per_floor":[114,127,140,151,151,176,176,204,204,221,221,221,221,239,239,239,239],"floor_reached":16,"playtime":378,"items_purged":[],"score":224,"play_id":"22bc3a5a-4db7-4261-86a1-280891757002","local_time":"20210103110459","is_ascension_mode":true,"campfire_choices":[{"data":"Carnage","floor":7,"key":"SMITH"},{"data":"Strike_R","floor":13,"key":"PURGE"},{"floor":15,"key":"REST"}],"circlet_count":0,"master_deck":["AscendersBane","Strike_R","Strike_R","Strike_R","Defend_R","Defend_R","Defend_R","Defend_R","Bash","Clothesline","Carnage+1","Feel No Pain","Shrug It Off","Disarm","Headbutt","Flame Barrier"],"relics":["Sozu","Blood Vial","Shovel","Peace Pipe","Golden Idol"],"acts_visited":["Exordium"],"potions_floor_usage":[],"damage_taken":[{"damage":1,"enemies":"Cultist","floor":1,"turns":3},{"damage":1,"enemies":"Small Slimes","floor":2,"turns":4},{"damage":0,"enemies":"2 Louse","floor":3,"turns":2},{"damage":6,"enemies":"Looter","floor":4,"turns":2},{"damage":15,"enemies":"Lagavulin","floor":6,"turns":5},{"damage":24,"enemies":"Gremlin Nob","floor":8,"turns":4},{"damage":3,"enemies":"Blue Slaver","floor":10,"turns":3},{"damage":0,"enemies":"3 Louse","floor":14,"turns":3},{"damage":56,"enemies":"Slime Boss","floor":16,"turns":9}],"seed_played":"-9028588100919570381","potions_obtained":[],"is_trial":false,"path_per_floor":["M","M","M","M","?","E","R","E","T","M","?","?","R","M","R","B"],"character_chosen":"IRONCLAD","items_purchased":[],"campfire_rested":1,"item_purchase_floors":[],"current_hp_per_floor":[67,66,66,60,65,50,50,28,28,27,27,20,20,22,43,0,0],"gold":239,"neow_bonus":"BOSS_RELIC","is_daily":false,"chose_seed":false,"campfire_upgraded":1,"win_rate":0.0,"timestamp":1609689899,"path_taken":["M","M","?","M","?","E","R","E","T","M","?","?","R","M","R","BOSS"],"items_purchased_type":[],"build_version":"2020-12-22","purchased_purges":0,"victory":false,"max_hp_per_floor":[75,75,75,75,80,80,80,80,80,80,72,72,72,72,72,72,72],"relic_stats":{"Sozu":3,"Blood Vial":8,"Peace Pipe":1,"Shovel":0,"counters":[9,35],"Golden Idol":4,"obtain_stats":[{"Sozu":0,"Blood Vial":6,"Peace Pipe":9,"Shovel":8,"Golden Idol":11,"Burning Blood":0},{"Sozu":0,"Blood Vial":5,"Peace Pipe":6,"Shovel":6,"Golden Idol":7,"Burning Blood":0},{"Sozu":0,"Blood Vial":16,"Peace Pipe":20,"Shovel":20,"Golden Idol":23,"Burning Blood":0}]},"card_choices":[{"not_picked":["Body Slam","Disarm"],"picked":"Clothesline","floor":1},{"not_picked":["Shrug It Off","Sever Soul"],"picked":"Carnage","floor":2},{"not_picked":["Thunderclap","Seeing Red"],"picked":"Feel No Pain","floor":3},{"not_picked":["Ghostly Armor","Twin Strike"],"picked":"Shrug It Off","floor":4},{"not_picked":["Clothesline","Limit Break"],"picked":"Disarm","floor":6},{"not_picked":["Warcry","Intimidate","Flex"],"picked":"SKIP","floor":8},{"not_picked":["Perfected Strike","Body Slam"],"picked":"Headbutt","floor":10},{"not_picked":["Rupture","Twin Strike"],"picked":"Flame Barrier","floor":14}],"player_experience":2931992,"relics_obtained":[{"floor":6,"key":"Blood Vial"},{"floor":8,"key":"Shovel"},{"floor":9,"key":"Peace Pipe"}],"event_choices":[{"damage_healed":0,"gold_gain":0,"player_choice":"Donut","damage_taken":0,"max_hp_gain":5,"max_hp_loss":0,"event_name":"Big Fish","floor":5,"gold_loss":0},{"damage_healed":0,"gold_gain":0,"player_choice":"Lose Max HP","damage_taken":0,"relics_obtained":["Golden Idol"],"max_hp_gain":0,"max_hp_loss":8,"event_name":"Golden Idol","floor":11,"gold_loss":0},{"cards_removed":["Strike_R"],"damage_healed":0,"gold_gain":0,"player_choice":"Card Removal","damage_taken":7,"max_hp_gain":0,"max_hp_loss":0,"event_name":"Golden Wing","floor":12,"gold_loss":0}],"is_beta":false,"boss_relics":[],"items_purged_floors":[],"is_endless":false,"potions_floor_spawned":[1,4,14],"killed_by":"Slime Boss","ascension_level":20}}