{"host":"2okas1s8lto464g9","time":1609676776,"event":{"mods":["BaseMod","Minty Spire (QoL Compilation)","StSLib","The Construct","The Servant 0.9.4"],"gold_per_floor":[119,129,149,165,165,198,215,255,279,279,279],"floor_reached":10,"playtime":1412,"items_purged":[],"score":84,"play_id":"8f83ea82-b3f7-4e84-9cf1-9e805d1bd4ca","local_time":"20210103202616","is_ascension_mode":true,"campfire_choices":[],"circlet_count":0,"master_deck":["Strike_G","Strike_G","Strike_G","Strike_G","Strike_G","Defend_G","Defend_G","Defend_G","Defend_G","Defend_G","Survivor","Neutralize+1","Tactician","Acrobatics","Adrenaline","Finisher","Underhanded Strike","Bouncing Flask"],"relics":["Ring of the Snake","Sundial","Dream Catcher","CeramicFish","Juzu Bracelet"],"acts_visited":["Exordium"],"potions_floor_usage":[6],"damage_taken":[{"damage":0,"enemies":"2 Louse","floor":1,"turns":2},{"damage":1,"enemies":"Cultist","floor":2,"turns":5},{"damage":0,"enemies":"Jaw Worm","floor":3,"turns":4},{"damage":8,"enemies":"Lots of Slimes","floor":4,"turns":5},{"damage":32,"enemies":"Gremlin Nob","floor":6,"turns":6},{"damage":14,"enemies":"Exordium Wildlife","floor":7,"turns":8},{"damage":5,"enemies":"Lagavulin","floor":8,"turns":6},{"damage":27,"enemies":"Gremlin Nob","floor":10,"turns":3}],"seed_played":"21476014574492398","potions_obtained":[{"floor":2,"key":"SpeedPotion"},{"floor":4,"key":"SpeedPotion"}],"is_trial":false,"path_per_floor":["M","M","M","M","?","E","M","E","T","E"],"character_chosen":"THE_SILENT","items_purchased":[],"campfire_rested":0,"item_purchase_floors":[],"current_hp_per_floor":[70,69,69,61,61,29,15,10,10,0,0],"gold":279,"neow_bonus":"UPGRADE_CARD","is_daily":false,"chose_seed":false,"campfire_upgraded":0,"win_rate":0.0,"timestamp":1609676776,"path_taken":["M","M","M","M","?","E","?","E","T","E"],"items_purchased_type":[],"build_version":"2020-12-22","purchased_purges":0,"victory":false,"max_hp_per_floor":[70,70,70,70,70,70,70,70,70,70,70],"card_choices":[{"not_picked":["Cloak And Dagger","Blade Dance"],"picked":"Underhanded Strike","floor":1},{"not_picked":["Backflip","Acrobatics"],"picked":"Tactician","floor":2},{"not_picked":["Blur","Skewer"],"picked":"Acrobatics","floor":3},{"not_picked":["Slice","Deflect"],"picked":"Adrenaline","floor":4},{"not_picked":["Choke","Slice"],"picked":"Finisher","floor":6},{"not_picked":["Crippling Poison","Dagger Throw"],"picked":"Underhanded Strike","floor":7},{"not_picked":["All Out Attack","Finisher","Bouncing Flask"],"picked":"SKIP","floor":8},{"not_picked":["All Out Attack","Finisher"],"picked":"Bouncing Flask","floor":8}],"player_experience":471315,"relics_obtained":[{"floor":6,"key":"Dream Catcher"},{"floor":8,"key":"CeramicFish"},{"floor":9,"key":"Juzu Bracelet"}],"event_choices":[{"cards_removed":["Underhanded Strike"],"damage_healed":0,"gold_gain":0,"player_choice":"Gave Card","damage_taken":0,"relics_obtained":["Sundial"],"max_hp_gain":0,"max_hp_loss":0,"event_name":"WeMeetAgain","floor":5,"gold_loss":0}],"is_beta":false,"boss_relics":[],"items_purged_floors":[],"is_endless":false,"potions_floor_spawned":[2,4],"killed_by":"Gremlin Nob","ascension_level":1}}