{"host":"q1ejl7hv5l3527la","time":1609635009,"event":{"mods":["Aspiration","Bard","BaseMod","Better Third Choice","Colored Powertips","Downfall","Energized Spire","Hermit","Highlight Path","Hubris","Infinite Spire","Minty Spire (QoL Compilation)","Replay The Spire","Shop Mod","StSLib","The Bladedancer","The Cursed","The Forsaken","The Juggle","The Jungle","The Runesmith"],"gold_per_floor":[117,32,46,65,5,39,39,59,59,43,43,43,73,89,89,189,189,206,206,223,223,223,223,223,242,267,267,193,204,222,203,203,298,298,317,29,29,9,29,29,60,60,60,80,80,96,96,109,109,109,109],"floor_reached":50,"playtime":5110,"items_purged":["Delirium"],"score":507,"play_id":"3473aa79-6809-4097-9121-18caf05ad900","local_time":"20210102185008","is_ascension_mode":false,"campfire_choices":[{"floor":7,"key":"REST"},{"floor":11,"key":"REST"},{"floor":15,"key":"REST"},{"floor":23,"key":"REST"},{"floor":27,"key":"REST"},{"floor":32,"key":"REST"},{"floor":40,"key":"REST"},{"floor":45,"key":"REST"},{"floor":49,"key":"REST"}],"circlet_count":0,"master_deck":["Runesmith:Strike_RS","Runesmith:Strike_RS","Runesmith:Strike_RS","Runesmith:Strike_RS","Runesmith:Defend_RS","Runesmith:Defend_RS","Runesmith:Defend_RS","Runesmith:Defend_RS","Runesmith:CraftFirestone","Runesmith:Fortify","Runesmith:Discharge","Runesmith:ChiselStab","Runesmith:MakeshiftArmor","Runesmith:MakeshiftArmor","Runesmith:RuneHurl","Runesmith:OneForEveryone","Runesmith:ChaoticBlast+1","Runesmith:EnergizedChisel","Runesmith:CraftProtectio","Runesmith:CraftSpiculum","Runesmith:PerfectChisel","Runesmith:CraftMagma","Runesmith:CraftIndustria","Runesmith:HeatExchange","Runesmith:ShiftingStrike","infinitespire:Starlight","Runesmith:BackupBattery","Runesmith:Firestorm+1","Runesmith:HammerThrow","Runesmith:EarthShield","Runesmith:HeatExchange","Runesmith:CraftMedicinae","Runesmith:EnergizedChisel","Runesmith:FissionHammer","Runesmith:PerfectChisel+1","Runesmith:LithiumIon","Runesmith:Overpower","Runesmith:CraftReservo","Runesmith:CraftReservo","Runesmith:Superposition","Runesmith:Retool","Runesmith:Empowerment","Parasite","Runesmith:Terraform","Runesmith:HammerThrow+1","Runesmith:OneForEveryone+1"],"relics":["Runesmith:BrokenRuby","aspiration:ChemicalBlood","aspiration:DSix","Letter Opener","hubris:Backtick","Membership Card","hubris:Towel","TheAbacus","Runesmith:MiniCore","ReplayTheSpireMod:CursedCoin","ReplayTheSpireMod:Lightbulb","Honey Jar","Potion Belt","Gremlin Horn","Replay:Mystery Machine","Replay:Accelerometer"],"acts_visited":["Exordium","TheCity","TheBeyond"],"potions_floor_usage":[10,13,13,16,16,20,25,25,30,33,33,35,39,41,41,41,41,44,44,44,46,46,46,46,48,50,50,50],"damage_taken":[{"damage":6,"enemies":"Cultist","floor":1,"turns":3},{"damage":0,"enemies":"Small Slimes","floor":3,"turns":2},{"damage":0,"enemies":"2 Louse","floor":4,"turns":3},{"damage":54,"enemies":"Gremlin Nob","floor":6,"turns":6},{"damage":3,"enemies":"Exordium Wildlife","floor":8,"turns":4},{"damage":7,"enemies":"Exordium Thugs","floor":10,"turns":5},{"damage":26,"enemies":"3 Sentries","floor":13,"turns":11},{"damage":5,"enemies":"Lots of Slimes","floor":14,"turns":3},{"damage":17,"enemies":"Slime Boss","floor":16,"turns":10},{"damage":15,"enemies":"Shell Parasite","floor":18,"turns":7},{"damage":5,"enemies":"Chosen","floor":20,"turns":4},{"damage":23,"enemies":"Centurion and Healer","floor":25,"turns":7},{"damage":0,"enemies":"Snake Plant","floor":29,"turns":5},{"damage":1,"enemies":"Snecko","floor":30,"turns":5},{"damage":62,"enemies":"Collector","floor":33,"turns":12},{"damage":23,"enemies":"3 Shapes","floor":35,"turns":5},{"damage":7,"enemies":"Orb Walker","floor":39,"turns":3},{"damage":167,"enemies":"Giant Head","floor":41,"turns":12},{"damage":5,"enemies":"Writhing Mass","floor":44,"turns":4},{"damage":36,"enemies":"Maw","floor":46,"turns":8},{"damage":7,"enemies":"Jaw Worm Horde","floor":48,"turns":2},{"damage":66,"enemies":"Awakened One","floor":50,"turns":13}],"seed_played":"3347596282083582425","potions_obtained":[{"floor":1,"key":"FearPotion"},{"floor":8,"key":"SkillPotion"},{"floor":10,"key":"FairyPotion"},{"floor":16,"key":"FairyPotion"},{"floor":25,"key":"EssenceOfSteel"},{"floor":30,"key":"Dexterity Potion"},{"floor":35,"key":"PowerPotion"},{"floor":41,"key":"FearPotion"},{"floor":48,"key":"Adrenaline Potion"}],"is_trial":false,"path_per_floor":["M","$","M","M","$","E","R","M","T","M","R","?","E","M","R","B",null,"M","?","M","?","?","R","AVR","M","T","R","$","M","M","$","R","B",null,"M","$","?","$","M","R","E","$","T","M","R","M","?","M","R","B"],"character_chosen":"RUNESMITH_CLASS","items_purchased":["Runesmith:ChiselStab","Runesmith:MakeshiftArmor","Runesmith:ChaoticBlast+1","Runesmith:Firestorm","Runesmith:HammerThrow","Runesmith:EarthShield","ReplayTheSpireMod:CursedCoin","Runesmith:EnergizedChisel","ReplayTheSpireMod:Lightbulb","Runesmith:LithiumIon","Potion Belt","Gremlin Horn","Runesmith:Overpower","Runesmith:CraftReservo","Runesmith:Superposition"],"campfire_rested":9,"item_purchase_floors":[2,2,5,28,28,28,31,31,31,36,36,36,36,36,38],"current_hp_per_floor":[71,71,71,71,71,17,40,37,37,30,53,61,35,30,53,36,77,62,62,57,57,43,67,67,44,44,68,68,68,67,67,82,33,82,71,71,71,71,64,82,24,24,24,23,47,30,30,23,47,0,0],"gold":109,"neow_bonus":"TEN_PERCENT_HP_BONUS","is_daily":false,"chose_seed":false,"campfire_upgraded":0,"win_rate":0.0,"timestamp":1609635008,"path_taken":["M","$","M","M","$","E","R","M","T","M","R","?","E","M","R","BOSS","M","?","M","?","?","R","AVR","M","T","R","$","M","?","$","R","BOSS","M","$","?","$","M","R","E","?","T","M","R","M","?","M","R","BOSS"],"items_purchased_type":["Card","Card","Card","Card","Card","Card","Relic","Card","Relic","Card","Relic","Relic","Card","Card","Card"],"build_version":"2020-12-22","purchased_purges":1,"victory":false,"max_hp_per_floor":[77,77,77,77,77,77,77,77,77,77,77,77,77,77,77,77,77,77,77,77,77,82,82,82,82,82,82,82,82,82,82,82,82,82,82,82,82,82,82,82,82,82,82,82,82,82,82,82,82,82,82],"card_choices":[{"not_picked":["Runesmith:CraftObretio","Runesmith:Grindstone"],"picked":"Runesmith:Discharge","floor":1},{"not_picked":["Runesmith:EnergizedChisel","Runesmith:Repurpose"],"picked":"Runesmith:RuneHurl","floor":3},{"not_picked":["Runesmith:MakeshiftArmor","Runesmith:CraftReservo"],"picked":"Runesmith:OneForEveryone","floor":4},{"not_picked":["Runesmith:Repurpose","Runesmith:LastStand"],"picked":"Runesmith:EnergizedChisel","floor":6},{"not_picked":["Runesmith:Overpower","Runesmith:WhiteBalance"],"picked":"Runesmith:CraftProtectio","floor":8},{"not_picked":["Runesmith:Electrocute","Runesmith:Accelerate"],"picked":"Runesmith:CraftSpiculum","floor":10},{"not_picked":["Runesmith:CraftProtectio","Runesmith:UnstableHammer"],"picked":"Runesmith:PerfectChisel","floor":13},{"not_picked":["Runesmith:Grindstone","Runesmith:Refine"],"picked":"Runesmith:CraftMagma","floor":14},{"not_picked":["Runesmith:DuctTape","Runesmith:CreatorForm"],"picked":"Runesmith:CraftIndustria","floor":16},{"not_picked":["Runesmith:Empowerment","Runesmith:EarthShield+1"],"picked":"Runesmith:HeatExchange","floor":18},{"not_picked":["Runesmith:Prism","Runesmith:Augment"],"picked":"Runesmith:ShiftingStrike","floor":20},{"not_picked":["Runesmith:Electrocute","Runesmith:MakeshiftArmor+1"],"picked":"Runesmith:BackupBattery","floor":25},{"not_picked":["Runesmith:Grindstone","Runesmith:EarthShield"],"picked":"Runesmith:HeatExchange","floor":29},{"not_picked":["Runesmith:ChargedHammer","Runesmith:StaticCage"],"picked":"Runesmith:CraftMedicinae","floor":30},{"not_picked":["Runesmith:UnlimitedPower","Runesmith:Duplicate"],"picked":"Runesmith:FissionHammer","floor":33},{"not_picked":["Runesmith:Augment","Runesmith:ChiselStab","Runesmith:HammerAndChisel"],"picked":"Runesmith:PerfectChisel+1","floor":35},{"not_picked":["Runesmith:Reinforce+1","Runesmith:ChaoticBlast","Runesmith:Refine"],"picked":"Runesmith:Retool","floor":39},{"not_picked":["Runesmith:ShiftingStrike","Runesmith:BackupBattery","Runesmith:CraftMagma"],"picked":"Runesmith:Empowerment","floor":41},{"not_picked":["Runesmith:HammerThrow+1","Runesmith:CraftSpiculum","Runesmith:BackupBattery"],"picked":"Runesmith:Terraform","floor":44},{"not_picked":["Runesmith:HammerTime","Runesmith:Retool","Runesmith:ShiftingStrike+1"],"picked":"Runesmith:HammerThrow+1","floor":46},{"not_picked":["Runesmith:CraftMagma","Runesmith:CraftReservo","Runesmith:Reinforce+1"],"picked":"Runesmith:OneForEveryone+1","floor":48}],"player_experience":74361,"relics_obtained":[{"floor":6,"key":"aspiration:ChemicalBlood"},{"floor":9,"key":"aspiration:DSix"},{"floor":13,"key":"Letter Opener"},{"floor":26,"key":"Runesmith:MiniCore"},{"floor":41,"key":"Replay:Mystery Machine"},{"floor":43,"key":"Replay:Accelerometer"}],"event_choices":[{"damage_healed":0,"gold_gain":0,"player_choice":"Shed Blood","damage_taken":19,"max_hp_gain":5,"max_hp_loss":0,"event_name":"Forgotten Altar","floor":22,"gold_loss":0},{"damage_healed":0,"gold_gain":0,"player_choice":"Upgraded","damage_taken":0,"max_hp_gain":0,"max_hp_loss":0,"event_name":"Upgrade Shrine","floor":37,"gold_loss":0,"cards_upgraded":["Runesmith:Firestorm"]}],"is_beta":false,"boss_relics":[{"not_picked":["energizedSpire:StickyHand","energizedSpire:MagnifyingGlass"],"picked":"hubris:Backtick"},{"not_picked":["Coffee Dripper","energizedSpire:HugeHouse"],"picked":"Honey Jar"}],"items_purged_floors":[31],"is_endless":false,"potions_floor_spawned":[1,8,10,16,25,30,35,41,48],"killed_by":"Awakened One","ascension_level":0}}