{"host":"sav7uxregyirlf69","time":1609666767,"event":{"mods":["AchievementEnabler","BaseMod","Colored Map","DeckTracker","Keyboard Shortcuts","Minty Spire (QoL Compilation)","READ ME - Guardian Mod","StSLib","SuperFastMode"],"gold_per_floor":[111,131,131,201,251,251,265,265,317,351,287,37,51,26,26,105,105,120,170,187,237,337,337,353,419,419,502,502,477,505,520,520,597,597,608,620,640,690,598,598,630,902,928,1057,1107,709,738,758,758,758,758],"floor_reached":50,"playtime":1035,"items_purged":["Defend_R","Strike_R","Strike_R","Strike_R"],"score":1236,"play_id":"a541a6e2-69c7-4c95-8217-b7b2f35f1dac","local_time":"20210103183927","is_ascension_mode":true,"campfire_choices":[{"data":"True Grit","floor":6.0,"key":"SMITH"},{"floor":8.0,"key":"DIG"},{"data":"Fire Breathing","floor":15.0,"key":"SMITH"},{"floor":23.0,"key":"REST"},{"floor":28.0,"key":"REST"},{"data":"Body Slam","floor":32.0,"key":"SMITH"},{"data":"Feel No Pain","floor":40.0,"key":"SMITH"},{"floor":49,"key":"RECALL"}],"circlet_count":0,"master_deck":["AscendersBane","Defend_R","Defend_R","Bash","Power Through","Fire Breathing+1","True Grit+1","Juggernaut","Body Slam+1","Flame Barrier","Shrug It Off","Seeing Red","Offering","Feel No Pain+1","Sever Soul","Seeing Red","Dual Wield","Immolate","CurseOfTheBell","Evolve+1","Warcry","Sentinel","Shrug It Off","Armaments","Secret Technique"],"relics":["Burning Blood","Shovel","SsserpentHead","Bag of Preparation","Strawberry","InkBottle","Membership Card","Sozu","Enchiridion","Paper Frog","Red Mask","Red Skull","Calling Bell","Omamori","Pear","TungstenRod","Smiling Mask","HornCleat","Question Card","Regal Pillow","Toy Ornithopter"],"acts_visited":["Exordium","TheCity","TheBeyond"],"potions_floor_usage":[],"damage_taken":[{"damage":3.0,"enemies":"2 Louse","floor":1.0,"turns":3.0},{"damage":12.0,"enemies":"Cultist","floor":2.0,"turns":4.0},{"damage":3.0,"enemies":"Small Slimes","floor":4.0,"turns":5.0},{"damage":1.0,"enemies":"Exordium Wildlife","floor":7.0,"turns":5.0},{"damage":54.0,"enemies":"Gremlin Nob","floor":10.0,"turns":6.0},{"damage":9.0,"enemies":"Large Slime","floor":13.0,"turns":7.0},{"damage":0.0,"enemies":"Slime Boss","floor":16.0,"turns":5.0},{"damage":6.0,"enemies":"Chosen","floor":18.0,"turns":3.0},{"damage":9.0,"enemies":"2 Thieves","floor":20.0,"turns":3.0},{"damage":6.0,"enemies":"Snecko","floor":24.0,"turns":3.0},{"damage":6.0,"enemies":"Snake Plant","floor":25.0,"turns":4.0},{"damage":36.0,"enemies":"Masked Bandits","floor":27.0,"turns":5.0},{"damage":6.0,"enemies":"Gremlin Leader","floor":30.0,"turns":4.0},{"damage":6.0,"enemies":"Chosen and Byrds","floor":31.0,"turns":4.0},{"damage":49.0,"enemies":"Automaton","floor":33.0,"turns":7.0},{"damage":6.0,"enemies":"3 Darklings","floor":35.0,"turns":3.0},{"damage":14.0,"enemies":"Orb Walker","floor":36.0,"turns":3.0},{"damage":22.0,"enemies":"Sphere and 2 Shapes","floor":37.0,"turns":4.0},{"damage":36.0,"enemies":"Nemesis","floor":41.0,"turns":5.0},{"damage":13,"enemies":"Reptomancer","floor":47,"turns":6},{"damage":18,"enemies":"Maw","floor":48,"turns":6},{"damage":83,"enemies":"Awakened One","floor":50,"turns":8}],"seed_played":"-1716757630476128990","potions_obtained":[{"floor":2.0,"key":"Fire Potion"},{"floor":4.0,"key":"Swift Potion"},{"floor":13.0,"key":"Fire Potion"},{"floor":16.0,"key":"BloodPotion"}],"is_trial":false,"path_per_floor":["M","M","?","M","?","R","M","R","T","E","$","$","M","?","R","B",null,"M","?","M","?","?","R","M","M","T","?","R","?","E","M","R","B",null,"M","M","M","?","$","R","E","?","T","T","?","$","E","M","R","B"],"character_chosen":"IRONCLAD","items_purchased":["Flame Barrier","Membership Card","Shrug It Off","Warcry","Shrug It Off","Armaments","Question Card","Regal Pillow","Secret Technique"],"campfire_rested":2,"item_purchase_floors":[11,12,12,39,46,46,46,46,46],"current_hp_per_floor":[68,62,62,65,65,65,68,68,75,27,27,27,24,24,24,30,64,64,43,40,19,19,43,43,43,43,13,37,37,37,37,37,10,73,73,65,49,49,49,49,19,19,19,19,90,90,83,71,71,0,0],"gold":758,"neow_bonus":"ONE_RARE_RELIC","is_daily":false,"chose_seed":false,"campfire_upgraded":4,"win_rate":0.0,"timestamp":1609666767,"path_taken":["M","M","?","?","?","R","M","R","T","E","?","$","M","?","R","BOSS","M","?","M","?","?","R","M","?","T","?","R","?","E","M","R","BOSS","M","M","M","?","$","R","E","?","T","?","?","$","E","M","R","BOSS"],"items_purchased_type":["Card","Relic","Card","Card","Card","Card","Relic","Relic","Card"],"build_version":"2020-12-22","purchased_purges":4,"victory":false,"max_hp_per_floor":[68,68,68,68,68,68,68,68,75,75,75,75,75,75,75,75,75,75,75,75,80,80,80,80,80,80,80,80,80,80,80,80,80,90,90,90,90,90,90,90,90,90,90,90,90,90,90,90,90,90,90],"card_choices":[{"not_picked":["Pommel Strike","Anger"],"picked":"Power Through","floor":1.0},{"not_picked":["Shockwave","Wild Strike"],"picked":"Fire Breathing","floor":2.0},{"not_picked":["Disarm","Uppercut"],"picked":"True Grit","floor":4.0},{"not_picked":["Body Slam","Warcry"],"picked":"Juggernaut","floor":7.0},{"not_picked":["Brutality","Uppercut"],"picked":"Body Slam","floor":10.0},{"not_picked":["Twin Strike","Warcry"],"picked":"Seeing Red","floor":13.0},{"not_picked":["Exhume","Limit Break"],"picked":"Offering","floor":16.0},{"not_picked":["Spot Weakness","Perfected Strike","Thunderclap"],"picked":"SKIP","floor":18.0},{"not_picked":["Warcry","Perfected Strike+1"],"picked":"Feel No Pain","floor":20.0},{"not_picked":["Dropkick","Cleave","Pommel Strike"],"picked":"SKIP","floor":24.0},{"not_picked":["Flex","Heavy Blade","Rampage"],"picked":"SKIP","floor":25.0},{"not_picked":["Disarm","Iron Wave"],"picked":"Sever Soul","floor":27.0},{"not_picked":["Warcry","Iron Wave"],"picked":"Seeing Red","floor":30.0},{"not_picked":["Iron Wave","True Grit"],"picked":"Dual Wield","floor":31.0},{"not_picked":["Corruption","Fiend Fire"],"picked":"Immolate","floor":33.0},{"not_picked":["Rampage","Reckless Charge","Perfected Strike"],"picked":"SKIP","floor":35.0},{"not_picked":["Twin Strike","Cleave","True Grit"],"picked":"SKIP","floor":36.0},{"not_picked":["Impervious","Metallicize"],"picked":"Evolve+1","floor":37.0},{"not_picked":["Feel No Pain","True Grit+1"],"picked":"Sentinel","floor":41.0},{"not_picked":["Wild Strike","Headbutt","Cleave","Corruption"],"picked":"SKIP","floor":47},{"not_picked":["Iron Wave","Anger+1","Dual Wield","Rage"],"picked":"SKIP","floor":48}],"player_experience":1118191,"relics_obtained":[{"floor":8.0,"key":"Bag of Preparation"},{"floor":9.0,"key":"Strawberry"},{"floor":10.0,"key":"InkBottle"},{"floor":19.0,"key":"Enchiridion"},{"floor":26.0,"key":"Paper Frog"},{"floor":27.0,"key":"Red Mask"},{"floor":30.0,"key":"Red Skull"},{"floor":34.0,"key":"Omamori"},{"floor":34.0,"key":"Pear"},{"floor":34.0,"key":"TungstenRod"},{"floor":41.0,"key":"Smiling Mask"},{"floor":44.0,"key":"HornCleat"},{"floor":47,"key":"Toy Ornithopter"}],"event_choices":[{"damage_healed":0.0,"max_hp_gain":0.0,"max_hp_loss":0.0,"gold_gain":0.0,"event_name":"FaceTrader","player_choice":"Trade","floor":3.0,"gold_loss":0.0,"damage_taken":0.0,"relics_obtained":["SsserpentHead"]},{"cards_removed":["Strike_R"],"damage_healed":0.0,"max_hp_gain":0.0,"max_hp_loss":0.0,"gold_gain":0.0,"event_name":"Bonfire Elementals","player_choice":"Offered Basic","floor":5.0,"gold_loss":0.0,"damage_taken":0.0},{"cards_removed":["Strike_R"],"damage_healed":0.0,"max_hp_gain":0.0,"max_hp_loss":0.0,"gold_gain":0.0,"event_name":"The Cleric","player_choice":"Card Removal","floor":14.0,"gold_loss":75.0,"damage_taken":0.0},{"damage_healed":0.0,"max_hp_gain":0.0,"max_hp_loss":0.0,"gold_gain":0.0,"event_name":"Cursed Tome","player_choice":"Obtained Book","floor":19.0,"gold_loss":0.0,"damage_taken":21.0},{"damage_healed":0.0,"max_hp_gain":5.0,"max_hp_loss":0.0,"gold_gain":0.0,"event_name":"Forgotten Altar","player_choice":"Shed Blood","floor":21.0,"gold_loss":0.0,"damage_taken":26.0},{"damage_healed":0.0,"max_hp_gain":0.0,"max_hp_loss":0.0,"gold_gain":50.0,"event_name":"Golden Shrine","player_choice":"Pray","floor":22.0,"gold_loss":0.0,"damage_taken":0.0},{"damage_healed":0.0,"max_hp_gain":0.0,"max_hp_loss":0.0,"gold_gain":0.0,"event_name":"Masked Bandits","player_choice":"Fought Bandits","floor":27.0,"gold_loss":0.0,"damage_taken":0.0},{"cards_removed":["Defend_R"],"damage_healed":0.0,"max_hp_gain":0.0,"max_hp_loss":0.0,"gold_gain":0.0,"event_name":"Beggar","player_choice":"Gave Gold","floor":29.0,"gold_loss":75.0,"damage_taken":0.0},{"damage_healed":0.0,"max_hp_gain":0.0,"max_hp_loss":0.0,"gold_gain":0.0,"event_name":"Mysterious Sphere","player_choice":"Ignored","floor":38.0,"gold_loss":0.0,"damage_taken":0.0},{"damage_healed":0.0,"max_hp_gain":0.0,"max_hp_loss":0.0,"gold_gain":222.0,"event_name":"Tomb of Lord Red Mask","player_choice":"Wore Mask","floor":42.0,"gold_loss":0.0,"damage_taken":0.0},{"damage_healed":71.0,"max_hp_gain":0.0,"max_hp_loss":0.0,"gold_gain":0.0,"event_name":"MindBloom","player_choice":"Heal","floor":45.0,"gold_loss":0.0,"damage_taken":0.0,"cards_obtained":["Doubt"]}],"is_beta":false,"boss_relics":[{"not_picked":["Busted Crown","Black Star"],"picked":"Sozu"},{"not_picked":["SacredBark","Runic Pyramid"],"picked":"Calling Bell"}],"items_purged_floors":[11,12,39,46],"is_endless":false,"potions_floor_spawned":[2,4,7,13,16,20,24,30,31,35,41,47],"killed_by":"Awakened One","ascension_level":20}}