{"host":"aq6zgkax5kiz71xp","time":1609644053,"event":{"mods":["Act Like it!","Aspiration","BaseMod","Bestiary","Minty Spire (QoL Compilation)","Quick Restart","StSLib"],"gold_per_floor":[110,129,129,35,35,64,64,98,123,83,103,103,116,41,41,143,143,163,23,23,23,23,23,48,48,48,147,157,157,175,206,206,309,309,327,237,249,296,143,177,177,188,188,0,18,18,31,63,63,63,63,63,23,58,58],"floor_reached":56,"playtime":2853,"items_purged":["Injury"],"score":1605,"play_id":"dc550863-1662-4476-a15d-160258e9a7e7","local_time":"20210103112053","is_ascension_mode":true,"campfire_choices":[{"data":"Infinite Blades","floor":7.0,"key":"SMITH"},{"floor":15.0,"key":"REST"},{"floor":23,"key":"REST"},{"floor":25,"key":"REST"},{"data":"After Image","floor":32,"key":"SMITH"},{"floor":41,"key":"REST"},{"floor":49,"key":"RECALL"},{"data":"A Thousand Cuts","floor":52,"key":"SMITH"}],"circlet_count":0,"master_deck":["Strike_G","Strike_G+1","Strike_G","Defend_G","Defend_G","Defend_G","Survivor","Neutralize","Outmaneuver","Choke","Infinite Blades+1","Deflect","Glass Knife","Deflect","Deflect","Accuracy","After Image+1","CurseOfTheBell","Acrobatics+1","Blade Dance+1","Good Instincts+1","PiercingWail+1","Footwork","Blade Dance+1","PiercingWail+1","Finisher+1","A Thousand Cuts+1","Cloak And Dagger+1","Blade Dance+1","Setup+1","Expertise+1","Calculated Gamble+1","Choke+1"],"relics":["Ring of the Snake","NeowsBlessing","Tiny Chest","Dream Catcher","Toxic Egg 2","Calling Bell","Juzu Bracelet","aspiration:HummingbirdHeart","aspiration:HatOfInfinitePower","Pear","aspiration:RitualStick","aspiration:DSix","Molten Egg 2","aspiration:StickyExplosives_weak","Paper Crane","aspiration:FutureDiary","Happy Flower","Lee\u0027s Waffle","Bird Faced Urn","aspiration:AnachronicSnailShell","Red Mask","Tough Bandages","aspiration:Headhunter","Bottled Flame"],"acts_visited":["Exordium","TheCity","TheBeyond","TheEnding"],"potions_floor_usage":[24,31,40,48,54,55,55],"damage_taken":[{"damage":0.0,"enemies":"Cultist","floor":1.0,"turns":1.0},{"damage":0.0,"enemies":"Small Slimes","floor":2.0,"turns":1.0},{"damage":0.0,"enemies":"Gremlin Nob","floor":6.0,"turns":1.0},{"damage":21.0,"enemies":"Lagavulin","floor":8.0,"turns":9.0},{"damage":0.0,"enemies":"2 Louse","floor":11.0,"turns":3.0},{"damage":11.0,"enemies":"Lots of Slimes","floor":13.0,"turns":5.0},{"damage":32.0,"enemies":"The Guardian","floor":16.0,"turns":11.0},{"damage":16,"enemies":"Spheric Guardian","floor":18,"turns":7},{"damage":10,"enemies":"Slavers","floor":24,"turns":6},{"damage":9,"enemies":"Chosen","floor":28,"turns":7},{"damage":0,"enemies":"Centurion and Healer","floor":30,"turns":6},{"damage":0,"enemies":"Gremlin Leader","floor":31,"turns":9},{"damage":43,"enemies":"Champ","floor":33,"turns":9},{"damage":13,"enemies":"Orb Walker","floor":35,"turns":5},{"damage":11,"enemies":"3 Darklings","floor":37,"turns":5},{"damage":17,"enemies":"2 Orb Walkers","floor":38,"turns":5},{"damage":52,"enemies":"Giant Head","floor":40,"turns":8},{"damage":0,"enemies":"Jaw Worm Horde","floor":42,"turns":4},{"damage":4,"enemies":"Spire Growth","floor":45,"turns":4},{"damage":16,"enemies":"Sphere and 2 Shapes","floor":47,"turns":3},{"damage":0,"enemies":"Nemesis","floor":48,"turns":7},{"damage":12,"enemies":"Donu and Deca","floor":50,"turns":7},{"damage":20,"enemies":"Shield and Spear","floor":54,"turns":6},{"damage":38,"enemies":"The Heart","floor":55,"turns":8}],"seed_played":"-4892464402151990429","potions_obtained":[{"floor":6.0,"key":"Weak Potion"},{"floor":10.0,"key":"GamblersBrew"},{"floor":10.0,"key":"Fire Potion"},{"floor":10.0,"key":"Energy Potion"},{"floor":13.0,"key":"Explosive Potion"},{"floor":30,"key":"ColorlessPotion"},{"floor":40,"key":"Block Potion"},{"floor":45,"key":"CunningPotion"},{"floor":47,"key":"LiquidBronze"},{"floor":54,"key":"Fire Potion"}],"is_trial":false,"path_per_floor":["M","M","?","$","?","E","R","E","T","?","M","?","M","$","R","B",null,"M","$","T","?","?","R","E","R","T","?","M","T","M","E","R","B",null,"M","?","M","?","$","E","R","M","T","?","M","T","M","E","R","B",null,"R","$","E","B",null],"character_chosen":"THE_SILENT","items_purchased":["Infinite Blades","Deflect","Blade Dance+1","Good Instincts+1","Lee\u0027s Waffle","Choke+1"],"campfire_rested":4,"item_purchase_floors":[4,4,19,19,39,53],"current_hp_per_floor":[70,70,70,70,63,63,63,42,42,42,42,42,31,31,52,20,58,42,42,52,52,36,60,50,74,74,74,65,65,65,65,65,22,66,53,53,42,25,87,35,61,71,71,71,75,75,67,77,77,75,84,84,84,69,45],"gold":58,"neow_bonus":"THREE_ENEMY_KILL","is_daily":false,"chose_seed":false,"campfire_upgraded":3,"win_rate":0.0,"timestamp":1609644053,"path_taken":["M","M","?","?","?","E","R","E","T","?","?","?","M","$","R","BOSS","M","$","?","?","?","R","E","R","T","?","M","?","M","E","R","BOSS","M","?","M","?","$","E","R","M","T","?","M","?","M","E","R","BOSS","R","$","E","BOSS"],"items_purchased_type":["Card","Card","Card","Card","Relic","Card"],"build_version":"2020-12-22","purchased_purges":1,"victory":true,"max_hp_per_floor":[70,70,70,70,70,70,70,70,70,70,70,70,70,70,70,70,70,70,70,80,80,80,80,80,80,80,80,80,80,80,80,80,80,80,80,80,80,80,87,87,87,87,87,87,87,87,87,87,87,87,87,87,87,87,87],"card_choices":[{"not_picked":["Poisoned Stab","Riddle With Holes"],"picked":"Outmaneuver","floor":1.0},{"not_picked":["Riddle With Holes","Poisoned Stab"],"picked":"Choke","floor":2.0},{"not_picked":["Poisoned Stab","Sucker Punch"],"picked":"Glass Knife","floor":6.0},{"not_picked":["Riddle With Holes","Outmaneuver"],"picked":"Deflect","floor":8.0},{"not_picked":["Dash","Heel Hook"],"picked":"Deflect","floor":11.0},{"not_picked":["Outmaneuver+1","Acrobatics+1"],"picked":"Accuracy","floor":13.0},{"not_picked":["Envenom","Doppelganger+1"],"picked":"After Image","floor":16.0},{"not_picked":["Prepared+1","Dagger Throw"],"picked":"Acrobatics+1","floor":18},{"not_picked":["Dash","All Out Attack"],"picked":"PiercingWail+1","floor":23},{"not_picked":["Deadly Poison+1","Bouncing Flask+1"],"picked":"Footwork","floor":24},{"not_picked":["Dash","Dodge and Roll+1"],"picked":"Blade Dance+1","floor":25},{"not_picked":["Poisoned Stab+1","Unload+1"],"picked":"PiercingWail+1","floor":28},{"not_picked":["Tactician+1","Deadly Poison+1","Noxious Fumes"],"picked":"SKIP","floor":30},{"not_picked":["Masterful Stab+1","PiercingWail+1"],"picked":"Finisher+1","floor":31},{"not_picked":["Malaise+1","Unload+1"],"picked":"A Thousand Cuts","floor":33},{"not_picked":["Caltrops","Masterful Stab+1"],"picked":"Cloak And Dagger+1","floor":35},{"not_picked":["Underhanded Strike+1","Predator+1"],"picked":"Blade Dance+1","floor":37},{"not_picked":["PiercingWail+1","Catalyst+1","Heel Hook+1"],"picked":"SKIP","floor":40},{"not_picked":["Expertise+1","Deflect+1"],"picked":"Setup+1","floor":42},{"not_picked":["Dash+1","Leg Sweep+1"],"picked":"Expertise+1","floor":45},{"not_picked":["Grand Finale+1","Well Laid Plans","Bane+1"],"picked":"SKIP","floor":47},{"not_picked":["Leg Sweep+1","Sucker Punch+1"],"picked":"Calculated Gamble+1","floor":48},{"not_picked":["Caltrops","Dagger Spray+1","Catalyst+1"],"picked":"SKIP","floor":54}],"player_experience":367712,"relics_obtained":[{"floor":6.0,"key":"Tiny Chest"},{"floor":8.0,"key":"Dream Catcher"},{"floor":17,"key":"Juzu Bracelet"},{"floor":17,"key":"aspiration:HummingbirdHeart"},{"floor":17,"key":"aspiration:HatOfInfinitePower"},{"floor":20,"key":"Pear"},{"floor":24,"key":"aspiration:DSix"},{"floor":26,"key":"Molten Egg 2"},{"floor":29,"key":"aspiration:StickyExplosives_weak"},{"floor":31,"key":"Paper Crane"},{"floor":38,"key":"Happy Flower"},{"floor":40,"key":"Bird Faced Urn"},{"floor":43,"key":"aspiration:AnachronicSnailShell"},{"floor":46,"key":"Tough Bandages"},{"floor":48,"key":"aspiration:Headhunter"},{"floor":54,"key":"Bottled Flame"}],"event_choices":[{"cards_removed":["Defend_G"],"damage_healed":0.0,"max_hp_gain":0.0,"max_hp_loss":0.0,"gold_gain":0.0,"event_name":"Purifier","player_choice":"Purged","floor":3.0,"gold_loss":0.0,"damage_taken":0.0},{"cards_removed":["Strike_G"],"damage_healed":0.0,"max_hp_gain":0.0,"max_hp_loss":0.0,"gold_gain":0.0,"event_name":"Golden Wing","player_choice":"Card Removal","floor":5.0,"gold_loss":0.0,"damage_taken":7.0},{"damage_healed":0.0,"max_hp_gain":0.0,"max_hp_loss":0.0,"gold_gain":0.0,"event_name":"The Woman in Blue","player_choice":"Bought 3 Potions","floor":10.0,"gold_loss":0.0,"damage_taken":0.0},{"cards_removed":["Defend_G"],"damage_healed":0,"gold_gain":0,"player_choice":"Purged","damage_taken":0,"max_hp_gain":0,"max_hp_loss":0,"event_name":"Purifier","floor":21,"gold_loss":0},{"damage_healed":0,"gold_gain":99,"player_choice":"Stole From Cult","damage_taken":0,"max_hp_gain":0,"max_hp_loss":0,"event_name":"Nest","floor":27,"gold_loss":0},{"cards_removed":["Strike_G"],"damage_healed":0,"gold_gain":0,"player_choice":"Upgrade and Remove","damage_taken":0,"max_hp_gain":0,"max_hp_loss":0,"event_name":"Designer","floor":36,"gold_loss":90,"cards_upgraded":["Strike_G"]},{"damage_healed":0,"gold_gain":0,"player_choice":"Fight","damage_taken":0,"max_hp_gain":0,"max_hp_loss":0,"event_name":"Mysterious Sphere","floor":38,"gold_loss":0},{"damage_healed":0,"gold_gain":0,"player_choice":"Paid","damage_taken":0,"relics_obtained":["Red Mask"],"max_hp_gain":0,"max_hp_loss":0,"event_name":"Tomb of Lord Red Mask","floor":44,"gold_loss":188}],"is_beta":false,"boss_relics":[{"not_picked":["aspiration:WatcherSkillbook","Fusion Hammer"],"picked":"Calling Bell"},{"not_picked":["SacredBark","Snecko Eye"],"picked":"aspiration:FutureDiary"}],"items_purged_floors":[14],"is_endless":false,"potions_floor_spawned":[6,13,30,40,45,47,54],"ascension_level":5}}