{"host":"ayoht9c4p7swfg3f","time":1609690861,"event":{"mods":["Aspiration","BaseMod","Better Altar","Better Match","Better Sensory Stone","Better Skull","Better Third Choice","Colored Map","Conspire","Downfall","GifTheSpireLib","Highlight Path","Hubris","Minty Spire (QoL Compilation)","Permanent Neow","Replay The Spire","Shop Mod","Spicy Shops","StSLib","Stuff the Spire","Unceasing Turn Reminder"],"gold_per_floor":[99,113,124,124,141,141,166,91,117,129,141,170,188,24,34,34,34,34],"floor_reached":16,"playtime":1219,"items_purged":[],"score":114,"play_id":"a5882eb4-1d33-4978-80b2-1dc90c28c379","local_time":"20210103112101","is_ascension_mode":false,"campfire_choices":[{"data":"Slimebound:Split","floor":1,"key":"SMITH"},{"data":"Slimebound:CorrosiveSpit","floor":1,"key":"SMITH"},{"data":"Slimebound:SplitAcid","floor":6,"key":"SMITH"},{"data":"Slimebound:PressTheAttack","floor":6,"key":"SMITH"},{"floor":8,"key":"RECALL"}],"circlet_count":0,"master_deck":["Slimebound:Strike_Slimebound","Slimebound:Strike_Slimebound","Slimebound:Tackle","Slimebound:Defend_Slimebound","Slimebound:Defend_Slimebound","Slimebound:Defend_Slimebound","Slimebound:Defend_Slimebound","Slimebound:Split+1","Slimebound:CorrosiveSpit+1","Slimebound:GoopSpray","Slimebound:PressTheAttack+1","Slimebound:SplitAcid+1","Slimebound:SplitMire","Slimebound:Schlurp","Slimebound:Gluttony","Slimebound:TongueLash","Slimebound:PrepareCrush","Slimebound:RollThrough","Slimebound:LeechingTouch"],"relics":["Slimebound:AbsorbEndCombat","Replay:Arrowhead","downfall:HeartBlessingBlue","StuffTheSpire:RubySignet","ReplayFunnel","Membership Card"],"acts_visited":["Exordium"],"potions_floor_usage":[9,11,14,16],"damage_taken":[{"damage":9,"enemies":"Jaw Worm","floor":2,"turns":4},{"damage":11,"enemies":"Cultist","floor":3,"turns":4},{"damage":13,"enemies":"Small Slimes","floor":5,"turns":3},{"damage":36,"enemies":"Gremlin Nob","floor":9,"turns":4},{"damage":15,"enemies":"3 Louse","floor":10,"turns":3},{"damage":21,"enemies":"2 Fungi Beasts","floor":11,"turns":3},{"damage":31,"enemies":"Lagavulin","floor":12,"turns":4},{"damage":20,"enemies":"Gremlin Gang","floor":13,"turns":3},{"damage":22,"enemies":"downfall:FleeingMerchant","floor":14,"turns":4},{"damage":21,"enemies":"Blue Slaver","floor":15,"turns":3},{"damage":76,"enemies":"downfall:Defect","floor":16,"turns":5}],"seed_played":"7158958777629929936","potions_obtained":[{"floor":3,"key":"Adrenaline Potion"},{"floor":9,"key":"SpeedPotion"},{"floor":12,"key":"PowerPotion"},{"floor":13,"key":"SkillPotion"},{"floor":15,"key":"Explosive Potion"}],"is_trial":false,"path_per_floor":["R","M","M","?","M","R","T","R","E","M","M","E","M","$","M","B"],"character_chosen":"SLIMEBOUND","items_purchased":["Membership Card"],"campfire_rested":0,"item_purchase_floors":[14],"current_hp_per_floor":[42,53,58,58,57,57,57,67,54,51,52,49,41,51,50,0,0,0],"gold":34,"neow_bonus":"ONE_RARE_RELIC","is_daily":false,"chose_seed":false,"campfire_upgraded":4,"win_rate":0.0,"timestamp":1609690861,"path_taken":["R","M","M","?","M","R","T","R","E","M","?","E","M","$","M","BOSS"],"items_purchased_type":["Relic"],"build_version":"2020-12-22","purchased_purges":0,"victory":false,"max_hp_per_floor":[60,60,60,60,60,60,60,70,70,70,70,70,70,70,70,70,70,70],"card_choices":[{"not_picked":["Slimebound:ViciousTackle","Slimebound:FlameTackle"],"picked":"Slimebound:GoopSpray","floor":2},{"not_picked":["Slimebound:SplitBruiser","Slimebound:ForwardTackle"],"picked":"Slimebound:PressTheAttack","floor":3},{"not_picked":["Slimebound:Chomp","Slimebound:SamplingLick"],"picked":"Slimebound:SplitAcid","floor":5},{"not_picked":["Slimebound:LivingWall","Slimebound:HauntingLick"],"picked":"Slimebound:SplitMire","floor":9},{"not_picked":["Slimebound:BestDefense","Slimebound:GrowthPunch"],"picked":"Slimebound:Schlurp","floor":10},{"not_picked":["Slimebound:SplitBruiser","Slimebound:LeechEnergy"],"picked":"Slimebound:Gluttony","floor":11},{"not_picked":["Slimebound:Replication","Slimebound:ViciousTackle"],"picked":"Slimebound:TongueLash","floor":12},{"not_picked":["Slimebound:ForwardTackle","Slimebound:FlameTackle"],"picked":"Slimebound:PrepareCrush","floor":13},{"not_picked":["Slimebound:SplitBruiser","Slimebound:SlimeBarrage"],"picked":"Slimebound:RollThrough","floor":14},{"not_picked":["Slimebound:ViciousTackle","Slimebound:GoopSpray"],"picked":"Slimebound:LeechingTouch","floor":15}],"player_experience":124738,"relics_obtained":[{"floor":9,"key":"StuffTheSpire:RubySignet"},{"floor":12,"key":"ReplayFunnel"}],"event_choices":[{"cards_removed":["Slimebound:Strike_Slimebound"],"damage_healed":0,"gold_gain":0,"player_choice":"Offered Basic","damage_taken":0,"max_hp_gain":0,"max_hp_loss":0,"event_name":"Bonfire Elementals","floor":4,"gold_loss":0}],"is_beta":false,"boss_relics":[],"items_purged_floors":[],"is_endless":false,"potions_floor_spawned":[3,9,12,13,15],"killed_by":"downfall:Defect","ascension_level":0}}