{"host":"hz94vu9lk5pvuib2","time":1609646759,"event":{"mods":["BaseMod","Colored Map","Minty Spire (QoL Compilation)","Waifu the Spire"],"gold_per_floor":[116,132,307,322,392,392,8,23,23,37,37,37,52,52,52,147,147,160,170,187,42,42,42,53,71,94,106,217,249,12,12,12,116,116,127,140,155,173,187,187,187,202,226,186,186,206,206,217,217,217,217],"floor_reached":50,"playtime":2807,"items_purged":["Doubt"],"score":490,"play_id":"383d50dc-6a52-4858-a525-a0a0a1e8f8fb","local_time":"20210103130559","is_ascension_mode":false,"campfire_choices":[{"data":"Eruption","floor":6,"key":"SMITH"},{"data":"Vigilance","floor":11,"key":"SMITH"},{"data":"Perseverance","floor":15,"key":"SMITH"}],"circlet_count":0,"master_deck":["Strike_P","Strike_P","Defend_P+1","Defend_P+1","Defend_P","Defend_P","Eruption+1","Vigilance+1","SashWhip","Perseverance+1","Conclude","BattleHymn","SignatureMove","LikeWater","Protect","LessonLearned","Evaluate+1","ClearTheMind+1","Vengeance+1","TalkToTheHand","FearNoEvil+1","Meditate+1","SpiritShield","Consecrate+1","Protect+1","Parasite","ReachHeaven+1","FollowUp","Crescendo+1"],"relics":["Coffee Dripper","Mercury Hourglass","Mummified Hand","HornCleat","Fusion Hammer","Lantern","MutagenicStrength","MawBank","OrangePellets","Empty Cage","Regal Pillow"],"acts_visited":["Exordium","TheCity","TheBeyond"],"potions_floor_usage":[13,16,20,24,25,33,39,44,46,46,50],"damage_taken":[{"damage":0,"enemies":"Small Slimes","floor":1,"turns":3},{"damage":0,"enemies":"Jaw Worm","floor":2,"turns":2},{"damage":5,"enemies":"Cultist","floor":4,"turns":3},{"damage":0,"enemies":"3 Louse","floor":8,"turns":1},{"damage":6,"enemies":"Lots of Slimes","floor":10,"turns":2},{"damage":3,"enemies":"Red Slaver","floor":13,"turns":2},{"damage":0,"enemies":"Slime Boss","floor":16,"turns":5},{"damage":1,"enemies":"Spheric Guardian","floor":18,"turns":4},{"damage":0,"enemies":"3 Byrds","floor":19,"turns":4},{"damage":22,"enemies":"Snake Plant","floor":20,"turns":3},{"damage":0,"enemies":"3 Cultists","floor":24,"turns":4},{"damage":4,"enemies":"Snecko","floor":25,"turns":5},{"damage":16,"enemies":"Cultist and Chosen","floor":29,"turns":6},{"damage":43,"enemies":"Automaton","floor":33,"turns":10},{"damage":11,"enemies":"3 Darklings","floor":35,"turns":6},{"damage":9,"enemies":"3 Shapes","floor":36,"turns":4},{"damage":27,"enemies":"Writhing Mass","floor":37,"turns":5},{"damage":0,"enemies":"Sphere and 2 Shapes","floor":38,"turns":3},{"damage":1,"enemies":"3 Darklings","floor":39,"turns":4},{"damage":22,"enemies":"Writhing Mass","floor":42,"turns":7},{"damage":6,"enemies":"Jaw Worm Horde","floor":46,"turns":3},{"damage":1,"enemies":"Transient","floor":48,"turns":5},{"damage":15,"enemies":"Donu and Deca","floor":50,"turns":2}],"seed_played":"5342742297703020297","potions_obtained":[{"floor":1,"key":"Energy Potion"},{"floor":8,"key":"PowerPotion"},{"floor":10,"key":"Fruit Juice"},{"floor":13,"key":"SteroidPotion"},{"floor":19,"key":"AttackPotion"},{"floor":20,"key":"SpeedPotion"},{"floor":38,"key":"Dexterity Potion"},{"floor":39,"key":"LiquidBronze"},{"floor":42,"key":"Energy Potion"},{"floor":44,"key":"Fruit Juice"},{"floor":44,"key":"Fire Potion"}],"is_trial":false,"path_per_floor":["M","M","?","M","T","R","$","M","T","M","R","$","M","?","R","B",null,"M","M","M","$","?","R","M","M","T","R","?","M","$","?","R","B",null,"M","M","M","M","M","R","?","M","T","?","R","M","R","M","R","B"],"character_chosen":"WATCHER","items_purchased":["Mummified Hand","BattleHymn","Lantern","FairyPotion","OrangePellets"],"campfire_rested":0,"item_purchase_floors":[7,7,21,30,30],"current_hp_per_floor":[72,72,72,67,67,67,67,67,67,61,61,61,63,63,63,63,77,76,76,54,54,54,54,54,50,50,50,50,34,34,34,34,14,77,66,57,30,30,29,29,29,7,7,12,12,6,6,5,5,0,0],"gold":217,"neow_bonus":"BOSS_RELIC","is_daily":false,"chose_seed":false,"campfire_upgraded":3,"win_rate":0.0,"timestamp":1609646759,"path_taken":["M","M","?","M","?","R","$","M","T","?","R","$","M","?","R","BOSS","M","?","M","$","?","R","M","M","T","R","?","M","$","?","R","BOSS","M","M","M","M","M","R","?","?","T","?","R","M","R","M","R","BOSS"],"items_purchased_type":["Relic","Card","Relic","Potion","Relic"],"build_version":"2020-12-22","purchased_purges":1,"victory":false,"max_hp_per_floor":[72,72,72,72,72,72,72,72,72,72,72,72,77,77,77,77,77,77,77,77,77,77,77,77,77,77,77,77,77,77,77,77,77,77,77,77,77,77,77,77,77,77,77,82,82,82,82,82,82,82,82],"card_choices":[{"not_picked":["ForeignInfluence","EmptyMind"],"picked":"SashWhip","floor":1},{"not_picked":["PathToVictory","FlyingSleeves"],"picked":"Perseverance","floor":2},{"not_picked":["ClearTheMind","ReachHeaven"],"picked":"Conclude","floor":4},{"not_picked":["PathToVictory","Protect"],"picked":"SignatureMove","floor":8},{"not_picked":["Protect","Crescendo"],"picked":"LikeWater","floor":10},{"not_picked":["JustLucky","Devotion"],"picked":"Protect","floor":13},{"not_picked":["Scrawl","Vault"],"picked":"LessonLearned","floor":16},{"not_picked":["EmptyFist","SignatureMove"],"picked":"Evaluate","floor":18},{"not_picked":["Adaptation","FlyingSleeves"],"picked":"ClearTheMind","floor":19},{"not_picked":["DeceiveReality+1","FlyingSleeves+1"],"picked":"Vengeance+1","floor":20},{"not_picked":["ThirdEye","WreathOfFlame"],"picked":"TalkToTheHand","floor":24},{"not_picked":["PathToVictory+1","CutThroughFate"],"picked":"FearNoEvil+1","floor":25},{"not_picked":["SashWhip","EmptyMind"],"picked":"Meditate","floor":29},{"not_picked":["MasterReality","Devotion"],"picked":"SpiritShield","floor":33},{"not_picked":["ThirdEye","EmptyFist","JustLucky"],"picked":"SKIP","floor":35},{"not_picked":["CutThroughFate+1","CarveReality"],"picked":"Consecrate+1","floor":36},{"not_picked":["Collect","EmptyBody","Halt"],"picked":"SKIP","floor":37},{"not_picked":["Prostrate","CarveReality"],"picked":"Protect+1","floor":38},{"not_picked":["CrushJoints","EmptyMind","DeceiveReality"],"picked":"SKIP","floor":39},{"not_picked":["Halt","JustLucky"],"picked":"ReachHeaven+1","floor":42},{"not_picked":["CrushJoints+1","Halt"],"picked":"FollowUp","floor":46},{"not_picked":["Devotion","FearNoEvil"],"picked":"Crescendo+1","floor":48}],"player_experience":211762,"relics_obtained":[{"floor":5,"key":"Mercury Hourglass"},{"floor":9,"key":"HornCleat"},{"floor":26,"key":"MawBank"},{"floor":43,"key":"Regal Pillow"}],"event_choices":[{"damage_healed":0,"gold_gain":175,"player_choice":"AGREE","damage_taken":0,"max_hp_gain":0,"max_hp_loss":0,"event_name":"Liars Game","floor":3,"gold_loss":0,"cards_obtained":["Doubt"]},{"damage_healed":0,"gold_gain":0,"player_choice":"Ignored","damage_taken":0,"max_hp_gain":0,"max_hp_loss":0,"event_name":"NoteForYourself","floor":14,"gold_loss":0},{"damage_healed":0,"gold_gain":0,"player_choice":"Inject Mutagens","damage_taken":0,"relics_obtained":["MutagenicStrength"],"max_hp_gain":0,"max_hp_loss":0,"event_name":"Drug Dealer","floor":22,"gold_loss":0},{"damage_healed":0,"gold_gain":99,"player_choice":"Stole From Cult","damage_taken":0,"max_hp_gain":0,"max_hp_loss":0,"event_name":"Nest","floor":28,"gold_loss":0},{"damage_healed":0,"gold_gain":0,"player_choice":"Smashed Altar","damage_taken":0,"max_hp_gain":0,"max_hp_loss":0,"event_name":"Forgotten Altar","floor":31,"gold_loss":0,"cards_obtained":["Decay"]},{"cards_removed":["Strike_P"],"damage_healed":0,"gold_gain":0,"player_choice":"Purged","damage_taken":0,"max_hp_gain":0,"max_hp_loss":0,"event_name":"Purifier","floor":41,"gold_loss":0},{"damage_healed":0,"gold_gain":0,"player_choice":"Bought 3 Potions","damage_taken":0,"max_hp_gain":0,"max_hp_loss":0,"event_name":"The Woman in Blue","floor":44,"gold_loss":0}],"is_beta":false,"boss_relics":[{"not_picked":["Runic Pyramid","Snecko Eye"],"picked":"Fusion Hammer"},{"not_picked":["Sozu","Calling Bell"],"picked":"Empty Cage"}],"items_purged_floors":[7],"is_endless":false,"potions_floor_spawned":[1,8,10,13,19,20,38,39,42],"killed_by":"Donu and Deca","ascension_level":0}}