{"host":"armnliea5o2aqs4b","time":1609664244,"event":{"mods":["BaseMod","Hubris","Infinite Spire","Minty Spire (QoL Compilation)","Quick Restart","StSLib"],"gold_per_floor":[110,110,110,185,196,196,228,239,239,166,192,192,192,208,208,307,307,322,322,322,333,20,52,52,80,80,99,99,118,118,118,118,218,218,235,252,252,264,264,264,264,264,290,305,316,316,349,362,362,362,362],"floor_reached":50,"playtime":1711,"items_purged":[],"score":641,"play_id":"f2ce2757-baca-4f67-bb8f-0c83f80d5533","local_time":"20210103195724","is_ascension_mode":true,"campfire_choices":[{"data":"Thunderclap","floor":6.0,"key":"SMITH"},{"data":"Barricade","floor":12.0,"key":"SMITH"},{"data":"Bash","floor":15.0,"key":"SMITH"},{"data":"hubris:InfiniteBlow","floor":24,"key":"SMITH"},{"floor":28,"key":"REST"},{"floor":30,"key":"REST"},{"data":"hubris:InfiniteBlow+1","floor":32,"key":"SMITH"},{"data":"hubris:InfiniteBlow+2","floor":40,"key":"SMITH"},{"data":"hubris:InfiniteBlow+3","floor":42,"key":"SMITH"},{"floor":49,"key":"REST"}],"circlet_count":0,"master_deck":["Strike_R","Strike_R","Defend_R","Defend_R","Defend_R","Defend_R","Bash+1","Thunderclap+1","Shrug It Off+1","Barricade+1","Berserk","Burning Pact+1","Rupture+1","Iron Wave+1","Flex","hubris:InfiniteBlow+4","Bludgeon","Flex+1","Writhe","Reaper","hubris:CleavingFinish","Rage","Heavy Blade","Seeing Red","Entrench","Sentinel"],"relics":["Burning Blood","NeowsBlessing","hubris:Icosahedron","infinitespire:EmpoweringShard","hubris:IronBody","Omamori","Astrolabe","hubris:HerbalPaste","Torii","White Beast Statue","Girya","HornCleat","Red Skull","hubris:TerracottaHorce","Toy Ornithopter","Paper Frog","hubris:Reverence"],"acts_visited":["Exordium","TheCity","TheBeyond"],"potions_floor_usage":[16,21,21,23,27,29,33,36,38,44,44,45,47,48,48,50],"damage_taken":[{"damage":0.0,"enemies":"Jaw Worm","floor":1.0,"turns":1.0},{"damage":0.0,"enemies":"Small Slimes","floor":5.0,"turns":1.0},{"damage":0.0,"enemies":"3 Sentries","floor":7.0,"turns":1.0},{"damage":8.0,"enemies":"2 Louse","floor":8.0,"turns":2.0},{"damage":6.0,"enemies":"2 Fungi Beasts","floor":14.0,"turns":5.0},{"damage":17,"enemies":"The Guardian","floor":16,"turns":13},{"damage":6,"enemies":"Shell Parasite","floor":18,"turns":6},{"damage":43,"enemies":"3 Byrds","floor":21,"turns":7},{"damage":31,"enemies":"Book of Stabbing","floor":23,"turns":7},{"damage":30,"enemies":"Slavers","floor":25,"turns":6},{"damage":14,"enemies":"Cultist and Chosen","floor":27,"turns":6},{"damage":9,"enemies":"Snake Plant","floor":29,"turns":4},{"damage":39,"enemies":"hubris:MusketHawk","floor":33,"turns":7},{"damage":28,"enemies":"3 Darklings","floor":35,"turns":4},{"damage":12,"enemies":"3 Shapes","floor":36,"turns":3},{"damage":40,"enemies":"Jaw Worm Horde","floor":38,"turns":4},{"damage":24,"enemies":"Sphere and 2 Shapes","floor":44,"turns":7},{"damage":1,"enemies":"3 Darklings","floor":45,"turns":6},{"damage":54,"enemies":"Nemesis","floor":47,"turns":7},{"damage":39,"enemies":"4 Shapes","floor":48,"turns":5},{"damage":74,"enemies":"Donu and Deca","floor":50,"turns":5}],"seed_played":"-3590758837266959924","potions_obtained":[{"floor":8.0,"key":"CultistPotion"},{"floor":14.0,"key":"SteroidPotion"},{"floor":16,"key":"AttackPotion"},{"floor":21,"key":"Dexterity Potion"},{"floor":23,"key":"ElixirPotion"},{"floor":25,"key":"Explosive Potion"},{"floor":27,"key":"FearPotion"},{"floor":29,"key":"Fruit Juice"},{"floor":33,"key":"Ancient Potion"},{"floor":35,"key":"CultistPotion"},{"floor":36,"key":"Strength Potion"},{"floor":38,"key":"LiquidMemories"},{"floor":44,"key":"DistilledChaos"},{"floor":45,"key":"BloodPotion"},{"floor":47,"key":"SkillPotion"},{"floor":48,"key":"HeartOfIron"}],"is_trial":false,"path_per_floor":["M","?","?","?","M","R","E","M","T","$","T","R","?","M","R","B",null,"M","AVR","?","M","$","E","R","E","T","M","R","M","R","?","R","B",null,"M","M","?","M","?","R","?","R","T","M","M","T","E","M","R","B"],"character_chosen":"IRONCLAD","items_purchased":["Barricade","Torii"],"campfire_rested":3,"item_purchase_floors":[10,22],"current_hp_per_floor":[80,80,85,74,80,80,85,83,83,83,83,83,83,83,83,72,85,85,85,85,48,48,29,29,11,11,9,34,37,62,62,62,40,78,71,70,70,42,42,42,42,42,42,40,65,65,29,36,63,0,0],"gold":362,"neow_bonus":"THREE_ENEMY_KILL","is_daily":false,"chose_seed":false,"campfire_upgraded":7,"win_rate":0.0,"timestamp":1609664244,"path_taken":["M","?","?","?","M","R","E","M","T","$","?","R","?","M","R","BOSS","M","AVR","?","M","$","E","R","E","T","M","R","M","R","?","R","BOSS","M","M","?","M","?","R","?","R","T","M","M","?","E","M","R","BOSS"],"items_purchased_type":["Card","Relic"],"build_version":"2020-12-22","purchased_purges":0,"victory":false,"max_hp_per_floor":[80,80,85,85,85,85,85,85,85,85,85,85,85,85,85,85,85,85,85,85,85,85,85,85,85,85,85,85,85,85,85,85,90,90,90,90,90,90,90,90,90,90,90,90,90,90,90,90,90,90,90],"card_choices":[{"not_picked":["Warcry","Havoc"],"picked":"Thunderclap","floor":1.0},{"not_picked":["Clothesline","Reckless Charge","Rampage"],"picked":"SKIP","floor":5.0},{"not_picked":["Burning Pact","Entrench"],"picked":"Shrug It Off","floor":7.0},{"not_picked":["Iron Wave","Pommel Strike","Cleave"],"picked":"SKIP","floor":8.0},{"not_picked":["Wild Strike","Armaments","Searing Blow"],"picked":"SKIP","floor":14.0},{"not_picked":["Exhume","Barricade"],"picked":"Berserk","floor":16},{"not_picked":["Body Slam","Sword Boomerang"],"picked":"Flex","floor":18},{"not_picked":["hubris:Fate","infinitespire:Starlight"],"picked":"hubris:InfiniteBlow","floor":20},{"not_picked":["Clothesline","Sword Boomerang","hubris:ReadiedAction"],"picked":"SKIP","floor":21},{"not_picked":["Blood for Blood+1","Pommel Strike"],"picked":"Bludgeon","floor":23},{"not_picked":["Rampage","Armaments","Clash"],"picked":"SKIP","floor":25},{"not_picked":["Perfected Strike","Headbutt","Reckless Charge+1"],"picked":"SKIP","floor":27},{"not_picked":["Sword Boomerang","Cleave"],"picked":"Flex+1","floor":29},{"not_picked":["Limit Break","Barricade"],"picked":"Reaper","floor":33},{"not_picked":["Headbutt+1","Reckless Charge+1"],"picked":"hubris:CleavingFinish","floor":35},{"not_picked":["Bloodletting","Feel No Pain+1","True Grit"],"picked":"SKIP","floor":36},{"not_picked":["Havoc","Sword Boomerang"],"picked":"Rage","floor":38},{"not_picked":["Sword Boomerang+1","Hemokinesis+1"],"picked":"Seeing Red","floor":44},{"not_picked":["Dual Wield","Brutality"],"picked":"Entrench","floor":45},{"not_picked":["hubris:CleavingFinish","Iron Wave+1"],"picked":"Sentinel","floor":47},{"not_picked":["Wild Strike+1","Heavy Blade","Warcry+1"],"picked":"SKIP","floor":48}],"player_experience":142740,"relics_obtained":[{"floor":7.0,"key":"infinitespire:EmpoweringShard"},{"floor":9.0,"key":"hubris:IronBody"},{"floor":11.0,"key":"Omamori"},{"floor":23,"key":"White Beast Statue"},{"floor":25,"key":"Girya"},{"floor":26,"key":"HornCleat"},{"floor":43,"key":"Toy Ornithopter"},{"floor":46,"key":"Paper Frog"},{"floor":47,"key":"hubris:Reverence"}],"event_choices":[{"damage_healed":0.0,"max_hp_gain":5.0,"max_hp_loss":0.0,"gold_gain":0.0,"event_name":"Big Fish","player_choice":"Donut","floor":3.0,"gold_loss":0.0,"damage_taken":0.0},{"damage_healed":0.0,"max_hp_gain":0.0,"max_hp_loss":0.0,"gold_gain":75.0,"event_name":"World of Goop","player_choice":"Gather Gold","floor":4.0,"gold_loss":0.0,"damage_taken":11.0},{"damage_healed":0.0,"max_hp_gain":0.0,"max_hp_loss":0.0,"gold_gain":0.0,"event_name":"Living Wall","player_choice":"Grow","floor":13.0,"gold_loss":0.0,"damage_taken":0.0,"cards_upgraded":["Shrug It Off"]},{"damage_healed":0,"gold_gain":0,"player_choice":"Opened","damage_taken":0,"relics_obtained":["Red Skull"],"max_hp_gain":0,"max_hp_loss":0,"event_name":"The Mausoleum","floor":31,"gold_loss":0,"cards_obtained":["Writhe"]},{"damage_healed":0,"gold_gain":0,"player_choice":"Ignored","damage_taken":0,"max_hp_gain":0,"max_hp_loss":0,"event_name":"Tomb of Lord Red Mask","floor":37,"gold_loss":0},{"damage_healed":0,"gold_gain":0,"player_choice":"Ignored","damage_taken":0,"max_hp_gain":0,"max_hp_loss":0,"event_name":"Mysterious Sphere","floor":41,"gold_loss":0}],"is_beta":false,"boss_relics":[{"not_picked":["SacredBark","Runic Cube"],"picked":"Astrolabe"},{"not_picked":["Black Star","Empty Cage"],"picked":"hubris:TerracottaHorce"}],"items_purged_floors":[],"is_endless":false,"potions_floor_spawned":[8,14,16,21,23,25,27,29,33,35,36,38,44,45,47,48],"killed_by":"Donu and Deca","ascension_level":2}}