{"host":"sav7uxregyirlf69","time":1609672521,"event":{"mods":["AchievementEnabler","BaseMod","Colored Map","DeckTracker","Keyboard Shortcuts","Minty Spire (QoL Compilation)","READ ME - Guardian Mod","StSLib","SuperFastMode"],"gold_per_floor":[115,115,115,46,57,83,83,109,109,128,155,173,173,189,189,268,268,280,280,291,341,341,341,370,370,396,396,396,396,103,121,121,121,121],"floor_reached":33,"playtime":583,"items_purged":["Decay"],"score":712,"play_id":"b8a39c44-8b82-4856-b99c-736a68199594","local_time":"20210103201521","is_ascension_mode":true,"campfire_choices":[{"data":"Perfected Strike","floor":7,"key":"SMITH"},{"data":"Battle Trance","floor":15,"key":"SMITH"},{"data":"Seeing Red","floor":23,"key":"SMITH"},{"data":"Second Wind","floor":25,"key":"SMITH"},{"data":"Feed","floor":27,"key":"SMITH"},{"data":"Pommel Strike","floor":29,"key":"SMITH"},{"data":"Body Slam","floor":32,"key":"SMITH"}],"circlet_count":0,"master_deck":["AscendersBane","Strike_R+1","Strike_R+1","Strike_R+1","Strike_R+1","Defend_R+1","Defend_R+1","Defend_R+1","Defend_R+1","Bash","Perfected Strike+1","Battle Trance+1","Seeing Red+1","Intimidate","Wild Strike","Feed+1","Whirlwind+1","Second Wind+1","Shrug It Off","Pommel Strike+1","Seeing Red","Dark Embrace","Sentinel","Body Slam+1","True Grit+1"],"relics":["Burning Blood","NeowsBlessing","Centennial Puzzle","Charon\u0027s Ashes","Vajra","HornCleat","Art of War","Cursed Key","Red Skull","Lantern"],"acts_visited":["Exordium","TheCity"],"potions_floor_usage":[16,24],"damage_taken":[{"damage":0,"enemies":"Jaw Worm","floor":1,"turns":1},{"damage":0,"enemies":"2 Louse","floor":5,"turns":1},{"damage":0,"enemies":"3 Sentries","floor":6,"turns":1},{"damage":8,"enemies":"Gremlin Nob","floor":8,"turns":3},{"damage":0,"enemies":"Cultist","floor":10,"turns":2},{"damage":5,"enemies":"3 Sentries","floor":11,"turns":4},{"damage":7,"enemies":"3 Louse","floor":12,"turns":2},{"damage":0,"enemies":"Exordium Thugs","floor":14,"turns":3},{"damage":0,"enemies":"Slime Boss","floor":16,"turns":6},{"damage":16,"enemies":"2 Thieves","floor":18,"turns":4},{"damage":16,"enemies":"Shell Parasite","floor":20,"turns":3},{"damage":20,"enemies":"Slavers","floor":24,"turns":3},{"damage":1,"enemies":"Centurion and Healer","floor":31,"turns":4},{"damage":54,"enemies":"Automaton","floor":33,"turns":8}],"seed_played":"-4286855222673061186","potions_obtained":[{"floor":6,"key":"GamblersBrew"},{"floor":8,"key":"HeartOfIron"},{"floor":12,"key":"Strength Potion"}],"is_trial":false,"path_per_floor":["M","?","?","?","M","E","R","E","T","M","E","M","?","M","R","B",null,"M","?","M","?","?","R","E","R","T","R","?","R","$","M","R","B"],"character_chosen":"IRONCLAD","items_purchased":["Dark Embrace","Sentinel","Body Slam"],"campfire_rested":0,"item_purchase_floors":[30,30,30],"current_hp_per_floor":[74,63,40,40,46,52,52,50,50,56,57,56,56,62,62,68,73,66,66,56,56,56,56,45,45,45,45,45,45,45,54,54,0,0],"gold":121,"neow_bonus":"THREE_ENEMY_KILL","is_daily":false,"chose_seed":false,"campfire_upgraded":7,"win_rate":0.0,"timestamp":1609672521,"path_taken":["M","?","?","?","M","E","R","E","T","?","E","M","?","M","R","BOSS","M","?","M","?","?","R","E","R","T","R","?","R","$","?","R","BOSS"],"items_purchased_type":["Card","Card","Card"],"build_version":"2020-12-22","purchased_purges":1,"victory":false,"max_hp_per_floor":[75,75,75,75,75,75,75,75,75,75,75,75,75,75,75,75,75,78,78,78,78,78,78,81,81,81,81,81,81,81,85,85,85,85],"card_choices":[{"not_picked":["Headbutt","Dual Wield"],"picked":"Perfected Strike","floor":1},{"not_picked":["Burning Pact","Havoc"],"picked":"Battle Trance","floor":5},{"not_picked":["True Grit","Headbutt","Armaments"],"picked":"SKIP","floor":6},{"not_picked":["Combust","Armaments","True Grit"],"picked":"SKIP","floor":8},{"not_picked":["Armaments","Battle Trance"],"picked":"Seeing Red","floor":10},{"not_picked":["Rupture","Hemokinesis"],"picked":"Intimidate","floor":11},{"not_picked":["Entrench","Rupture","Carnage"],"picked":"SKIP","floor":12},{"not_picked":["Flex","Shrug It Off"],"picked":"Wild Strike","floor":14},{"not_picked":["Reaper","Brutality"],"picked":"Feed","floor":16},{"not_picked":["Headbutt","Iron Wave"],"picked":"Whirlwind+1","floor":18},{"not_picked":["Dual Wield","Twin Strike+1"],"picked":"Shrug It Off","floor":20},{"not_picked":["Ghostly Armor","Armaments"],"picked":"Pommel Strike","floor":24},{"not_picked":["Second Wind","Iron Wave"],"picked":"True Grit+1","floor":31}],"player_experience":1120645,"relics_obtained":[{"floor":6,"key":"Vajra"},{"floor":8,"key":"HornCleat"},{"floor":11,"key":"Art of War"},{"floor":24,"key":"Red Skull"},{"floor":26,"key":"Lantern"}],"event_choices":[{"damage_healed":0,"gold_gain":0,"player_choice":"Success","damage_taken":11,"relics_obtained":["Centennial Puzzle"],"max_hp_gain":0,"max_hp_loss":0,"event_name":"Scrap Ooze","floor":2,"gold_loss":0},{"damage_healed":0,"gold_gain":0,"player_choice":"Entered Light","damage_taken":23,"max_hp_gain":0,"max_hp_loss":0,"event_name":"Shining Light","floor":3,"gold_loss":0,"cards_upgraded":["Strike_R","Strike_R"]},{"damage_healed":0,"gold_gain":0,"player_choice":"Paid Gold","damage_taken":0,"relics_obtained":["Charon\u0027s Ashes"],"max_hp_gain":0,"max_hp_loss":0,"event_name":"WeMeetAgain","floor":4,"gold_loss":69},{"damage_healed":0,"gold_gain":0,"player_choice":"Got Potions","damage_taken":0,"max_hp_gain":0,"max_hp_loss":0,"event_name":"Lab","floor":13,"gold_loss":0},{"damage_healed":0,"gold_gain":0,"player_choice":"Read","damage_taken":0,"max_hp_gain":0,"max_hp_loss":0,"event_name":"The Library","floor":19,"gold_loss":0,"cards_obtained":["Second Wind"]},{"damage_healed":0,"gold_gain":50,"player_choice":"Stole From Cult","damage_taken":0,"max_hp_gain":0,"max_hp_loss":0,"event_name":"Nest","floor":21,"gold_loss":0},{"damage_healed":0,"gold_gain":0,"player_choice":"Simplicity","damage_taken":0,"max_hp_gain":0,"max_hp_loss":0,"event_name":"Back to Basics","floor":22,"gold_loss":0,"cards_upgraded":["Strike_R","Strike_R","Strike_R","Defend_R","Defend_R","Defend_R","Defend_R"]},{"damage_healed":0,"gold_gain":0,"cards_transformed":["Strike_R"],"player_choice":"Transformed","damage_taken":0,"max_hp_gain":0,"max_hp_loss":0,"event_name":"Transmorgrifier","floor":28,"gold_loss":0,"cards_obtained":["Seeing Red"]}],"is_beta":false,"boss_relics":[{"not_picked":["Calling Bell","Runic Dome"],"picked":"Cursed Key"}],"items_purged_floors":[30],"is_endless":false,"potions_floor_spawned":[6,8,12],"killed_by":"Automaton","ascension_level":20}}