{"host":"enpah696raxjhbxd","time":1609653323,"event":{"mods":["BaseMod","Challenge The Spire","Chen","Colored Powertips","Friendly Minions","Minty Spire (QoL Compilation)","Replay The Spire","StSLib","TestMod","The Bladedancer","The Poker Player","UnlockEverythingMod","vexMod"],"gold_per_floor":[113,133,143,153,172,205,205,240,266,266,286,313,325,371,383,492,504,529,541,553,580,602,643,672,716,807,819,841,853,865,877,889,999,1011,1039,1051,1076,1099,908,908,943,955,955,955,955,620,620,631,631,631,631,631,135,169,169],"floor_reached":56,"playtime":2076,"items_purged":["Overencumbered","vexMod:UltimateCard"],"score":1574,"play_id":"a8dbf984-d2bd-4d52-8869-43da7c876bb3","local_time":"20210103135523","is_ascension_mode":true,"campfire_choices":[{"data":"blademaster:CullingStrike","floor":7,"key":"SMITH"},{"data":"blademaster:RagingBlow","floor":13,"key":"SMITH"},{"data":"blademaster:Empower","floor":15,"key":"SMITH"},{"floor":27,"key":"RECALL"},{"floor":29,"key":"REST"},{"data":"blademaster:ThunderSlash","floor":32,"key":"SMITH"},{"data":"blademaster:TraverseCut","floor":40,"key":"SMITH"},{"data":"1","floor":45,"key":"LIFT"},{"data":"2","floor":47,"key":"LIFT"},{"data":"3","floor":49,"key":"LIFT"},{"data":"blademaster:ThunderingOpener","floor":52,"key":"SMITH"}],"circlet_count":0,"master_deck":["blademaster:Strike","blademaster:Strike+1","blademaster:Strike+1","blademaster:Strike","blademaster:Defend","blademaster:Defend","blademaster:Defend","blademaster:Defend","blademaster:RagingBlow+1","blademaster:HighVoltage","blademaster:ThunderingOpener+1","blademaster:ThunderSlash+1","blademaster:TraverseCut+1","blademaster:Empower+1","blademaster:Flurry+1","Delirium","Amnesia","blademaster:Flurry+1","testmod-Wormhole+1","testmod-Recap+1","testmod-ChaoticCore+1","testmod-SelfRegulatingSystem+1","testmod-Reflect+1","Parasite","Clumsy","Languid"],"relics":["blademaster:DancersAmulet","testmod-TestBox","testmod-Prudence","NeowsBlessing","Smiling Mask","PreservedInsect","Replay:Bottled Steam","MawBank","testmod-Antiphasic","Regal Pillow","testmod-IndustrialRevolution","Garlic","Ring of Fury","Ring of Peace","Replay:Ancient Bell","Pen Nib","Golden Egg","testmod-HeartOfStrike","Replay:Baseball","Girya","ReplayTheSpireMod:Shallot","Whetstone","Membership Card","Toy Ornithopter","testmod-OneHitWonder","testmod-Laevatain"],"acts_visited":["Exordium","TheCity","TheBeyond","TheEnding"],"potions_floor_usage":[5,6,6,16,18,23,25,28,33,33,53,55,55,55],"damage_taken":[{"damage":0,"enemies":"Cultist","floor":1,"turns":1},{"damage":0,"enemies":"Small Slimes","floor":2,"turns":1},{"damage":0,"enemies":"2 Louse","floor":3,"turns":1},{"damage":8,"enemies":"Large Slime","floor":4,"turns":3},{"damage":0,"enemies":"3 Louse","floor":5,"turns":1},{"damage":5,"enemies":"3 Sentries","floor":6,"turns":4},{"damage":8,"enemies":"Gremlin Nob","floor":8,"turns":3},{"damage":1,"enemies":"Exordium Wildlife","floor":11,"turns":3},{"damage":10,"enemies":"3 Sentries","floor":12,"turns":5},{"damage":0,"enemies":"Gremlin Nob","floor":14,"turns":2},{"damage":13,"enemies":"Slime Boss","floor":16,"turns":6},{"damage":12,"enemies":"Shell Parasite","floor":18,"turns":2},{"damage":2,"enemies":"Chosen","floor":21,"turns":2},{"damage":7,"enemies":"Centurion and Healer","floor":22,"turns":4},{"damage":16,"enemies":"Gremlin Leader","floor":23,"turns":3},{"damage":19,"enemies":"Shelled Parasite and Fungi","floor":24,"turns":5},{"damage":20,"enemies":"Book of Stabbing","floor":25,"turns":3},{"damage":8,"enemies":"Snecko","floor":28,"turns":3},{"damage":6,"enemies":"Champ","floor":33,"turns":6},{"damage":3,"enemies":"3 Darklings","floor":35,"turns":3},{"damage":17,"enemies":"3 Shapes","floor":37,"turns":2},{"damage":0,"enemies":"Maw","floor":38,"turns":4},{"damage":0,"enemies":"Giant Head","floor":41,"turns":5},{"damage":0,"enemies":"Jaw Worm Horde","floor":42,"turns":3},{"damage":0,"enemies":"3 Darklings","floor":48,"turns":3},{"damage":0,"enemies":"Time Eater","floor":50,"turns":4},{"damage":2,"enemies":"Shield and Spear","floor":54,"turns":3},{"damage":38,"enemies":"The Heart","floor":55,"turns":5}],"seed_played":"-2168932286310309730","potions_obtained":[{"floor":2,"key":"AttackPotion"},{"floor":3,"key":"Explosive Potion"},{"floor":4,"key":"Regen Potion"},{"floor":5,"key":"FearPotion"},{"floor":16,"key":"testmod-SpacePotion"},{"floor":21,"key":"Fire Potion"},{"floor":23,"key":"Strength Potion"},{"floor":24,"key":"Ancient Potion"},{"floor":25,"key":"DistilledChaos"},{"floor":28,"key":"Energy Potion"},{"floor":35,"key":"DuplicationPotion"},{"floor":38,"key":"Block Potion"},{"floor":42,"key":"SneckoOil"},{"floor":48,"key":"SpeedPotion"}],"is_trial":false,"path_per_floor":["M","M","M","M","M","E","R","E","T","T","M","E","R","E","R","B",null,"M","?","$","M","M","E","M","E","T","R","M","R","$","?","R","B",null,"M","?","M","M","$","R","E","M","T","?","R","$","R","M","R","B",null,"R","$","E","B",null],"character_chosen":"THE_BLADEMASTER","items_purchased":["Replay:Baseball","Whetstone","testmod-SelfRegulatingSystem","Membership Card","Toy Ornithopter","testmod-OneHitWonder","Fruit Juice","testmod-Reflect"],"campfire_rested":1,"item_purchase_floors":[39,46,46,53,53,53,53,53],"current_hp_per_floor":[75,75,75,67,67,71,71,69,69,69,74,70,70,75,75,68,75,69,69,69,73,72,62,49,35,35,35,33,70,70,70,70,70,75,75,75,64,70,70,70,75,75,75,65,65,65,65,71,71,75,75,75,80,80,53],"gold":169,"neow_bonus":"THREE_ENEMY_KILL","is_daily":false,"chose_seed":false,"campfire_upgraded":6,"win_rate":0.0,"timestamp":1609653323,"path_taken":["M","M","?","?","M","E","R","E","T","?","M","E","R","E","R","BOSS","M","?","$","M","M","E","M","E","T","R","?","R","$","?","R","BOSS","M","?","M","M","$","R","E","M","T","?","R","?","R","M","R","BOSS","R","$","E","BOSS"],"items_purchased_type":["Relic","Relic","Card","Relic","Relic","Relic","Potion","Card"],"build_version":"2020-12-22","purchased_purges":2,"victory":true,"max_hp_per_floor":[75,75,75,75,75,75,75,75,75,75,75,75,75,75,75,75,75,75,75,75,75,75,75,75,75,75,75,75,75,75,75,75,75,75,75,75,75,75,75,75,75,75,75,75,75,75,75,75,75,75,75,75,80,80,85],"card_choices":[{"not_picked":["blademaster:ParryingStrike","blademaster:OneTrickPony"],"picked":"blademaster:ThunderingOpener","floor":1},{"not_picked":["blademaster:ThunderingOpener","blademaster:LeechingStrike"],"picked":"blademaster:ThunderSlash","floor":2},{"not_picked":["blademaster:Cut","blademaster:ThunderSlash"],"picked":"blademaster:TraverseCut","floor":3},{"not_picked":["blademaster:DeadlyDance","blademaster:Meditate","blademaster:ChargingUp"],"picked":"SKIP","floor":4},{"not_picked":["blademaster:AwakeningStrike","blademaster:Gust"],"picked":"blademaster:CullingStrike","floor":5},{"not_picked":["blademaster:Thrust","blademaster:Breeze","blademaster:Hailwind"],"picked":"SKIP","floor":6},{"not_picked":["blademaster:Gust","blademaster:LightningCrash","blademaster:RollingTyphoon"],"picked":"SKIP","floor":8},{"not_picked":["blademaster:CombatPrep","blademaster:AspectOfWind","blademaster:Cut"],"picked":"SKIP","floor":11},{"not_picked":["blademaster:Sharpen","blademaster:Gust","blademaster:LightningCrash"],"picked":"SKIP","floor":12},{"not_picked":["blademaster:AncestralHealing","blademaster:DaggerAndCloak"],"picked":"blademaster:Empower","floor":14},{"not_picked":["blademaster:BrainBloom","blademaster:DragonStrike"],"picked":"blademaster:EyeOfTheStorm","floor":18},{"not_picked":["blademaster:Stability","blademaster:BladeMastery","blademaster:Momentum"],"picked":"SKIP","floor":21},{"not_picked":["blademaster:Flurry","blademaster:ColdBlood","blademaster:ThunderSlash"],"picked":"SKIP","floor":22},{"not_picked":["blademaster:Hailwind+1","blademaster:Quickness","blademaster:AirSlash+1"],"picked":"SKIP","floor":23},{"not_picked":["blademaster:TraverseCut","blademaster:KiBarrier+1"],"picked":"blademaster:Flurry+1","floor":24},{"not_picked":["blademaster:LeechingStrike","blademaster:SharpBlades+1","blademaster:FlockOfBlades"],"picked":"SKIP","floor":25},{"not_picked":["blademaster:BloodyBlow","blademaster:Quickness","blademaster:Frontflip"],"picked":"SKIP","floor":28},{"not_picked":["Languid","ReplayTheSpireMod:IOU"],"picked":"Overencumbered","floor":34},{"not_picked":["Languid","Pain"],"picked":"vexMod:UltimateCard","floor":34},{"not_picked":["Regret","Pain"],"picked":"Amnesia","floor":34},{"not_picked":["blademaster:Quickness+1","blademaster:ChargingUp+1","blademaster:AspectOfWind+1"],"picked":"SKIP","floor":35},{"not_picked":["blademaster:AspectOfWind","blademaster:Havoc","blademaster:Flurry+1"],"picked":"SKIP","floor":37},{"not_picked":["blademaster:Safeguard","blademaster:Rupture","blademaster:AirSlash"],"picked":"SKIP","floor":38},{"not_picked":["blademaster:Quickstep+1","blademaster:SlyStabs","blademaster:LightningDraw"],"picked":"SKIP","floor":41},{"not_picked":["blademaster:IcyWind","blademaster:Frenzy+1"],"picked":"blademaster:Flurry+1","floor":42},{"not_picked":["testmod-Illusory","Impatience"],"picked":"testmod-Wormhole","floor":44},{"not_picked":["testmod-LimitFlipper","Madness"],"picked":"testmod-Recap","floor":44},{"not_picked":["HandOfGreed","testmod-DeathImprint"],"picked":"testmod-ChaoticCore","floor":44},{"not_picked":["blademaster:AirSlash","blademaster:DaggerAndCloak","blademaster:ParryingStrike"],"picked":"SKIP","floor":48},{"not_picked":["blademaster:AspectOfLightning","blademaster:AspectOfWind+1","blademaster:Quickstep+1"],"picked":"SKIP","floor":54}],"player_experience":209657,"relics_obtained":[{"floor":6,"key":"Smiling Mask"},{"floor":6,"key":"blademaster:StanceHealPerk"},{"floor":8,"key":"PreservedInsect"},{"floor":8,"key":"blademaster:ComboEveryTurnPerk"},{"floor":10,"key":"Replay:Bottled Steam"},{"floor":12,"key":"MawBank"},{"floor":12,"key":"blademaster:StrongPerk"},{"floor":14,"key":"testmod-Antiphasic"},{"floor":14,"key":"blademaster:BonusComboPerk"},{"floor":23,"key":"Regal Pillow"},{"floor":23,"key":"blademaster:LightningChargePerk"},{"floor":25,"key":"testmod-IndustrialRevolution"},{"floor":25,"key":"blademaster:RandomBladePerk"},{"floor":26,"key":"Garlic"},{"floor":31,"key":"Ring of Fury"},{"floor":31,"key":"Ring of Peace"},{"floor":41,"key":"Girya"},{"floor":41,"key":"blademaster:FinisherDrawCardPerk"},{"floor":43,"key":"ReplayTheSpireMod:Shallot"},{"floor":54,"key":"testmod-Laevatain"},{"floor":54,"key":"blademaster:DextrousPerk"}],"event_choices":[{"cards_removed":["blademaster:CullingStrike"],"damage_healed":0,"gold_gain":0,"player_choice":"Purged","damage_taken":0,"max_hp_gain":0,"max_hp_loss":0,"event_name":"Purifier","floor":19,"gold_loss":0},{"cards_removed":["blademaster:EyeOfTheStorm"],"damage_healed":0,"gold_gain":0,"player_choice":"Removed Power","damage_taken":0,"max_hp_gain":0,"max_hp_loss":0,"event_name":"Falling","floor":36,"gold_loss":0},{"damage_healed":0,"gold_gain":0,"player_choice":"Memory 3","damage_taken":10,"max_hp_gain":0,"max_hp_loss":0,"event_name":"SensoryStone","floor":44,"gold_loss":0}],"is_beta":false,"boss_relics":[{"not_picked":["vexMod:EndlessSickness","vexMod:CursedCompass","Snecko Heart"]},{"not_picked":["SacredBark","Replay:Wanted Poster"],"picked":"Replay:Ancient Bell"},{"not_picked":["Replay:Mystery Machine","ReplayTheSpireMod:Lightbulb"],"picked":"Pen Nib"},{"not_picked":["testmod-ArcanaOfDestiny","Pear"],"picked":"Golden Egg"},{"not_picked":["Du-Vu Doll","testmod-Fortitude"],"picked":"testmod-HeartOfStrike"}],"items_purged_floors":[39,53],"is_endless":false,"potions_floor_spawned":[2,3,4,5,16,21,23,24,25,28,35,38,42,48],"ascension_level":1}}