{"host":"ch74xfb1n85e86fc","time":1609671673,"event":{"mods":["AchievementEnabler","BaseMod","Colored Map","DeckTracker","Minty Spire (QoL Compilation)","Relic Stats","StSLib","SuperFastMode","everything is the same but u backflip on backflip"],"gold_per_floor":[214,231,331,349,361,361,371,371,397,415,426,461,473,492,492,587,587,604,277,302,317,332,332,332,352,352,352,11,27,40,72,84,199,211,239,301,331,358,83,109,119,119,119,119,134,166,166,177,177,177,177,177,127,154,154],"floor_reached":56,"playtime":2146,"items_purged":["Strike_R","Strike_R","Strike_R","Strike_R"],"score":1262,"play_id":"197c9e39-80d5-475f-9fcc-523f4aa80660","local_time":"20210103200113","is_ascension_mode":false,"campfire_choices":[{"data":"Blood for Blood","floor":6,"key":"SMITH"},{"data":"Bash","floor":8,"key":"SMITH"},{"floor":15,"key":"REST"},{"floor":23,"key":"REST"},{"floor":27,"key":"REST"},{"data":"Inflame","floor":32,"key":"SMITH"},{"data":"Inflame","floor":42,"key":"SMITH"},{"data":"Shockwave","floor":44,"key":"SMITH"},{"floor":49,"key":"RECALL"},{"data":"Corruption","floor":52,"key":"SMITH"}],"circlet_count":0,"master_deck":["Strike_R","Defend_R","Defend_R","Defend_R","Defend_R","Bash+1","Pummel","Blood for Blood+1","Sword Boomerang","Bloodletting","Spot Weakness","Bloodletting","Inflame+1","Limit Break","Intimidate+1","Shrug It Off","Cleave","Shockwave+1","Shrug It Off","Flame Barrier","Inflame+1","Sword Boomerang","Whirlwind","Hemokinesis+1","Offering","Reaper","Corruption+1","Ghostly Armor+1","Shrug It Off+1","Spot Weakness+1","Finesse","Dual Wield+1"],"relics":["Burning Blood","Potion Belt","Smiling Mask","Philosopher\u0027s Stone","Sundial","Red Mask","Meat on the Bone","Oddly Smooth Stone","Sling","MawBank","Runic Pyramid","Torii","Orrery","Eternal Feather","Bottled Tornado","Orichalcum"],"acts_visited":["Exordium","TheCity","TheBeyond","TheEnding"],"potions_floor_usage":[12,13,16,16,33,55,55,55],"damage_taken":[{"damage":6,"enemies":"Jaw Worm","floor":1,"turns":5},{"damage":6,"enemies":"Cultist","floor":2,"turns":3},{"damage":6,"enemies":"2 Louse","floor":4,"turns":3},{"damage":19,"enemies":"Blue Slaver","floor":5,"turns":3},{"damage":10,"enemies":"Looter","floor":7,"turns":3},{"damage":9,"enemies":"2 Fungi Beasts","floor":10,"turns":3},{"damage":9,"enemies":"Large Slime","floor":11,"turns":4},{"damage":14,"enemies":"Gremlin Nob","floor":12,"turns":3},{"damage":11,"enemies":"Lots of Slimes","floor":13,"turns":3},{"damage":17,"enemies":"3 Louse","floor":14,"turns":3},{"damage":35,"enemies":"Slime Boss","floor":16,"turns":8},{"damage":7,"enemies":"Chosen","floor":18,"turns":4},{"damage":44,"enemies":"Masked Bandits","floor":20,"turns":5},{"damage":22,"enemies":"Spheric Guardian","floor":21,"turns":4},{"damage":23,"enemies":"Centurion and Healer","floor":22,"turns":5},{"damage":24,"enemies":"Snake Plant","floor":25,"turns":4},{"damage":21,"enemies":"Snecko","floor":29,"turns":5},{"damage":9,"enemies":"Cultist and Chosen","floor":30,"turns":5},{"damage":17,"enemies":"Gremlin Leader","floor":31,"turns":5},{"damage":36,"enemies":"Champ","floor":33,"turns":9},{"damage":9,"enemies":"Orb Walker","floor":35,"turns":2},{"damage":6,"enemies":"Mind Bloom Boss Battle","floor":36,"turns":5},{"damage":10,"enemies":"3 Darklings","floor":37,"turns":4},{"damage":21,"enemies":"Writhing Mass","floor":38,"turns":4},{"damage":42,"enemies":"Giant Head","floor":40,"turns":7},{"damage":6,"enemies":"Transient","floor":41,"turns":5},{"damage":31,"enemies":"Sphere and 2 Shapes","floor":45,"turns":4},{"damage":6,"enemies":"Reptomancer","floor":46,"turns":3},{"damage":3,"enemies":"Jaw Worm Horde","floor":48,"turns":5},{"damage":52,"enemies":"Donu and Deca","floor":50,"turns":4},{"damage":22,"enemies":"Shield and Spear","floor":54,"turns":3},{"damage":94,"enemies":"The Heart","floor":55,"turns":6}],"seed_played":"7445756033120429198","potions_obtained":[{"floor":1,"key":"Strength Potion"},{"floor":4,"key":"Strength Potion"},{"floor":5,"key":"SkillPotion"},{"floor":10,"key":"EssenceOfSteel"},{"floor":14,"key":"AttackPotion"},{"floor":20,"key":"SteroidPotion"},{"floor":22,"key":"SpeedPotion"},{"floor":25,"key":"SpeedPotion"},{"floor":31,"key":"GamblersBrew"},{"floor":38,"key":"SpeedPotion"},{"floor":40,"key":"Energy Potion"},{"floor":48,"key":"PowerPotion"}],"is_trial":false,"path_per_floor":["M","M","?","M","M","R","M","R","T","M","M","E","M","M","R","B",null,"M","$","?","M","M","R","?","M","T","R","$","M","M","E","R","B",null,"M","?","M","M","$","E","M","R","T","R","M","E","?","M","R","B",null,"R","$","E","B",null],"character_chosen":"IRONCLAD","items_purchased":["Shrug It Off","Sundial","Oddly Smooth Stone","Sling","Offering","Orrery"],"campfire_rested":3,"item_purchase_floors":[19,19,28,28,39,39],"current_hp_per_floor":[80,80,80,80,67,67,63,63,63,60,57,49,44,33,57,28,80,79,79,41,25,8,32,32,14,14,38,38,35,44,45,45,27,80,77,77,73,58,58,68,80,80,80,80,55,63,53,68,80,80,80,80,80,80,68],"gold":154,"neow_bonus":"HUNDRED_GOLD","is_daily":false,"chose_seed":false,"campfire_upgraded":6,"win_rate":0.0,"timestamp":1609671673,"path_taken":["M","M","?","?","M","R","M","R","T","M","M","E","M","M","R","BOSS","M","$","?","M","M","R","?","M","T","R","$","M","M","E","R","BOSS","M","?","M","M","$","E","M","R","T","R","M","E","?","M","R","BOSS","R","$","E","BOSS"],"items_purchased_type":["Card","Relic","Relic","Relic","Card","Relic"],"build_version":"2020-12-22","purchased_purges":4,"victory":true,"max_hp_per_floor":[80,80,80,80,80,80,80,80,80,80,80,80,80,80,80,80,80,80,80,80,80,80,80,80,80,80,80,80,80,80,80,80,80,80,80,80,80,80,80,80,80,80,80,80,80,80,80,80,80,80,80,80,80,80,80],"relic_stats":{"Torii":57,"counters":[32,139],"Sundial":[6],"Eternal Feather":12,"Orichalcum":[12],"Smiling Mask":250,"MawBank":96,"obtain_stats":[{"Potion Belt":9,"Torii":36,"Oddly Smooth Stone":28,"Eternal Feather":40,"Bottled Tornado":46,"Orichalcum":54,"Smiling Mask":12,"Sling":28,"MawBank":31,"Burning Blood":0,"Sundial":19,"Orrery":39,"Philosopher\u0027s Stone":17,"Red Mask":20,"Meat on the Bone":26,"Runic Pyramid":34},{"Potion Belt":5,"Torii":22,"Oddly Smooth Stone":16,"Eternal Feather":25,"Bottled Tornado":28,"Orichalcum":31,"Smiling Mask":8,"Sling":16,"MawBank":19,"Burning Blood":0,"Sundial":12,"Orrery":24,"Philosopher\u0027s Stone":11,"Red Mask":13,"Meat on the Bone":16,"Runic Pyramid":20},{"Potion Belt":17,"Torii":94,"Oddly Smooth Stone":63,"Eternal Feather":109,"Bottled Tornado":121,"Orichalcum":133,"Smiling Mask":27,"Sling":63,"MawBank":78,"Burning Blood":0,"Sundial":45,"Orrery":102,"Philosopher\u0027s Stone":41,"Red Mask":50,"Meat on the Bone":63,"Runic Pyramid":87}],"Burning Blood":179,"Meat on the Bone":48},"card_choices":[{"not_picked":["Dropkick","Sword Boomerang"],"picked":"Pummel","floor":1},{"not_picked":["Dark Embrace","Entrench"],"picked":"Blood for Blood","floor":2},{"not_picked":["Flex","Heavy Blade","Body Slam"],"picked":"SKIP","floor":4},{"not_picked":["Combust","Pommel Strike"],"picked":"Sword Boomerang","floor":5},{"not_picked":["Warcry","Sword Boomerang"],"picked":"Bloodletting","floor":7},{"not_picked":["Pommel Strike","Limit Break","Body Slam"],"picked":"SKIP","floor":10},{"not_picked":["Ghostly Armor","Second Wind"],"picked":"Spot Weakness","floor":11},{"not_picked":["Sword Boomerang","Clothesline"],"picked":"Bloodletting","floor":12},{"not_picked":["Perfected Strike","Body Slam","Cleave"],"picked":"SKIP","floor":13},{"not_picked":["Armaments","Clothesline"],"picked":"Inflame","floor":14},{"not_picked":["Double Tap","Reaper"],"picked":"Limit Break","floor":16},{"not_picked":["Anger","Burning Pact"],"picked":"Intimidate+1","floor":18},{"not_picked":["Searing Blow","Flex"],"picked":"Cleave","floor":20},{"not_picked":["True Grit","Armaments"],"picked":"Shockwave","floor":21},{"not_picked":["Disarm+1","Twin Strike"],"picked":"Shrug It Off","floor":22},{"not_picked":["Pommel Strike","Armaments","Heavy Blade"],"picked":"SKIP","floor":25},{"not_picked":["Combust+1","Thunderclap+1"],"picked":"Flame Barrier","floor":29},{"not_picked":["Perfected Strike","Anger","Twin Strike"],"picked":"SKIP","floor":30},{"not_picked":["Heavy Blade+1","Spot Weakness+1"],"picked":"Inflame","floor":31},{"not_picked":["Clash+1","Iron Wave"],"picked":"Sword Boomerang","floor":35},{"not_picked":["Warcry+1","Dropkick+1"],"picked":"Whirlwind","floor":36},{"not_picked":["Perfected Strike","Sever Soul+1"],"picked":"Hemokinesis+1","floor":37},{"not_picked":["Twin Strike","Fire Breathing+1","Anger+1"],"picked":"SKIP","floor":38},{"not_picked":["Burning Pact+1","Armaments"],"picked":"Reaper","floor":39},{"not_picked":["Body Slam+1","Iron Wave"],"picked":"Corruption","floor":39},{"not_picked":["Heavy Blade+1","Headbutt+1"],"picked":"Ghostly Armor+1","floor":39},{"not_picked":["Flame Barrier","Twin Strike+1","Heavy Blade+1"],"picked":"SKIP","floor":40},{"not_picked":["Disarm+1","Ghostly Armor+1"],"picked":"Shrug It Off+1","floor":41},{"not_picked":["Clothesline+1","Body Slam"],"picked":"Spot Weakness+1","floor":45},{"not_picked":["Headbutt","Cleave+1","Inflame"],"picked":"SKIP","floor":46},{"not_picked":["Jack Of All Trades","Flash of Steel"],"picked":"Finesse","floor":47},{"not_picked":["Spot Weakness","Body Slam+1","Sword Boomerang"],"picked":"SKIP","floor":48},{"not_picked":["Rampage+1","Armaments"],"picked":"Dual Wield+1","floor":54}],"player_experience":17740,"relics_obtained":[{"floor":9,"key":"Potion Belt"},{"floor":12,"key":"Smiling Mask"},{"floor":20,"key":"Red Mask"},{"floor":26,"key":"Meat on the Bone"},{"floor":31,"key":"MawBank"},{"floor":36,"key":"Torii"},{"floor":40,"key":"Eternal Feather"},{"floor":46,"key":"Bottled Tornado"},{"floor":54,"key":"Orichalcum"}],"event_choices":[{"damage_healed":0,"gold_gain":100,"player_choice":"Pray","damage_taken":0,"max_hp_gain":0,"max_hp_loss":0,"event_name":"Golden Shrine","floor":3,"gold_loss":0},{"damage_healed":0,"gold_gain":0,"player_choice":"Fought Bandits","damage_taken":0,"max_hp_gain":0,"max_hp_loss":0,"event_name":"Masked Bandits","floor":20,"gold_loss":0},{"damage_healed":0,"gold_gain":0,"player_choice":"Ignored","damage_taken":0,"max_hp_gain":0,"max_hp_loss":0,"event_name":"The Mausoleum","floor":24,"gold_loss":0},{"damage_healed":0,"gold_gain":0,"player_choice":"Fight","damage_taken":0,"max_hp_gain":0,"max_hp_loss":0,"event_name":"MindBloom","floor":36,"gold_loss":0},{"damage_healed":0,"gold_gain":0,"player_choice":"Memory 3","damage_taken":10,"max_hp_gain":0,"max_hp_loss":0,"event_name":"SensoryStone","floor":47,"gold_loss":0}],"is_beta":false,"boss_relics":[{"not_picked":["Runic Dome","Black Blood"],"picked":"Philosopher\u0027s Stone"},{"not_picked":["Snecko Eye","Velvet Choker"],"picked":"Runic Pyramid"}],"items_purged_floors":[19,28,39,53],"is_endless":false,"potions_floor_spawned":[1,4,5,10,14,20,22,25,31,38,40,45,46,48,54],"ascension_level":0}}