{"host":"60d5wzi2cpvs73ka","time":1609677271,"event":{"mods":["AchievementEnabler","Act Like it!","Arknights The Spire","BaseMod","Friendly Minions","Infinite Spire","Minty Spire (QoL Compilation)","Shop Mod","StSLib"],"gold_per_floor":[113,131,131,146,161,188,38,38,89,17,45,45,19,39,39,138,138,154,244,244,294,219,219,219],"floor_reached":23,"playtime":1863,"items_purged":[],"score":197,"play_id":"e1ed44c6-c834-481a-8d92-9035b14410bd","local_time":"20210103213431","is_ascension_mode":false,"campfire_choices":[{"data":"ats:Thorns","floor":8,"key":"SMITH"},{"data":"ats:Closed Bolt Burst Fire","floor":15,"key":"SMITH"}],"circlet_count":0,"master_deck":["ats:Strike C","ats:Strike G","ats:Strike S","ats:Strike V","ats:Armor Crushing Shot","ats:Defend","ats:Defend","ats:Defend","ats:Defend","ats:Emotion Absorption","ats:Flexible Camouflage","ats:Blood Oath","ats:Curse Doll+1","ats:Neurotoxin","ats:Durian","ats:Thorns+1","ats:Overload","ats:Defend Order","ats:Hammer On","ats:Closed Bolt Burst Fire+1","ats:True Silver Slash","ats:Neurotoxin+1"],"relics":["ats:Sanity","NeowsBlessing","ats:Bonebreaker","ats:Originium","Juzu Bracelet","PreservedInsect","Meat on the Bone","Philosopher\u0027s Stone"],"acts_visited":["Exordium","TheCity"],"potions_floor_usage":[6,16],"damage_taken":[{"damage":0,"enemies":"2 Louse","floor":1,"turns":1},{"damage":0,"enemies":"Small Slimes","floor":2,"turns":1},{"damage":0,"enemies":"infinitespire:Voidling","floor":4,"turns":1},{"damage":9,"enemies":"Looter","floor":5,"turns":4},{"damage":39,"enemies":"3 Sentries","floor":6,"turns":11},{"damage":23,"enemies":"Lagavulin","floor":11,"turns":7},{"damage":7,"enemies":"Red Slaver","floor":14,"turns":3},{"damage":31,"enemies":"Hexaghost","floor":16,"turns":9},{"damage":41,"enemies":"2 Thieves","floor":18,"turns":3},{"damage":36,"enemies":"Slavers","floor":23,"turns":2}],"seed_played":"2833478029434344049","potions_obtained":[{"floor":2,"key":"Regen Potion"},{"floor":5,"key":"SteroidPotion"}],"is_trial":false,"path_per_floor":["M","M","?","M","M","E","$","R","T","$","E","?","$","M","R","B",null,"M","?","?","?","?","E"],"character_chosen":"DOCTOR_CLASS","items_purchased":["ats:Thorns","ats:Overload","ats:Defend Order","ats:Hammer On"],"campfire_rested":0,"item_purchase_floors":[7,7,10,13],"current_hp_per_floor":[72,72,60,60,54,42,42,42,42,42,25,25,25,33,33,23,72,43,31,31,31,31,0,0],"gold":219,"neow_bonus":"THREE_ENEMY_KILL","is_daily":false,"chose_seed":false,"campfire_upgraded":2,"win_rate":0.0,"timestamp":1609677271,"path_taken":["M","M","?","M","M","E","$","R","T","$","E","?","$","M","R","BOSS","M","?","?","?","?","E"],"items_purchased_type":["Card","Card","Card","Card"],"build_version":"2020-12-22","purchased_purges":0,"victory":false,"max_hp_per_floor":[72,72,72,72,72,72,72,72,72,72,72,72,72,72,72,72,72,72,72,72,72,72,72,72],"card_choices":[{"not_picked":["ats:Leaping Hammer","ats:Red Shift"],"picked":"ats:Flexible Camouflage","floor":1},{"not_picked":["ats:Flexible Camouflage","ats:Leaping Hammer"],"picked":"ats:Blood Oath","floor":2},{"not_picked":["ats:Apocalypse","ats:Charging Defense"],"picked":"ats:Curse Doll","floor":4},{"not_picked":["ats:Poison Spread","ats:Closed Bolt Burst Fire"],"picked":"ats:Neurotoxin","floor":5},{"not_picked":["ats:Poison Spread","ats:Ignite"],"picked":"ats:Durian","floor":6},{"not_picked":["ats:Defend Order","ats:Flame Of Heaven"],"picked":"ats:Counter Healing Mode","floor":11},{"not_picked":["ats:Very Hot Blade","ats:Explosion Area Strengthen"],"picked":"ats:Closed Bolt Burst Fire","floor":14},{"not_picked":["ats:Fractured Body","ats:Disruption Kick"],"picked":"ats:True Silver Slash","floor":16},{"not_picked":["ats:Assault Order+1","ats:Shell Defense+1"],"picked":"ats:Neurotoxin+1","floor":18}],"player_experience":207348,"relics_obtained":[{"floor":6,"key":"ats:Originium"},{"floor":6,"key":"Juzu Bracelet"},{"floor":9,"key":"PreservedInsect"},{"floor":11,"key":"ats:Originium"},{"floor":11,"key":"Meat on the Bone"}],"event_choices":[{"damage_healed":0,"gold_gain":0,"player_choice":"Success","damage_taken":12,"relics_obtained":["ats:Bonebreaker"],"max_hp_gain":0,"max_hp_loss":0,"event_name":"Scrap Ooze","floor":3,"gold_loss":0},{"damage_healed":0,"gold_gain":0,"player_choice":"Grow","damage_taken":0,"max_hp_gain":0,"max_hp_loss":0,"event_name":"Living Wall","floor":12,"gold_loss":0,"cards_upgraded":["ats:Curse Doll"]},{"damage_healed":0,"gold_gain":90,"player_choice":"GOLD ","damage_taken":12,"max_hp_gain":0,"max_hp_loss":0,"event_name":"Knowing Skull","floor":19,"potions_obtained":[],"gold_loss":0,"cards_obtained":[]},{"damage_healed":0,"gold_gain":0,"player_choice":"Ignored","damage_taken":0,"max_hp_gain":0,"max_hp_loss":0,"event_name":"Vampires","floor":20,"gold_loss":0},{"damage_healed":0,"gold_gain":100,"player_choice":"Bet on Murderer","damage_taken":0,"max_hp_gain":0,"max_hp_loss":0,"event_name":"The Joust","floor":21,"gold_loss":50},{"cards_removed":["ats:Counter Healing Mode"],"damage_healed":0,"gold_gain":0,"player_choice":"Gave Gold","damage_taken":0,"max_hp_gain":0,"max_hp_loss":0,"event_name":"Beggar","floor":22,"gold_loss":75}],"is_beta":false,"boss_relics":[{"not_picked":["Fusion Hammer","Empty Cage"],"picked":"Philosopher\u0027s Stone"}],"items_purged_floors":[],"is_endless":false,"potions_floor_spawned":[2,5],"killed_by":"Slavers","ascension_level":0}}