{"host":"bfxt97i6dl81mvg3","time":1609650581,"event":{"mods":["BaseMod","Colored Map","Minty Spire (QoL Compilation)","Relic Stats","Slay the Relics Exporter","StSLib","everything is the same but u backflip on backflip"],"gold_per_floor":[118,135,135,151,151,151,161,161,161,161,161,236,25,59,59,158,158,171,270,285,285,39,39,53,53,53,53,65,93,113,127,127,225,225,243,253,253,253,269,269,288,288,311,311,311,96,96,116,116,116],"floor_reached":51,"playtime":899,"items_purged":["Defend_R","Sword Boomerang"],"score":767,"play_id":"d714f676-d9c6-4e6a-9b38-a6efd557e802","local_time":"20210102230941","is_ascension_mode":false,"campfire_choices":[{"data":"Flex","floor":6,"key":"SMITH"},{"data":"Bash","floor":8,"key":"SMITH"},{"data":"Pummel","floor":10,"key":"SMITH"},{"data":"Whirlwind","floor":15,"key":"SMITH"},{"data":"Pommel Strike","floor":23,"key":"SMITH"},{"data":"Immolate","floor":25,"key":"SMITH"},{"data":"Reaper","floor":27,"key":"SMITH"},{"floor":32,"key":"RECALL"},{"floor":40,"key":"REST"},{"floor":45,"key":"REST"},{"data":"Shockwave","floor":47,"key":"SMITH"},{"floor":49,"key":"REST"}],"circlet_count":0,"master_deck":["Bash+1","Pummel+1","Reaper+1","Flex+1","Whirlwind+1","Immolate+1","Pommel Strike+1","Battle Trance+1","Disarm+1","Shockwave+1"],"relics":["Burning Blood","NeowsBlessing","HornCleat","Bronze Scales","Pandora\u0027s Box","Orrery","Matryoshka","Thread and Needle","Busted Crown","Pantograph","Nunchaku","Chemical X"],"acts_visited":["Exordium","TheCity","TheBeyond"],"potions_floor_usage":[5,16,33,33,50,50,50],"damage_taken":[{"damage":0,"enemies":"Jaw Worm","floor":1,"turns":1},{"damage":0,"enemies":"Cultist","floor":2,"turns":1},{"damage":0,"enemies":"Small Slimes","floor":4,"turns":1},{"damage":13,"enemies":"Exordium Thugs","floor":5,"turns":2},{"damage":15,"enemies":"Exordium Wildlife","floor":7,"turns":3},{"damage":47,"enemies":"3 Sentries","floor":14,"turns":7},{"damage":43,"enemies":"The Guardian","floor":16,"turns":6},{"damage":0,"enemies":"3 Byrds","floor":18,"turns":2},{"damage":10,"enemies":"Chosen","floor":20,"turns":3},{"damage":20,"enemies":"Centurion and Healer","floor":24,"turns":4},{"damage":0,"enemies":"3 Cultists","floor":28,"turns":3},{"damage":18,"enemies":"Gremlin Leader","floor":29,"turns":3},{"damage":0,"enemies":"Shelled Parasite and Fungi","floor":30,"turns":2},{"damage":6,"enemies":"Cultist and Chosen","floor":31,"turns":3},{"damage":21,"enemies":"Automaton","floor":33,"turns":5},{"damage":3,"enemies":"3 Darklings","floor":35,"turns":2},{"damage":0,"enemies":"Orb Walker","floor":36,"turns":1},{"damage":0,"enemies":"3 Darklings","floor":39,"turns":1},{"damage":0,"enemies":"Spire Growth","floor":41,"turns":2},{"damage":0,"enemies":"Transient","floor":48,"turns":5},{"damage":64,"enemies":"Awakened One","floor":50,"turns":5}],"seed_played":"8319929509262781895","potions_obtained":[{"floor":1,"key":"FearPotion"},{"floor":2,"key":"SmokeBomb"},{"floor":16,"key":"Dexterity Potion"},{"floor":18,"key":"SneckoOil"},{"floor":30,"key":"AttackPotion"},{"floor":33,"key":"SteroidPotion"},{"floor":35,"key":"Fire Potion"}],"is_trial":false,"path_per_floor":["M","M","?","M","M","R","M","R","T","R","?","?","$","E","R","B",null,"M","?","M","?","$","R","M","R","T","R","M","E","M","M","R","B",null,"M","M","?","?","M","R","M","$","T","$","R","$","R","M","R","B",null],"character_chosen":"IRONCLAD","items_purchased":["Whirlwind","CultistPotion","Orrery","Chemical X","Shockwave"],"campfire_rested":3,"item_purchase_floors":[13,13,22,46,46],"current_hp_per_floor":[80,80,80,80,73,73,72,72,72,72,77,66,66,37,37,15,85,85,85,81,81,81,81,79,79,79,79,85,73,79,79,79,64,85,85,85,81,81,81,81,81,81,81,81,81,81,81,81,81,23],"gold":116,"neow_bonus":"THREE_ENEMY_KILL","is_daily":false,"chose_seed":false,"campfire_upgraded":8,"win_rate":0.0,"timestamp":1609650581,"path_taken":["M","M","?","?","M","R","M","R","T","R","?","?","$","E","R","BOSS","M","?","M","?","$","R","M","R","T","R","M","E","M","M","R","BOSS","M","M","?","?","M","R","M","$","T","$","R","$","R","?","R","BOSS"],"items_purchased_type":["Card","Potion","Relic","Relic","Card"],"build_version":"2020-12-22","purchased_purges":2,"victory":true,"max_hp_per_floor":[80,80,80,80,80,80,80,80,80,80,85,85,85,85,85,85,85,85,85,85,85,85,85,85,85,85,85,85,85,85,85,85,85,85,85,85,81,81,81,81,81,81,81,81,81,81,81,81,81,81],"relic_stats":{"Nunchaku":[2],"Busted Crown":10,"counters":[21,62],"Bronze Scales":[90],"Pantograph":0,"Pandora\u0027s Box":["Warcry","Shrug It Off","Limit Break","Reaper","Second Wind","Carnage","Sever Soul"],"Chemical X":[12],"obtain_stats":[{"Nunchaku":43,"HornCleat":9,"Matryoshka":26,"Busted Crown":34,"NeowsBlessing":0,"Bronze Scales":14,"Pantograph":43,"Orrery":22,"Pandora\u0027s Box":17,"Thread and Needle":29,"Chemical X":46,"Burning Blood":0},{"Nunchaku":19,"HornCleat":5,"Matryoshka":10,"Busted Crown":15,"NeowsBlessing":0,"Bronze Scales":6,"Pantograph":19,"Orrery":9,"Pandora\u0027s Box":7,"Thread and Needle":12,"Chemical X":19,"Burning Blood":0},{"Nunchaku":52,"HornCleat":8,"Matryoshka":30,"Busted Crown":46,"NeowsBlessing":0,"Bronze Scales":15,"Pantograph":52,"Orrery":26,"Pandora\u0027s Box":21,"Thread and Needle":36,"Chemical X":52,"Burning Blood":0}],"Burning Blood":69},"card_choices":[{"not_picked":["Fire Breathing","Perfected Strike","Iron Wave"],"picked":"SKIP","floor":1},{"not_picked":["Metallicize","Power Through"],"picked":"Pummel","floor":2},{"not_picked":["Warcry","Blood for Blood"],"picked":"Flex","floor":4},{"not_picked":["Warcry","Twin Strike","Wild Strike"],"picked":"SKIP","floor":7},{"not_picked":["Evolve","Blood for Blood"],"picked":"Sword Boomerang","floor":14},{"not_picked":["Bludgeon","Berserk"],"picked":"Immolate","floor":16},{"not_picked":["Sword Boomerang+1","Iron Wave","Pommel Strike"],"picked":"SKIP","floor":18},{"not_picked":["Sword Boomerang+1","Iron Wave"],"picked":"Pommel Strike","floor":18},{"not_picked":["Cleave+1","Pommel Strike","Hemokinesis"],"picked":"SKIP","floor":20},{"not_picked":["Dark Embrace+1","Armaments"],"picked":"Battle Trance+1","floor":22},{"not_picked":["Clash","Rupture+1","True Grit+1"],"picked":"SKIP","floor":24},{"not_picked":["Clash","Rupture+1","True Grit+1"],"picked":"SKIP","floor":24},{"not_picked":["True Grit","Ghostly Armor","Clothesline+1"],"picked":"SKIP","floor":28},{"not_picked":["Twin Strike+1","Sentinel","Body Slam"],"picked":"SKIP","floor":29},{"not_picked":["Warcry","Evolve","Combust"],"picked":"SKIP","floor":30},{"not_picked":["Warcry","Evolve","Combust"],"picked":"SKIP","floor":30},{"not_picked":["Feed","Warcry+1","Feel No Pain+1"],"picked":"SKIP","floor":31},{"not_picked":["Headbutt+1"],"picked":"SKIP","floor":35},{"not_picked":[],"picked":"Disarm+1","floor":36},{"not_picked":["Bloodletting"],"picked":"SKIP","floor":39},{"not_picked":["Body Slam"],"picked":"SKIP","floor":41},{"not_picked":["Shrug It Off"],"picked":"SKIP","floor":48}],"player_experience":291174,"relics_obtained":[{"floor":9,"key":"HornCleat"},{"floor":14,"key":"Bronze Scales"},{"floor":26,"key":"Matryoshka"},{"floor":29,"key":"Thread and Needle"},{"floor":43,"key":"Pantograph"},{"floor":43,"key":"Nunchaku"}],"event_choices":[{"damage_healed":0,"gold_gain":0,"cards_transformed":["Defend_R"],"player_choice":"Transformed","damage_taken":0,"max_hp_gain":0,"max_hp_loss":0,"event_name":"Transmorgrifier","floor":3,"gold_loss":0,"cards_obtained":["Reaper"]},{"damage_healed":0,"gold_gain":0,"player_choice":"Donut","damage_taken":0,"max_hp_gain":5,"max_hp_loss":0,"event_name":"Big Fish","floor":11,"gold_loss":0},{"damage_healed":0,"gold_gain":75,"player_choice":"Gather Gold","damage_taken":11,"max_hp_gain":0,"max_hp_loss":0,"event_name":"World of Goop","floor":12,"gold_loss":0},{"damage_healed":0,"gold_gain":99,"player_choice":"Stole From Cult","damage_taken":0,"max_hp_gain":0,"max_hp_loss":0,"event_name":"Nest","floor":19,"gold_loss":0},{"damage_healed":0,"gold_gain":0,"player_choice":"Ignored","damage_taken":0,"max_hp_gain":0,"max_hp_loss":0,"event_name":"The Mausoleum","floor":21,"gold_loss":0},{"damage_healed":0,"gold_gain":0,"player_choice":"Max HP","damage_taken":0,"max_hp_gain":0,"max_hp_loss":4,"event_name":"Winding Halls","floor":37,"gold_loss":0},{"damage_healed":0,"gold_gain":0,"player_choice":"Ignored","damage_taken":0,"max_hp_gain":0,"max_hp_loss":0,"event_name":"Accursed Blacksmith","floor":38,"gold_loss":0}],"is_beta":false,"boss_relics":[{"not_picked":["Runic Cube","Coffee Dripper"],"picked":"Pandora\u0027s Box"},{"not_picked":["Sozu","Tiny House"],"picked":"Busted Crown"}],"items_purged_floors":[13,22],"is_endless":false,"potions_floor_spawned":[1,2,5,16,18,20,30,33,35],"ascension_level":0}}