{"host":"8i4doyxqctgl5qb0","time":1609712877,"event":{"mods":["AchievementEnabler","BaseMod","Block Reminder","Colored Powertips","Downfall","Marisa£®ÏF”Í°°ƒß¿Ì…≥£©","Minty Spire (QoL Compilation)","Permanent Neow","Potion Indicator Mod","Rare Cards Sparkle","StSLib","SuperFastMode"],"gold_per_floor":[114,64,64,13,13,13,39,55,55,130,130,130,130,161,161,264,264,278,278,298,313,313,313,76,76,100,100,100,111,144,158,158,261,261,279,291,303,3,53,53,88,98,98,15,15,15,15,0,0,0],"floor_reached":51,"playtime":1898,"items_purged":["Regret","Slimebound:Icky"],"score":873,"play_id":"a036b2d5-4b42-4cc4-8657-a4402dfe06fe","local_time":"20210104062757","is_ascension_mode":true,"campfire_choices":[{"data":"Bash","floor":6.0,"key":"SMITH"},{"data":"Cleave","floor":11.0,"key":"SMITH"},{"data":"Flex","floor":13.0,"key":"SMITH"},{"floor":15.0,"key":"REST"},{"floor":23.0,"key":"REST"},{"data":"expansioncontent:QuickStudy","floor":25.0,"key":"SMITH"},{"floor":32.0,"key":"REST"},{"floor":40.0,"key":"REST"},{"data":"Magnetism","floor":45,"key":"SMITH"},{"data":"J.A.X.","floor":47,"key":"SMITH"},{"floor":49,"key":"REST"}],"circlet_count":0,"master_deck":["Strike_R+1","Strike_R+1","Strike_R+1","Strike_R+1","Defend_R+1","Defend_R+1","Defend_R+1","Bash+1","Flex","Flex+1","Spot Weakness+1","Cleave+1","Infernal Blade","Double Tap+1","Clash","J.A.X.+1","Sword Boomerang","Twin Strike+1","expansioncontent:QuickStudy+1","Slimebound:CheckThePlaybook","Juggernaut","Shockwave","Sword Boomerang","Bludgeon","Cleave","Cleave+1","Pummel+1","Inflame","Flex","Infernal Blade","Power Through+1","Reaper","Twin Strike+1","Seeing Red+1","Magnetism+1","Madness","Madness"],"relics":["Burning Blood","NeowsBlessing","Strawberry","Pear","Centennial Puzzle","Ancient Tea Set","Philosopher\u0027s Stone","Nilry\u0027s Codex","Boot","Sundial","Mark of Pain","Membership Card","Prayer Wheel","War Paint","Orichalcum","Red Mask"],"acts_visited":["Exordium","TheCity","TheBeyond"],"potions_floor_usage":[50,50],"damage_taken":[{"damage":0.0,"enemies":"2 Louse","floor":1.0,"turns":1.0},{"damage":0.0,"enemies":"Gremlin Nob","floor":7.0,"turns":1.0},{"damage":0.0,"enemies":"Small Slimes","floor":8.0,"turns":1.0},{"damage":27.0,"enemies":"3 Sentries","floor":14.0,"turns":5.0},{"damage":64.0,"enemies":"The Guardian","floor":16.0,"turns":9.0},{"damage":14.0,"enemies":"Spheric Guardian","floor":18.0,"turns":3.0},{"damage":9.0,"enemies":"2 Thieves","floor":20.0,"turns":2.0},{"damage":19.0,"enemies":"Snecko","floor":21.0,"turns":4.0},{"damage":14.0,"enemies":"3 Cultists","floor":29.0,"turns":4.0},{"damage":36.0,"enemies":"Gremlin Leader","floor":30.0,"turns":4.0},{"damage":6.0,"enemies":"Sentry and Sphere","floor":31.0,"turns":2.0},{"damage":74.0,"enemies":"Automaton","floor":33.0,"turns":9.0},{"damage":21.0,"enemies":"3 Darklings","floor":35.0,"turns":5.0},{"damage":3.0,"enemies":"Orb Walker","floor":36.0,"turns":1.0},{"damage":15.0,"enemies":"Sphere and 2 Shapes","floor":37.0,"turns":2.0},{"damage":27.0,"enemies":"Mind Bloom Boss Battle","floor":39.0,"turns":3.0},{"damage":2.0,"enemies":"Giant Head","floor":41.0,"turns":5.0},{"damage":17,"enemies":"Writhing Mass","floor":42,"turns":3},{"damage":89,"enemies":"Donu and Deca","floor":50,"turns":7}],"seed_played":"7019067124781946920","potions_obtained":[{"floor":7.0,"key":"PowerPotion"},{"floor":14.0,"key":"ElixirPotion"},{"floor":16.0,"key":"BlessingOfTheForge"},{"floor":20.0,"key":"SkillPotion"},{"floor":21.0,"key":"SpeedPotion"},{"floor":33.0,"key":"Block Potion"},{"floor":35.0,"key":"Regen Potion"},{"floor":41.0,"key":"SteroidPotion"}],"is_trial":false,"path_per_floor":["M","?","?","$","?","R","E","M","T","?","R","?","R","E","R","B",null,"M","?","M","M","?","R","$","R","T","?","?","M","E","M","R","B",null,"M","M","M","$","?","R","E","M","T","$","R","?","R","?","R","B",null],"character_chosen":"IRONCLAD","items_purchased":["Flex","expansioncontent:QuickStudy","Membership Card","Inflame","Flex","BloodPotion","Infernal Blade","Magnetism"],"campfire_rested":5,"item_purchase_floors":[4,24,38,38,38,38,38,44],"current_hp_per_floor":[80,80,73,73,57,57,70,76,86,75,75,75,75,54,83,25,97,89,89,86,73,57,86,86,86,86,86,86,78,48,48,77,9,97,82,85,76,76,55,84,88,77,77,77,77,65,65,65,94,36],"gold":0,"neow_bonus":"THREE_ENEMY_KILL","is_daily":false,"chose_seed":false,"campfire_upgraded":6,"win_rate":0.0,"timestamp":1609712877,"path_taken":["M","?","?","$","?","R","E","M","T","?","R","?","R","E","R","BOSS","M","?","M","M","?","R","$","R","T","?","?","?","E","M","R","BOSS","M","M","M","$","?","R","E","M","T","?","R","?","R","?","R","BOSS"],"items_purchased_type":["Card","Card","Relic","Card","Card","Potion","Card","Card"],"build_version":"2020-12-22","purchased_purges":2,"victory":true,"max_hp_per_floor":[80,80,80,80,80,80,87,87,97,97,97,97,97,97,97,97,97,97,97,97,97,97,97,97,97,97,97,97,97,97,97,97,97,97,97,97,97,97,97,97,97,97,97,97,97,97,97,97,97,97],"card_choices":[{"not_picked":["Twin Strike","Sword Boomerang"],"picked":"Flex","floor":1.0},{"not_picked":["Heavy Blade","Body Slam"],"picked":"Spot Weakness","floor":7.0},{"not_picked":["Seeing Red","Dark Embrace"],"picked":"Cleave","floor":8.0},{"not_picked":["Pommel Strike","True Grit"],"picked":"Infernal Blade","floor":14.0},{"not_picked":["Brutality","Exhume"],"picked":"Double Tap","floor":16.0},{"not_picked":["Sever Soul","Heavy Blade"],"picked":"Clash","floor":18.0},{"not_picked":["Uppercut","Heavy Blade"],"picked":"Sword Boomerang","floor":20.0},{"not_picked":["Combust","Perfected Strike"],"picked":"Twin Strike+1","floor":21.0},{"not_picked":["Havoc","Perfected Strike"],"picked":"Juggernaut","floor":29.0},{"not_picked":["Dropkick","Combust"],"picked":"Shockwave","floor":30.0},{"not_picked":["Battle Trance","Iron Wave"],"picked":"Sword Boomerang","floor":31.0},{"not_picked":["Fiend Fire","Double Tap"],"picked":"Bludgeon","floor":33.0},{"not_picked":["Power Through+1","Hemokinesis"],"picked":"Cleave","floor":35.0},{"not_picked":["Perfected Strike+1","Iron Wave+1"],"picked":"Cleave+1","floor":36.0},{"not_picked":["Blood for Blood","Searing Blow+1"],"picked":"Pummel+1","floor":37.0},{"not_picked":["Spot Weakness+1","Entrench"],"picked":"Power Through+1","floor":39.0},{"not_picked":["Havoc","Evolve"],"picked":"Reaper","floor":41.0},{"not_picked":["Warcry+1","Wild Strike+1"],"picked":"Twin Strike+1","floor":42},{"not_picked":["Pommel Strike+1","Fire Breathing+1"],"picked":"Seeing Red+1","floor":42}],"player_experience":54224,"relics_obtained":[{"floor":7.0,"key":"Strawberry"},{"floor":9.0,"key":"Pear"},{"floor":14.0,"key":"Ancient Tea Set"},{"floor":22.0,"key":"Nilry\u0027s Codex"},{"floor":26.0,"key":"Boot"},{"floor":30.0,"key":"Sundial"},{"floor":39.0,"key":"Prayer Wheel"},{"floor":41.0,"key":"War Paint"},{"floor":43,"key":"Orichalcum"}],"event_choices":[{"cards_removed":["Strike_R"],"damage_healed":0.0,"max_hp_gain":0.0,"max_hp_loss":0.0,"gold_gain":0.0,"event_name":"The Cleric","player_choice":"Card Removal","floor":2.0,"gold_loss":50.0,"damage_taken":0.0},{"cards_removed":["Defend_R"],"damage_healed":0.0,"max_hp_gain":0.0,"max_hp_loss":0.0,"gold_gain":0.0,"event_name":"Golden Wing","player_choice":"Card Removal","floor":3.0,"gold_loss":0.0,"damage_taken":7.0},{"damage_healed":0.0,"max_hp_gain":0.0,"max_hp_loss":0.0,"gold_gain":0.0,"event_name":"Shining Light","player_choice":"Entered Light","floor":5.0,"gold_loss":0.0,"damage_taken":16.0,"cards_upgraded":["Defend_R","Defend_R"]},{"damage_healed":0.0,"max_hp_gain":0.0,"max_hp_loss":0.0,"gold_gain":75.0,"event_name":"World of Goop","player_choice":"Gather Gold","floor":10.0,"gold_loss":0.0,"damage_taken":11.0},{"damage_healed":0.0,"max_hp_gain":0.0,"max_hp_loss":0.0,"gold_gain":0.0,"event_name":"Big Fish","player_choice":"Box","floor":12.0,"gold_loss":0.0,"damage_taken":0.0,"relics_obtained":["Centennial Puzzle"],"cards_obtained":["Regret"]},{"damage_healed":0.0,"max_hp_gain":0.0,"max_hp_loss":0.0,"gold_gain":0.0,"event_name":"Drug Dealer","player_choice":"Obtain J.A.X.","floor":19.0,"gold_loss":0.0,"damage_taken":0.0,"cards_obtained":["J.A.X."]},{"damage_healed":0.0,"max_hp_gain":0.0,"max_hp_loss":0.0,"gold_gain":0.0,"event_name":"Cursed Tome","player_choice":"Obtained Book","floor":22.0,"gold_loss":0.0,"damage_taken":16.0},{"damage_healed":0.0,"max_hp_gain":0.0,"max_hp_loss":0.0,"gold_gain":0.0,"event_name":"Back to Basics","player_choice":"Simplicity","floor":28.0,"gold_loss":0.0,"damage_taken":0.0,"cards_upgraded":["Strike_R","Strike_R","Strike_R","Strike_R","Defend_R"]},{"damage_healed":0.0,"max_hp_gain":0.0,"max_hp_loss":0.0,"gold_gain":0.0,"event_name":"MindBloom","player_choice":"Fight","floor":39.0,"gold_loss":0.0,"damage_taken":0.0},{"damage_healed":0,"gold_gain":0,"player_choice":"Embrace Madness","damage_taken":12,"max_hp_gain":0,"max_hp_loss":0,"event_name":"Winding Halls","floor":46,"gold_loss":0,"cards_obtained":["Madness","Madness"]},{"damage_healed":0,"gold_gain":0,"player_choice":"Paid","damage_taken":0,"relics_obtained":["Red Mask"],"max_hp_gain":0,"max_hp_loss":0,"event_name":"Tomb of Lord Red Mask","floor":48,"gold_loss":15}],"is_beta":false,"boss_relics":[{"not_picked":["Cursed Key","Runic Dome"],"picked":"Philosopher\u0027s Stone"},{"not_picked":["SacredBark","Runic Cube"],"picked":"Mark of Pain"}],"items_purged_floors":[24,38],"is_endless":false,"potions_floor_spawned":[7,14,16,20,21,33,35,41],"ascension_level":3}}