{"host":"37dk0reb6x0du8wx","time":1609688630,"event":{"mods":["BaseMod","Colored Map","DeckTracker","Minty Spire (QoL Compilation)","Quick Restart","StSLib"],"gold_per_floor":[119,44,59,59,70,70,84,84,84,84,107,124,124,138,138,262,262,275,70,70,70,94,94,109,109,109,109,128,128,128],"floor_reached":29,"playtime":785,"items_purged":["Strike_B"],"score":234,"play_id":"6b0f01d8-f74e-4693-a241-46bfd9228ea4","local_time":"20210104004350","is_ascension_mode":true,"campfire_choices":[{"data":"Zap","floor":6,"key":"SMITH"},{"floor":10,"key":"REST"},{"floor":15,"key":"REST"},{"floor":23,"key":"REST"},{"floor":25,"key":"REST"}],"circlet_count":0,"master_deck":["Defend_B","Defend_B","Defend_B","Defend_B","Zap+1","Dualcast","Capacitor","Loop","Ball Lightning","Melter","Ball Lightning","Conserve Battery","Conserve Battery"],"relics":["Cracked Core","Cables","Kunai","Odd Mushroom","Golden Idol","Empty Cage","PrismaticShard","Nilry\u0027s Codex","Vajra","Centennial Puzzle"],"acts_visited":["Exordium","TheCity"],"potions_floor_usage":[14,28],"damage_taken":[{"damage":1,"enemies":"2 Louse","floor":1,"turns":3},{"damage":3,"enemies":"Jaw Worm","floor":3,"turns":4},{"damage":1,"enemies":"Cultist","floor":5,"turns":4},{"damage":19,"enemies":"Exordium Thugs","floor":7,"turns":4},{"damage":31,"enemies":"The Mushroom Lair","floor":11,"turns":4},{"damage":8,"enemies":"Large Slime","floor":12,"turns":4},{"damage":7,"enemies":"2 Fungi Beasts","floor":14,"turns":3},{"damage":30,"enemies":"The Guardian","floor":16,"turns":10},{"damage":34,"enemies":"Shell Parasite","floor":18,"turns":5},{"damage":14,"enemies":"Chosen","floor":24,"turns":5},{"damage":38,"enemies":"3 Cultists","floor":28,"turns":5},{"damage":5,"enemies":"Cultist and Chosen","floor":29,"turns":3}],"seed_played":"-4493550047632423077","potions_obtained":[{"floor":5,"key":"GamblersBrew"},{"floor":7,"key":"Swift Potion"},{"floor":14,"key":"Fruit Juice"}],"is_trial":false,"path_per_floor":["M","$","M","?","M","R","M","$","T","R","?","M","?","M","R","B",null,"M","$","?","?","T","R","M","R","T","$","M","M"],"character_chosen":"DEFECT","items_purchased":["Conserve Battery","PrismaticShard"],"campfire_rested":4,"item_purchase_floors":[19,19],"current_hp_per_floor":[74,74,71,64,63,63,44,44,44,66,35,27,27,25,47,17,74,40,40,24,24,24,46,32,54,54,54,16,11,11],"gold":128,"neow_bonus":"REMOVE_CARD","is_daily":false,"chose_seed":false,"campfire_upgraded":1,"win_rate":0.0,"timestamp":1609688630,"path_taken":["M","$","M","?","M","R","M","$","T","R","?","M","?","M","R","BOSS","M","$","?","?","?","R","?","R","T","$","M","M"],"items_purchased_type":["Card","Relic"],"build_version":"2020-12-22","purchased_purges":1,"victory":false,"max_hp_per_floor":[75,75,75,75,75,75,75,75,75,75,75,75,69,74,74,74,74,74,74,74,74,74,74,74,74,74,74,74,74,74],"card_choices":[{"not_picked":["Rebound","Gash","Barrage"],"picked":"SKIP","floor":1},{"not_picked":["Steam","White Noise"],"picked":"Capacitor","floor":3},{"not_picked":["Capacitor","Compile Driver"],"picked":"Loop","floor":5},{"not_picked":["Turbo","Tempest"],"picked":"Ball Lightning","floor":7},{"not_picked":["Tempest","Static Discharge"],"picked":"Melter","floor":11},{"not_picked":["Compile Driver","All For One"],"picked":"Ball Lightning","floor":12},{"not_picked":["Static Discharge","Coolheaded","Barrage"],"picked":"SKIP","floor":14},{"not_picked":["Redo","Hologram"],"picked":"Conserve Battery","floor":18},{"not_picked":["FlyingSleeves+1","Ball Lightning","Trip"],"picked":"SKIP","floor":24},{"not_picked":["Fusion","Turbo","Iron Wave"],"picked":"SKIP","floor":28}],"player_experience":141583,"relics_obtained":[{"floor":9,"key":"Kunai"},{"floor":11,"key":"Odd Mushroom"},{"floor":20,"key":"Nilry\u0027s Codex"},{"floor":22,"key":"Vajra"},{"floor":26,"key":"Centennial Puzzle"}],"event_choices":[{"damage_healed":0,"gold_gain":0,"player_choice":"Success","damage_taken":7,"relics_obtained":["Cables"],"max_hp_gain":0,"max_hp_loss":0,"event_name":"Scrap Ooze","floor":4,"gold_loss":0},{"damage_healed":0,"gold_gain":0,"player_choice":"Fought Mushrooms","damage_taken":0,"max_hp_gain":0,"max_hp_loss":0,"event_name":"Mushrooms","floor":11,"gold_loss":0},{"damage_healed":0,"gold_gain":0,"player_choice":"Lose Max HP","damage_taken":0,"relics_obtained":["Golden Idol"],"max_hp_gain":0,"max_hp_loss":6,"event_name":"Golden Idol","floor":13,"gold_loss":0},{"damage_healed":0,"gold_gain":0,"player_choice":"Obtained Book","damage_taken":16,"max_hp_gain":0,"max_hp_loss":0,"event_name":"Cursed Tome","floor":20,"gold_loss":0},{"damage_healed":0,"gold_gain":0,"player_choice":"Ignored","damage_taken":0,"max_hp_gain":0,"max_hp_loss":0,"event_name":"Ghosts","floor":21,"gold_loss":0}],"is_beta":false,"boss_relics":[{"not_picked":["Snecko Eye","Runic Dome"],"picked":"Empty Cage"}],"items_purged_floors":[2],"is_endless":false,"potions_floor_spawned":[5,7,14],"killed_by":"Cultist and Chosen","ascension_level":2}}