{"host":"2he95iptrbxkejc1","time":1609708633,"event":{"mods":["AchievementEnabler","BaseMod","Minty Spire (QoL Compilation)"],"gold_per_floor":[116,134,146,162,181,206,218,218,218,218,235,235,260,274,274,369,369,382,382,151,66,66,66,95,106,106,106,125,125,141,158,158,253,253,267,278,291,291,110,140,140,175,175,175,191,238,265,277,277,277,277],"floor_reached":50,"playtime":3281,"items_purged":["Parasite","Defend_R"],"score":641,"play_id":"7c435f0f-cba2-4fc9-866c-bcbc0505f9f0","local_time":"20210103211713","is_ascension_mode":false,"campfire_choices":[{"data":"Rupture","floor":8.0,"key":"SMITH"},{"floor":15.0,"key":"REST"},{"data":"Heavy Blade","floor":23.0,"key":"SMITH"},{"data":"Combust","floor":27.0,"key":"SMITH"},{"data":"Hemokinesis","floor":29.0,"key":"SMITH"},{"floor":32.0,"key":"REST"},{"data":"Rupture","floor":41,"key":"SMITH"},{"data":"Infernal Blade","floor":44,"key":"SMITH"},{"floor":49,"key":"REST"}],"circlet_count":0,"master_deck":["Strike_R","Strike_R","Strike_R","Strike_R","Strike_R","Defend_R","Defend_R","Defend_R","Bash","Pommel Strike","Combust+1","Rupture+1","Infernal Blade+1","Battle Trance","Anger","Dropkick","CurseOfTheBell","Clash","Heavy Blade+1","Anger","Hemokinesis+1","Cleave+1","Heavy Blade+1","Heavy Blade+1","Rupture+1","Rage+1","Seeing Red+1"],"relics":["Burning Blood","NeowsBlessing","Thread and Needle","Pantograph","MealTicket","Calling Bell","PreservedInsect","Mummified Hand","Du-Vu Doll","MutagenicStrength","Happy Flower","Eternal Feather","Matryoshka","Nunchaku","Bottled Tornado","Snecko Eye","Centennial Puzzle","Toxic Egg 2","Vajra","Bottled Flame","Ice Cream","Dream Catcher"],"acts_visited":["Exordium","TheCity","TheBeyond"],"potions_floor_usage":[37,40,47,50,50],"damage_taken":[{"damage":0.0,"enemies":"Jaw Worm","floor":1.0,"turns":1.0},{"damage":0.0,"enemies":"Small Slimes","floor":2.0,"turns":1.0},{"damage":0.0,"enemies":"2 Louse","floor":3.0,"turns":1.0},{"damage":32.0,"enemies":"Exordium Wildlife","floor":4.0,"turns":6.0},{"damage":10.0,"enemies":"2 Fungi Beasts","floor":5.0,"turns":3.0},{"damage":15.0,"enemies":"3 Sentries","floor":6.0,"turns":4.0},{"damage":5.0,"enemies":"Looter","floor":7.0,"turns":3.0},{"damage":38.0,"enemies":"Gremlin Gang","floor":11.0,"turns":5.0},{"damage":11.0,"enemies":"Gremlin Nob","floor":13.0,"turns":3.0},{"damage":10.0,"enemies":"Blue Slaver","floor":14.0,"turns":3.0},{"damage":51.0,"enemies":"The Guardian","floor":16.0,"turns":7.0},{"damage":8.0,"enemies":"Shell Parasite","floor":18.0,"turns":6.0},{"damage":22.0,"enemies":"Book of Stabbing","floor":24.0,"turns":3.0},{"damage":5.0,"enemies":"3 Byrds","floor":25.0,"turns":4.0},{"damage":35.0,"enemies":"Snake Plant","floor":28.0,"turns":3.0},{"damage":23.0,"enemies":"Centurion and Healer","floor":30.0,"turns":4.0},{"damage":10.0,"enemies":"Cultist and Chosen","floor":31.0,"turns":3.0},{"damage":12.0,"enemies":"Champ","floor":33.0,"turns":6.0},{"damage":4,"enemies":"3 Shapes","floor":35,"turns":3},{"damage":18,"enemies":"3 Darklings","floor":36,"turns":4},{"damage":2,"enemies":"Jaw Worm Horde","floor":37,"turns":3},{"damage":30,"enemies":"Reptomancer","floor":40,"turns":3},{"damage":4,"enemies":"Giant Head","floor":42,"turns":3},{"damage":13,"enemies":"Sphere and 2 Shapes","floor":45,"turns":4},{"damage":28,"enemies":"2 Orb Walkers","floor":46,"turns":3},{"damage":2,"enemies":"Reptomancer","floor":47,"turns":2},{"damage":31,"enemies":"3 Darklings","floor":48,"turns":3},{"damage":99,"enemies":"Awakened One","floor":50,"turns":7}],"seed_played":"-231842264180440305","potions_obtained":[{"floor":2.0,"key":"DuplicationPotion"},{"floor":5.0,"key":"ColorlessPotion"},{"floor":7.0,"key":"ElixirPotion"},{"floor":14.0,"key":"SkillPotion"},{"floor":18.0,"key":"Explosive Potion"},{"floor":28.0,"key":"ColorlessPotion"},{"floor":30.0,"key":"SpeedPotion"},{"floor":36,"key":"HeartOfIron"},{"floor":46,"key":"GamblersBrew"},{"floor":48,"key":"Dexterity Potion"}],"is_trial":false,"path_per_floor":["M","M","M","M","M","E","M","R","T","?","M","?","E","M","R","B",null,"M","?","$","?","?","R","E","M","T","R","M","R","M","M","R","B",null,"M","M","M","?","$","E","R","E","T","R","M","?","E","M","R","B"],"character_chosen":"IRONCLAD","items_purchased":["Happy Flower","Rupture"],"campfire_rested":3,"item_purchase_floors":[20,39],"current_hp_per_floor":[80,80,80,54,50,41,42,42,42,42,10,30,25,21,45,25,80,78,78,77,77,77,77,61,62,62,74,45,57,40,36,71,71,77,77,65,69,69,77,53,68,70,70,77,70,48,52,27,65,0,0],"gold":277,"neow_bonus":"THREE_ENEMY_KILL","is_daily":false,"chose_seed":false,"campfire_upgraded":6,"win_rate":0.0,"timestamp":1609708633,"path_taken":["M","M","M","M","M","E","M","R","T","?","M","?","E","M","R","BOSS","M","?","$","?","?","R","E","M","T","R","M","R","M","M","R","BOSS","M","M","M","?","$","E","R","E","T","R","?","?","E","M","R","BOSS"],"items_purchased_type":["Relic","Card"],"build_version":"2020-12-22","purchased_purges":2,"victory":false,"max_hp_per_floor":[80,80,80,80,80,80,80,80,80,80,80,80,80,80,80,80,80,80,80,77,77,77,77,77,77,77,77,77,77,77,77,77,77,77,77,77,77,77,77,77,77,77,77,77,77,77,77,77,77,77,77],"card_choices":[{"not_picked":["Thunderclap","Pummel"],"picked":"Pommel Strike","floor":1.0},{"not_picked":["Thunderclap","Iron Wave","Burning Pact"],"picked":"SKIP","floor":2.0},{"not_picked":["Shrug It Off","Headbutt"],"picked":"Combust","floor":3.0},{"not_picked":["Rampage","Armaments"],"picked":"Rupture","floor":4.0},{"not_picked":["Perfected Strike","Impervious"],"picked":"Infernal Blade","floor":5.0},{"not_picked":["Entrench","Clothesline","Power Through"],"picked":"SKIP","floor":6.0},{"not_picked":["Disarm","Flame Barrier","Twin Strike"],"picked":"SKIP","floor":7.0},{"not_picked":["Perfected Strike","Clothesline"],"picked":"Battle Trance","floor":11.0},{"not_picked":["Twin Strike","Perfected Strike"],"picked":"Anger","floor":13.0},{"not_picked":["Thunderclap","Cleave"],"picked":"Dropkick","floor":14.0},{"not_picked":["Sword Boomerang","Iron Wave"],"picked":"Clash","floor":18.0},{"not_picked":["Inflame","Thunderclap+1","Cleave"],"picked":"SKIP","floor":24.0},{"not_picked":["Entrench+1","Power Through+1"],"picked":"Anger","floor":25.0},{"not_picked":["Headbutt","Iron Wave"],"picked":"Hemokinesis","floor":28.0},{"not_picked":["Pummel","Headbutt","True Grit"],"picked":"SKIP","floor":30.0},{"not_picked":["Body Slam+1","Bloodletting","Whirlwind"],"picked":"SKIP","floor":31.0},{"not_picked":["Flame Barrier","Shrug It Off","Perfected Strike+1"],"picked":"SKIP","floor":35},{"not_picked":["Inflame","Body Slam+1"],"picked":"Cleave+1","floor":36},{"not_picked":["Ghostly Armor+1","Disarm+1"],"picked":"Heavy Blade+1","floor":37},{"not_picked":["Armaments+1","Blood for Blood+1","Berserk"],"picked":"SKIP","floor":40},{"not_picked":["Anger+1","Clash"],"picked":"Rage+1","floor":42},{"not_picked":["Pummel+1","Dual Wield+1"],"picked":"Seeing Red+1","floor":45},{"not_picked":["Twin Strike","Flex+1","Juggernaut"],"picked":"SKIP","floor":47},{"not_picked":["Pommel Strike","Spot Weakness+1","Body Slam+1"],"picked":"SKIP","floor":48}],"player_experience":30550,"relics_obtained":[{"floor":6.0,"key":"Thread and Needle"},{"floor":9.0,"key":"Pantograph"},{"floor":13.0,"key":"MealTicket"},{"floor":17.0,"key":"PreservedInsect"},{"floor":17.0,"key":"Mummified Hand"},{"floor":17.0,"key":"Du-Vu Doll"},{"floor":24.0,"key":"Matryoshka"},{"floor":26.0,"key":"Nunchaku"},{"floor":26.0,"key":"Bottled Tornado"},{"floor":40,"key":"Centennial Puzzle"},{"floor":42,"key":"Toxic Egg 2"},{"floor":43,"key":"Vajra"},{"floor":43,"key":"Bottled Flame"},{"floor":46,"key":"Ice Cream"},{"floor":47,"key":"Dream Catcher"}],"event_choices":[{"damage_healed":0.0,"max_hp_gain":0.0,"max_hp_loss":0.0,"gold_gain":0.0,"event_name":"Dead Adventurer","player_choice":"Searched \u00271\u0027 times","floor":10.0,"gold_loss":0.0,"damage_taken":0.0},{"damage_healed":20.0,"max_hp_gain":0.0,"max_hp_loss":0.0,"gold_gain":0.0,"event_name":"Mushrooms","player_choice":"Healed and dodged fight","floor":12.0,"gold_loss":0.0,"damage_taken":0.0,"cards_obtained":["Parasite"]},{"damage_healed":0.0,"max_hp_gain":0.0,"max_hp_loss":0.0,"gold_gain":0.0,"event_name":"Drug Dealer","player_choice":"Inject Mutagens","floor":19.0,"gold_loss":0.0,"damage_taken":0.0,"relics_obtained":["MutagenicStrength"]},{"damage_healed":0.0,"max_hp_gain":0.0,"max_hp_loss":0.0,"gold_gain":0.0,"event_name":"Addict","player_choice":"Obtained Relic","floor":21.0,"gold_loss":85.0,"damage_taken":0.0,"relics_obtained":["Eternal Feather"]},{"damage_healed":0.0,"max_hp_gain":0.0,"max_hp_loss":0.0,"gold_gain":0.0,"event_name":"The Library","player_choice":"Read","floor":22.0,"gold_loss":0.0,"damage_taken":0.0,"cards_obtained":["Heavy Blade"]},{"damage_healed":0,"gold_gain":0,"player_choice":"Copied","damage_taken":0,"max_hp_gain":0,"max_hp_loss":0,"event_name":"Duplicator","floor":38,"gold_loss":0,"cards_obtained":["Heavy Blade"]},{"damage_healed":0,"gold_gain":0,"player_choice":"Fight","damage_taken":0,"max_hp_gain":0,"max_hp_loss":0,"event_name":"Mysterious Sphere","floor":46,"gold_loss":0}],"is_beta":false,"boss_relics":[{"not_picked":["Fusion Hammer","Astrolabe"],"picked":"Calling Bell"},{"not_picked":["Sozu","Runic Cube"],"picked":"Snecko Eye"}],"items_purged_floors":[20,39],"is_endless":false,"potions_floor_spawned":[2,5,7,14,18,28,30,36,46,48],"killed_by":"Awakened One","ascension_level":0}}