{"host":"2461dio7vetlq1z3","time":1609634799,"event":{"mods":["2.2 Compatiblity","AchievementEnabler","Aspiration","BaseMod","Better Third Choice","Friendly Minions","Hubris","Minty Spire (QoL Compilation)","Relic Stats","Replay The Spire","Spicy Shops","StSLib","Waifu the Spire"],"gold_per_floor":[116,16,40,56,75,75,101,101,126,157,157,157,157,170,170,244,244],"floor_reached":16,"playtime":567,"items_purged":["Strike_B"],"score":316,"play_id":"5bf5c384-71a3-47ce-a8f9-d84d45651461","local_time":"20210103014639","is_ascension_mode":true,"campfire_choices":[{"data":"Chaos","floor":6,"key":"SMITH"},{"floor":8,"key":"REST"},{"floor":13,"key":"REST"},{"data":"Defragment","floor":15,"key":"SMITH"}],"circlet_count":0,"master_deck":["AscendersBane","Defend_B","Defend_B","Defend_B","Defend_B","Zap","Dualcast","Defragment+1","Sweeping Beam+1","Chaos+1","Capacitor","Gash","Chill","Masterful Stab+1","Dagger Spray","Dash","Glacier"],"relics":["Cracked Core","aspiration:Lifesprig","Akabeko","Centennial Puzzle","PreservedInsect"],"acts_visited":["Exordium"],"potions_floor_usage":[7,10],"damage_taken":[{"damage":1,"enemies":"Cultist","floor":1,"turns":3},{"damage":4,"enemies":"Jaw Worm","floor":4,"turns":4},{"damage":7,"enemies":"2 Louse","floor":5,"turns":2},{"damage":23,"enemies":"3 Sentries","floor":7,"turns":5},{"damage":9,"enemies":"Lagavulin","floor":10,"turns":8},{"damage":0,"enemies":"Lots of Slimes","floor":14,"turns":1},{"damage":26,"enemies":"Fading Forest","floor":16,"turns":13}],"seed_played":"-9177743315208618131","potions_obtained":[{"floor":1,"key":"SkillPotion"},{"floor":7,"key":"Ancient Potion"},{"floor":16,"key":"Strength Potion"}],"is_trial":false,"path_per_floor":["M","$","T","M","M","R","E","R","T","E","?","?","R","M","R","B"],"character_chosen":"DEFECT","items_purchased":["Sweeping Beam"],"campfire_rested":2,"item_purchase_floors":[2],"current_hp_per_floor":[70,70,70,66,59,59,36,59,59,50,50,27,50,50,50,24,24],"gold":244,"neow_bonus":"TEN_PERCENT_HP_BONUS","is_daily":false,"chose_seed":false,"campfire_upgraded":2,"win_rate":0.0,"timestamp":1609634799,"path_taken":["M","$","?","?","M","R","E","R","T","E","?","?","R","M","R","BOSS"],"items_purchased_type":["Card"],"build_version":"2020-12-22","purchased_purges":1,"victory":false,"max_hp_per_floor":[78,78,78,78,78,78,78,78,78,78,78,78,78,78,78,78,78],"relic_stats":{"Centennial Puzzle":[6],"counters":[7,36],"PreservedInsect":0,"obtain_stats":[{"aspiration:Lifesprig":3,"Centennial Puzzle":9,"PreservedInsect":10,"Cracked Core":0,"Akabeko":7},{"aspiration:Lifesprig":1,"Centennial Puzzle":4,"PreservedInsect":5,"Cracked Core":0,"Akabeko":4},{"aspiration:Lifesprig":3,"Centennial Puzzle":14,"PreservedInsect":22,"Cracked Core":0,"Akabeko":14}]},"card_choices":[{"not_picked":["ReplayTheSpireMod:System Scan","Leap"],"picked":"Defragment","floor":1},{"not_picked":["Sweeping Beam","Undo"],"picked":"Chaos","floor":4},{"not_picked":["Skim","Coolheaded"],"picked":"Capacitor","floor":5},{"not_picked":["Hello World","ReplayTheSpireMod:Reroute Power"],"picked":"Gash","floor":7},{"not_picked":["Aggregate","Conserve Battery"],"picked":"Chill","floor":10},{"not_picked":["Streamline","Chill"],"picked":"Glacier","floor":14}],"player_experience":1033208,"relics_obtained":[{"floor":3,"key":"aspiration:Lifesprig"},{"floor":7,"key":"Akabeko"},{"floor":9,"key":"Centennial Puzzle"},{"floor":10,"key":"PreservedInsect"}],"event_choices":[{"damage_healed":50,"gold_gain":0,"player_choice":"Upgrade","damage_taken":23,"max_hp_gain":0,"max_hp_loss":78,"event_name":"betterThird:BetterShining","floor":12,"gold_loss":0,"cards_upgraded":["Sweeping Beam","Masterful Stab"]}],"is_beta":false,"boss_relics":[],"items_purged_floors":[2],"is_endless":false,"potions_floor_spawned":[1,7,16],"killed_by":"Fading Forest","ascension_level":20}}