{"host":"q8niu1x2pgv94o1d","time":1609697200,"event":{"mods":["AchievementEnabler","BaseMod","Colored Map","Colored Powertips","Minty Spire (QoL Compilation)","StSLib"],"gold_per_floor":[110,125,125,139,139,174,174,187,213,213,39,69,79,92,92,169,169,181,181,231,249,265,265,265],"floor_reached":23,"playtime":2611,"items_purged":[],"score":406,"play_id":"09a7f510-a6d3-4a55-819d-72c96d330830","local_time":"20210103190640","is_ascension_mode":true,"campfire_choices":[{"data":"Combust","floor":7,"key":"SMITH"},{"floor":10,"key":"REST"},{"data":"Immolate","floor":15,"key":"SMITH"}],"circlet_count":0,"master_deck":["AscendersBane","Strike_R","Strike_R","Strike_R","Strike_R","Strike_R","Defend_R","Defend_R+1","Defend_R+1","Defend_R","Bash","Anger","Combust+1","Iron Wave","Pummel","Inflame","Rupture","Immolate+1","Feel No Pain","Disarm","Double Tap","Offering","Shockwave+1","Decay","Warcry"],"relics":["Burning Blood","Dream Catcher","Strawberry","Centennial Puzzle","Orichalcum","War Paint","SlaversCollar"],"acts_visited":["Exordium","TheCity"],"potions_floor_usage":[6,12],"damage_taken":[{"damage":5.0,"enemies":"Small Slimes","floor":1.0,"turns":6.0},{"damage":6.0,"enemies":"2 Louse","floor":2.0,"turns":3.0},{"damage":6.0,"enemies":"Cultist","floor":4.0,"turns":3.0},{"damage":33,"enemies":"Gremlin Nob","floor":6,"turns":4},{"damage":11,"enemies":"Blue Slaver","floor":8,"turns":4},{"damage":10,"enemies":"3 Sentries","floor":12,"turns":4},{"damage":6,"enemies":"Exordium Wildlife","floor":13,"turns":2},{"damage":0,"enemies":"Exordium Thugs","floor":14,"turns":3},{"damage":33,"enemies":"Slime Boss","floor":16,"turns":9},{"damage":42,"enemies":"Shell Parasite","floor":18,"turns":5},{"damage":5,"enemies":"Chosen","floor":21,"turns":7},{"damage":30,"enemies":"Snecko","floor":22,"turns":4},{"damage":12,"enemies":"Book of Stabbing","floor":23,"turns":3}],"seed_played":"918963602276100059","potions_obtained":[{"floor":4.0,"key":"PowerPotion"},{"floor":6,"key":"FearPotion"},{"floor":18,"key":"Explosive Potion"}],"is_trial":false,"path_per_floor":["M","M","?","M","?","E","R","M","T","R","$","E","M","M","R","B",null,"M","?","?","M","M","E"],"character_chosen":"IRONCLAD","items_purchased":["Immolate"],"campfire_rested":1,"item_purchase_floors":[11],"current_hp_per_floor":[69,69,50,50,50,23,23,18,18,42,42,38,38,44,44,17,66,30,30,30,31,7,0,0],"gold":265,"neow_bonus":"RANDOM_COMMON_RELIC","is_daily":false,"chose_seed":false,"campfire_upgraded":2,"win_rate":0.0,"timestamp":1609697200,"path_taken":["M","M","?","M","?","E","R","M","T","R","$","E","M","?","R","BOSS","M","?","?","M","?","E"],"items_purchased_type":["Card"],"build_version":"2020-12-22","purchased_purges":0,"victory":false,"max_hp_per_floor":[75,75,82,82,82,82,82,82,82,82,82,82,82,82,82,82,82,82,82,82,82,82,82,82],"card_choices":[{"not_picked":["Twin Strike","Body Slam"],"picked":"Anger","floor":1.0},{"not_picked":["Feel No Pain","Reckless Charge"],"picked":"Combust","floor":2.0},{"not_picked":["Reckless Charge","True Grit"],"picked":"Iron Wave","floor":4.0},{"not_picked":["Rampage","Pommel Strike"],"picked":"Inflame","floor":6},{"not_picked":["Iron Wave","Sentinel"],"picked":"Rupture","floor":8},{"not_picked":["Body Slam","Headbutt"],"picked":"Feel No Pain","floor":12},{"not_picked":["Second Wind","Hemokinesis"],"picked":"Disarm","floor":13},{"not_picked":["Twin Strike","Thunderclap"],"picked":"Double Tap","floor":14},{"not_picked":["Double Tap","Limit Break"],"picked":"Offering","floor":16},{"not_picked":["Body Slam","Heavy Blade+1"],"picked":"Shockwave+1","floor":18},{"not_picked":["Sword Boomerang","Flex","Body Slam"],"picked":"SKIP","floor":21},{"not_picked":["Whirlwind","Thunderclap"],"picked":"Warcry","floor":22}],"player_experience":1737311,"relics_obtained":[{"floor":6,"key":"Centennial Puzzle"},{"floor":9,"key":"Orichalcum"},{"floor":12,"key":"War Paint"}],"event_choices":[{"damage_healed":0.0,"max_hp_gain":0.0,"max_hp_loss":0.0,"gold_gain":0.0,"event_name":"Scrap Ooze","player_choice":"Success","floor":3.0,"gold_loss":0.0,"damage_taken":26.0,"relics_obtained":["Strawberry"]},{"damage_healed":0,"gold_gain":0,"player_choice":"1 cards matched","damage_taken":0,"max_hp_gain":0,"max_hp_loss":0,"event_name":"Match and Keep!","floor":5,"gold_loss":0,"cards_obtained":["Pummel"]},{"damage_healed":0,"gold_gain":0,"player_choice":"Smashed Altar","damage_taken":0,"max_hp_gain":0,"max_hp_loss":0,"event_name":"Forgotten Altar","floor":19,"gold_loss":0,"cards_obtained":["Decay"]},{"damage_healed":0,"gold_gain":50,"player_choice":"Pray","damage_taken":0,"max_hp_gain":0,"max_hp_loss":0,"event_name":"Golden Shrine","floor":20,"gold_loss":0}],"is_beta":false,"boss_relics":[{"not_picked":["Ectoplasm","Runic Dome"],"picked":"SlaversCollar"}],"items_purged_floors":[],"is_endless":false,"potions_floor_spawned":[4,6,18],"killed_by":"Book of Stabbing","ascension_level":20}}