{"host":"q9718omregw4er46","time":1609671160,"event":{"mods":["BaseMod","Bestiary","Colored Powertips","Minty Spire (QoL Compilation)","Quick Restart","Relic Stats"],"gold_per_floor":[111,55,68,87,107,107,135,135,160,5,5,5,29,64,64,158,158,179,179,179,200,200,200,216,236,236,236,236],"floor_reached":27,"playtime":873,"items_purged":["Strike_P"],"score":496,"play_id":"832ffe52-b9f4-46a4-a919-a88b05312426","local_time":"20210103155240","is_ascension_mode":true,"campfire_choices":[{"floor":6.0,"key":"REST"},{"floor":8.0,"key":"REST"},{"data":"Tantrum","floor":11.0,"key":"SMITH"},{"data":"BattleHymn","floor":15.0,"key":"SMITH"},{"data":"EmptyFist","floor":23.0,"key":"SMITH"}],"circlet_count":0,"master_deck":["AscendersBane","Strike_P+1","Defend_P+1","Defend_P","Defend_P","Eruption","Vigilance+1","CurseOfTheBell","BattleHymn+1","FlyingSleeves","CutThroughFate","Tantrum+1","DevaForm","LessonLearned+1","Scrawl+1","JustLucky+1","FlurryOfBlows+1","Adaptation","EmptyFist+1","DeceiveReality"],"relics":["Calling Bell","Blood Vial","Gremlin Horn","GoldenEye","Orichalcum","Bag of Marbles","Oddly Smooth Stone","Golden Idol","Damaru","Astrolabe","MutagenicStrength","StrikeDummy"],"acts_visited":["Exordium","TheCity"],"potions_floor_usage":[],"damage_taken":[{"damage":18.0,"enemies":"Jaw Worm","floor":1.0,"turns":5.0},{"damage":0.0,"enemies":"Cultist","floor":3.0,"turns":3.0},{"damage":14.0,"enemies":"2 Louse","floor":4.0,"turns":4.0},{"damage":14.0,"enemies":"2 Fungi Beasts","floor":5.0,"turns":4.0},{"damage":34.0,"enemies":"Lagavulin","floor":7.0,"turns":4.0},{"damage":0.0,"enemies":"Looter","floor":13.0,"turns":3.0},{"damage":0.0,"enemies":"Gremlin Nob","floor":14.0,"turns":2.0},{"damage":29.0,"enemies":"Slime Boss","floor":16.0,"turns":6.0},{"damage":0.0,"enemies":"Chosen","floor":18.0,"turns":2.0},{"damage":2.0,"enemies":"3 Byrds","floor":21.0,"turns":3.0},{"damage":9.0,"enemies":"Centurion and Healer","floor":24.0,"turns":9.0},{"damage":0,"enemies":"Snecko","floor":25,"turns":2},{"damage":48,"enemies":"Book of Stabbing","floor":27,"turns":4}],"seed_played":"1866357779568568406","potions_obtained":[{"floor":5.0,"key":"Dexterity Potion"},{"floor":7.0,"key":"DistilledChaos"},{"floor":13.0,"key":"LiquidMemories"}],"is_trial":false,"path_per_floor":["M","?","M","M","M","R","E","R","T","$","R","?","M","E","R","B",null,"M","?","?","M","?","R","M","M","T","E"],"character_chosen":"WATCHER","items_purchased":["Tantrum"],"campfire_rested":2,"item_purchase_floors":[10],"current_hp_per_floor":[45,45,47,35,23,43,11,31,31,31,31,31,33,35,35,8,49,51,51,51,51,51,51,44,46,46,0,0],"gold":236,"neow_bonus":"BOSS_RELIC","is_daily":false,"chose_seed":false,"campfire_upgraded":3,"win_rate":0.0,"timestamp":1609671160,"path_taken":["M","?","M","M","?","R","E","R","T","?","R","?","M","E","R","BOSS","M","?","?","M","?","R","M","M","T","E"],"items_purchased_type":["Card"],"build_version":"2020-12-22","purchased_purges":1,"victory":false,"max_hp_per_floor":[68,68,68,68,68,68,68,68,68,68,68,62,62,62,62,62,62,62,62,62,62,62,62,62,62,62,62,62],"relic_stats":{"Blood Vial":26,"Gremlin Horn":[5,6],"counters":[13,51],"Golden Idol":46,"Astrolabe":["Scrawl","JustLucky","FlurryOfBlows"],"Orichalcum":[96],"GoldenEye":[30],"obtain_stats":[{"Gremlin Horn":0,"Golden Idol":12,"Astrolabe":17,"Oddly Smooth Stone":9,"Damaru":14,"Orichalcum":2,"GoldenEye":0,"Calling Bell":0,"Blood Vial":0,"MutagenicStrength":19,"Bag of Marbles":7,"PureWater":0,"StrikeDummy":26},{"Gremlin Horn":0,"Golden Idol":5,"Astrolabe":8,"Oddly Smooth Stone":5,"Damaru":7,"Orichalcum":1,"GoldenEye":0,"Calling Bell":0,"Blood Vial":0,"MutagenicStrength":9,"Bag of Marbles":5,"PureWater":0,"StrikeDummy":12},{"Gremlin Horn":0,"Golden Idol":20,"Astrolabe":31,"Oddly Smooth Stone":20,"Damaru":25,"Orichalcum":5,"GoldenEye":0,"Calling Bell":0,"Blood Vial":0,"MutagenicStrength":33,"Bag of Marbles":20,"PureWater":0,"StrikeDummy":47}]},"card_choices":[{"not_picked":["ThirdEye","Fasting2"],"picked":"BattleHymn","floor":1.0},{"not_picked":["WindmillStrike","Protect","Wireheading"],"picked":"SKIP","floor":3.0},{"not_picked":["Halt","EmptyBody"],"picked":"FlyingSleeves","floor":4.0},{"not_picked":["CarveReality","Evaluate"],"picked":"CutThroughFate","floor":5.0},{"not_picked":["JustLucky","Halt","FlyingSleeves"],"picked":"SKIP","floor":7.0},{"not_picked":["MasterReality","LikeWater","Crescendo"],"picked":"SKIP","floor":13.0},{"not_picked":["InnerPeace","Consecrate"],"picked":"DevaForm","floor":14.0},{"not_picked":["DeusExMachina","Brilliance"],"picked":"LessonLearned","floor":16.0},{"not_picked":["CrushJoints+1","Prostrate"],"picked":"Adaptation","floor":18.0},{"not_picked":["CutThroughFate","SashWhip"],"picked":"DeceiveReality","floor":21.0},{"not_picked":["Protect","CutThroughFate","FlurryOfBlows"],"picked":"SKIP","floor":24.0},{"not_picked":["BattleHymn","CutThroughFate+1","FlurryOfBlows"],"picked":"SKIP","floor":25}],"player_experience":1160338,"relics_obtained":[{"floor":0.0,"key":"Blood Vial"},{"floor":0.0,"key":"Gremlin Horn"},{"floor":0.0,"key":"GoldenEye"},{"floor":7.0,"key":"Bag of Marbles"},{"floor":9.0,"key":"Oddly Smooth Stone"},{"floor":14.0,"key":"Damaru"},{"floor":26,"key":"StrikeDummy"}],"event_choices":[{"damage_healed":0.0,"max_hp_gain":0.0,"max_hp_loss":0.0,"gold_gain":0.0,"event_name":"WeMeetAgain","player_choice":"Paid Gold","floor":2.0,"gold_loss":56.0,"damage_taken":0.0,"relics_obtained":["Orichalcum"]},{"damage_healed":0.0,"max_hp_gain":0.0,"max_hp_loss":6.0,"gold_gain":0.0,"event_name":"Golden Idol","player_choice":"Lose Max HP","floor":12.0,"gold_loss":0.0,"damage_taken":0.0,"relics_obtained":["Golden Idol"]},{"damage_healed":0.0,"max_hp_gain":0.0,"max_hp_loss":0.0,"gold_gain":0.0,"event_name":"Drug Dealer","player_choice":"Inject Mutagens","floor":19.0,"gold_loss":0.0,"damage_taken":0.0,"relics_obtained":["MutagenicStrength"]},{"damage_healed":0.0,"max_hp_gain":0.0,"max_hp_loss":0.0,"gold_gain":0.0,"event_name":"The Library","player_choice":"Read","floor":20.0,"gold_loss":0.0,"damage_taken":0.0,"cards_obtained":["EmptyFist"]},{"damage_healed":0.0,"max_hp_gain":0.0,"max_hp_loss":0.0,"gold_gain":0.0,"event_name":"Ghosts","player_choice":"Ignored","floor":22.0,"gold_loss":0.0,"damage_taken":0.0}],"is_beta":false,"boss_relics":[{"not_picked":["SacredBark","Empty Cage"],"picked":"Astrolabe"}],"items_purged_floors":[10],"is_endless":false,"potions_floor_spawned":[5,7,13],"killed_by":"Book of Stabbing","ascension_level":20}}