{"host":"xjyie0ctswsml60g","time":1609713962,"event":{"mods":["AchievementEnabler","BaseMod","Colored Map","Minty Spire (QoL Compilation)","Quick Restart","SuperFastMode"],"gold_per_floor":[113,130,130,230,249,249,249,249,249,249,274,179,179,211,211,314,314,328,253,253,253],"floor_reached":20,"playtime":715,"items_purged":[],"score":178,"play_id":"fd1a93ef-67fe-4690-9ef0-a5df84a3f0c6","local_time":"20210104004602","is_ascension_mode":false,"campfire_choices":[{"data":"Juggernaut","floor":6.0,"key":"SMITH"},{"data":"Bash","floor":8.0,"key":"SMITH"},{"data":"Defend_R","floor":10.0,"key":"SMITH"},{"data":"Armaments","floor":13.0,"key":"SMITH"},{"data":"Barricade","floor":15.0,"key":"SMITH"}],"circlet_count":0,"master_deck":["Strike_R","Strike_R","Strike_R","Strike_R","Defend_R","Defend_R","Defend_R+1","Bash+1","Juggernaut+1","Dropkick","Shrug It Off","Armaments+1","Barricade+1","Juggernaut","Rampage+1"],"relics":["Burning Blood"],"acts_visited":["Exordium","TheCity"],"potions_floor_usage":[],"damage_taken":[{"damage":1.0,"enemies":"Cultist","floor":1.0,"turns":3.0},{"damage":8.0,"enemies":"Jaw Worm","floor":2.0,"turns":4.0},{"damage":5.0,"enemies":"Small Slimes","floor":5.0,"turns":3.0},{"damage":21.0,"enemies":"Lagavulin","floor":11.0,"turns":7.0},{"damage":10.0,"enemies":"Gremlin Nob","floor":14.0,"turns":4.0},{"damage":39.0,"enemies":"The Guardian","floor":16.0,"turns":15.0},{"damage":19.0,"enemies":"Shell Parasite","floor":18.0,"turns":6.0},{"damage":25.0,"enemies":"2 Thieves","floor":19.0,"turns":5.0},{"damage":53,"enemies":"Sentry and Sphere","floor":20,"turns":6}],"seed_played":"-6411845295875097161","potions_obtained":[{"floor":2.0,"key":"GamblersBrew"},{"floor":11.0,"key":"AttackPotion"},{"floor":14.0,"key":"AttackPotion"},{"floor":16.0,"key":"PowerPotion"},{"floor":18.0,"key":"SpeedPotion"}],"is_trial":false,"path_per_floor":["M","M","?","?","M","R","?","R","T","R","E","$","R","E","R","B",null,"M","M","M"],"character_chosen":"IRONCLAD","items_purchased":["Shrug It Off","Armaments"],"campfire_rested":0,"item_purchase_floors":[12,12],"current_hp_per_floor":[88,86,79,79,80,80,80,80,80,80,65,65,65,61,61,28,88,75,56,3,3],"gold":253,"neow_bonus":"TEN_PERCENT_HP_BONUS","is_daily":false,"chose_seed":false,"campfire_upgraded":5,"win_rate":0.0,"timestamp":1609713962,"path_taken":["M","M","?","?","?","R","?","R","T","R","E","$","R","E","R","BOSS","M","M","M"],"items_purchased_type":["Card","Card"],"build_version":"2020-12-22","purchased_purges":0,"victory":false,"max_hp_per_floor":[88,88,88,88,88,88,88,88,88,88,88,88,88,88,88,88,88,88,88,88,88],"card_choices":[{"not_picked":["Cleave","Thunderclap","Wild Strike"],"picked":"SKIP","floor":1.0},{"not_picked":["Warcry","Combust","Flex"],"picked":"SKIP","floor":2.0},{"not_picked":["Flex","Dual Wield"],"picked":"Juggernaut","floor":5.0},{"not_picked":["Searing Blow","Wild Strike"],"picked":"Dropkick","floor":11.0},{"not_picked":["Havoc","Headbutt"],"picked":"Barricade","floor":14.0},{"not_picked":["Feed","Demon Form"],"picked":"Juggernaut","floor":16.0},{"not_picked":["Sever Soul+1","Havoc","Thunderclap"],"picked":"SKIP","floor":18.0},{"not_picked":["Havoc","Warcry"],"picked":"Rampage+1","floor":19.0}],"player_experience":515471,"relics_obtained":[],"event_choices":[{"cards_removed":["Defend_R"],"damage_healed":0.0,"max_hp_gain":0.0,"max_hp_loss":0.0,"gold_gain":0.0,"event_name":"Golden Wing","player_choice":"Card Removal","floor":3.0,"gold_loss":0.0,"damage_taken":7.0},{"damage_healed":0.0,"max_hp_gain":0.0,"max_hp_loss":0.0,"gold_gain":100.0,"event_name":"Golden Shrine","player_choice":"Pray","floor":4.0,"gold_loss":0.0,"damage_taken":0.0},{"cards_removed":["Strike_R"],"damage_healed":0.0,"max_hp_gain":0.0,"max_hp_loss":0.0,"gold_gain":0.0,"event_name":"Living Wall","player_choice":"Forget","floor":7.0,"gold_loss":0.0,"damage_taken":0.0}],"is_beta":false,"boss_relics":[{"not_picked":["SacredBark","Velvet Choker","Astrolabe"]}],"items_purged_floors":[],"is_endless":false,"potions_floor_spawned":[2,11,14,16,18],"killed_by":"Sentry and Sphere","ascension_level":0}}