{"host":"2lvuisjyit3p3u01","time":1609706686,"event":{"mods":["Act Like it!","BaseMod","Bestiary","Better Synergies","CapriCore","Colored Map","Colored Powertips","Duelist Mod","GifTheSpireLib","Minty Spire (QoL Compilation)","Quick Restart","Replay The Spire","StSLib"],"gold_per_floor":[141,141,141,161,161,161,196,215,215,249,249,249,259,271,271,368,368,384,384,394,12,29,29,41,41,41,41,41,41,41],"floor_reached":29,"playtime":2349,"items_purged":[],"score":270,"play_id":"8b164818-5572-4d5e-b090-1de0c22e55a8","local_time":"20210103224446","is_ascension_mode":true,"campfire_choices":[{"data":"theDuelist:NaturiaStinkbug","floor":6,"key":"SMITH"},{"data":"theDuelist:Spore","floor":11,"key":"SMITH"},{"floor":15,"key":"REST"},{"floor":23,"key":"REST"},{"data":"theDuelist:NaturiaBambooShoot","floor":25,"key":"SMITH"}],"circlet_count":0,"master_deck":["theDuelist:CastleWalls","theDuelist:CastleWalls","theDuelist:CastleWalls","theDuelist:NaturiaBeast","theDuelist:NaturiaCliff","theDuelist:NaturiaRock","theDuelist:NaturiaTulip+1","theDuelist:Sparks","theDuelist:Sparks","theDuelist:Sparks","theDuelist:NaturiaStinkbug+1","theDuelist:CurseAging","theDuelist:NaturiaExterio+1","theDuelist:HuntingInstinct","theDuelist:NaturiaRock","theDuelist:Spore+1","theDuelist:FuryFire+1","theDuelist:NaturiaBambooShoot+1","theDuelist:NaturiaParadizo+1"],"relics":["theDuelist:MillenniumPuzzle","theDuelist:CardPoolRelic","theDuelist:CardPoolBasicRelic","theDuelist:BoosterPackPoolRelic","theDuelist:CardPoolAddRelic","theDuelist:CardPoolMinusRelic","theDuelist:CardPoolSaveRelic","theDuelist:CardPoolOptionsRelic","theDuelist:ResummonBranch","theDuelist:SolderToken","theDuelist:SummonAnchor","theDuelist:GiftAnubis","Busted Crown","Mango","Cables","theDuelist:ElectricToken"],"acts_visited":["Exordium","TheCity"],"potions_floor_usage":[14,16,16,29],"damage_taken":[{"damage":0,"enemies":"2 Louse","floor":1,"turns":3},{"damage":14,"enemies":"Jaw Worm","floor":4,"turns":4},{"damage":22,"enemies":"Lagavulin","floor":7,"turns":7},{"damage":3,"enemies":"Cultist","floor":8,"turns":3},{"damage":6,"enemies":"3 Sentries","floor":10,"turns":5},{"damage":9,"enemies":"Blue Slaver","floor":13,"turns":4},{"damage":13,"enemies":"Large Slime","floor":14,"turns":6},{"damage":28,"enemies":"Slime Boss","floor":16,"turns":8},{"damage":45,"enemies":"Spheric Guardian","floor":18,"turns":8},{"damage":1,"enemies":"3 Byrds","floor":20,"turns":3},{"damage":37,"enemies":"Cultist and Chosen","floor":22,"turns":6},{"damage":36,"enemies":"Sentry and Sphere","floor":24,"turns":4},{"damage":22,"enemies":"Centurion and Healer","floor":29,"turns":2}],"seed_played":"1327771237058851920","potions_obtained":[{"floor":8,"key":"theDuelist:TokenPotion"},{"floor":10,"key":"SteroidPotion"},{"floor":14,"key":"theDuelist:MegaupgradePotion"},{"floor":18,"key":"EssenceOfSteel"},{"floor":28,"key":"theDuelist:MayhemPotion"},{"floor":28,"key":"theDuelist:DestructPotionPot"}],"is_trial":false,"path_per_floor":["M","?","?","M","?","R","E","M","T","E","R","?","M","M","R","B",null,"M","?","M","$","M","R","M","R","T","?","?","M"],"character_chosen":"THE_DUELIST","items_purchased":["theDuelist:NaturiaBambooShoot","Mango"],"campfire_rested":2,"item_purchase_floors":[21,21],"current_hp_per_floor":[80,80,80,66,66,66,44,41,41,35,35,35,26,13,37,24,95,50,50,49,63,26,58,22,22,22,16,16,0,0],"gold":41,"neow_bonus":"RANDOM_EVENT","is_daily":false,"chose_seed":false,"campfire_upgraded":3,"win_rate":0.0,"timestamp":1609706686,"path_taken":["M","?","?","M","?","R","E","?","T","E","R","?","M","M","R","BOSS","M","?","M","?","M","R","M","R","T","?","?","M"],"items_purchased_type":["Card","Relic"],"build_version":"2020-12-22","purchased_purges":0,"victory":false,"max_hp_per_floor":[80,80,80,80,80,80,80,80,80,80,80,80,80,80,80,95,95,95,95,95,109,109,109,109,109,109,109,109,109,109],"card_choices":[{"not_picked":["theDuelist:NaturiaCliff","theDuelist:FossilDig","theDuelist:NaturiaRagweed","theDuelist:NaturiaStagBeetle"],"picked":"theDuelist:NaturiaStinkbug","floor":1},{"not_picked":["theDuelist:NaturiaHydrangea","theDuelist:NaturiaDragonfly","theDuelist:NaturiaGaiastrio","theDuelist:NaturiaGuardian"],"picked":"theDuelist:NaturiaExterio","floor":4},{"not_picked":["theDuelist:DemiseLand","theDuelist:MultiplicationOfAnts"],"picked":"theDuelist:HuntingInstinct","floor":7},{"not_picked":["theDuelist:CrystalRose","theDuelist:NaturiaLandoise","theDuelist:NaturiaCliff","theDuelist:Blockman"],"picked":"theDuelist:NaturiaRock","floor":8},{"not_picked":["theDuelist:NaturiaHydrangea","theDuelist:NaturiaSunflower","theDuelist:SummoningSwarm","theDuelist:NaturiaRock"],"picked":"theDuelist:Spore","floor":10},{"not_picked":["theDuelist:WildNatureRelease","theDuelist:SeedSacredTree","theDuelist:BarkionBark","theDuelist:AfterGenocide"],"picked":"theDuelist:FuryFire","floor":13},{"not_picked":["theDuelist:DestroyerGolem","theDuelist:MillenniumGolem","theDuelist:ShardGreed","theDuelist:GoldenApples"],"picked":"theDuelist:DestructPotion","floor":14},{"not_picked":["theDuelist:FuryFire","theDuelist:ExterioFang","theDuelist:LeodrakeMane"],"picked":"SKIP","floor":18},{"not_picked":["theDuelist:NaturiaHydrangea+1","theDuelist:BarkionBark","theDuelist:FrozenRose+1"],"picked":"SKIP","floor":20},{"not_picked":["theDuelist:NaturiaStrawberry","theDuelist:CrystalRose"],"picked":"theDuelist:NaturiaParadizo+1","floor":22},{"not_picked":["theDuelist:NaturiaLeodrake+1","theDuelist:NaturalDisaster+1","theDuelist:Canyon+1"],"picked":"SKIP","floor":24}],"player_experience":241090,"relics_obtained":[{"floor":7,"key":"theDuelist:SolderToken"},{"floor":9,"key":"theDuelist:SummonAnchor"},{"floor":10,"key":"theDuelist:GiftAnubis"},{"floor":26,"key":"Cables"}],"event_choices":[{"damage_healed":0,"gold_gain":0,"player_choice":"Grow","damage_taken":0,"max_hp_gain":0,"max_hp_loss":0,"event_name":"Living Wall","floor":0,"gold_loss":0,"cards_upgraded":["theDuelist:NaturiaTulip"]},{"damage_healed":0,"gold_gain":0,"player_choice":"Took item - Received: Millennium Branch","duelist":true,"damage_taken":0,"max_hp_gain":0,"max_hp_loss":0,"event_name":"Millennium Items","floor":2,"gold_loss":0},{"damage_healed":0,"gold_gain":0,"player_choice":"Leave","duelist":true,"damage_taken":0,"max_hp_gain":0,"max_hp_loss":0,"event_name":"Tomb of the Nameless","floor":3,"gold_loss":0},{"damage_healed":0,"gold_gain":0,"player_choice":"Bought 0 Potions","damage_taken":0,"max_hp_gain":0,"max_hp_loss":0,"event_name":"The Woman in Blue","floor":5,"gold_loss":0},{"damage_healed":0,"gold_gain":0,"player_choice":"Upgraded","damage_taken":0,"max_hp_gain":0,"max_hp_loss":0,"event_name":"Upgrade Shrine","floor":19,"gold_loss":0,"cards_upgraded":["theDuelist:FuryFire"]},{"damage_healed":0,"gold_gain":0,"player_choice":"Dig - random Duelist relic","duelist":true,"damage_taken":0,"max_hp_gain":0,"max_hp_loss":0,"event_name":"Aknamkanon\u0027s Tomb","floor":27,"gold_loss":0},{"damage_healed":0,"gold_gain":0,"player_choice":"Got Potions","damage_taken":0,"max_hp_gain":0,"max_hp_loss":0,"event_name":"Lab","floor":28,"gold_loss":0}],"is_beta":false,"boss_relics":[{"not_picked":["Replay:Drink Me","Electric Blood"],"picked":"Busted Crown"}],"items_purged_floors":[],"is_endless":false,"potions_floor_spawned":[8,10,14,18],"killed_by":"Centurion and Healer","ascension_level":1}}