{"host":"naykp6d9ulahlwib","time":1609710986,"event":{"mods":["BaseMod","Highlight Path","Minty Spire (QoL Compilation)","Shop Mod","StSLib"],"gold_per_floor":[117,117,42,54,54,80,93,122,145,145,162,162,162,178,178,178,178],"floor_reached":16,"playtime":935,"items_purged":["Strike_G"],"score":236,"play_id":"21f60692-67b6-4962-9737-b83dd722c76a","local_time":"20210103155626","is_ascension_mode":true,"campfire_choices":[{"floor":12.0,"key":"REST"},{"floor":15.0,"key":"REST"}],"circlet_count":0,"master_deck":["AscendersBane","Strike_G","Strike_G","Strike_G","Defend_G","Defend_G","Defend_G","Defend_G","Defend_G","Survivor","Neutralize","Noxious Fumes","Poisoned Stab","Escape Plan","Prepared","Noxious Fumes"],"relics":["Ring of the Snake","NeowsBlessing","Snake Skull","Anchor","Oddly Smooth Stone","Art of War","Omamori"],"acts_visited":["Exordium"],"potions_floor_usage":[],"damage_taken":[{"damage":0.0,"enemies":"Cultist","floor":1.0,"turns":1.0},{"damage":0.0,"enemies":"Jaw Worm","floor":4.0,"turns":1.0},{"damage":0.0,"enemies":"Lagavulin","floor":6.0,"turns":1.0},{"damage":4.0,"enemies":"Small Slimes","floor":7.0,"turns":6.0},{"damage":32.0,"enemies":"3 Sentries","floor":8.0,"turns":7.0},{"damage":5.0,"enemies":"Exordium Wildlife","floor":11.0,"turns":5.0},{"damage":17.0,"enemies":"Gremlin Gang","floor":14.0,"turns":5.0},{"damage":41,"enemies":"Slime Boss","floor":16,"turns":10}],"seed_played":"-3529388540481956080","potions_obtained":[{"floor":1.0,"key":"CunningPotion"},{"floor":6.0,"key":"DistilledChaos"}],"is_trial":false,"path_per_floor":["M","?","$","M","$","E","M","E","T","?","M","R","?","M","R","B"],"character_chosen":"THE_SILENT","items_purchased":[],"campfire_rested":2,"item_purchase_floors":[],"current_hp_per_floor":[59,59,59,59,59,59,55,23,23,23,18,37,32,15,34,0,0],"gold":178,"neow_bonus":"THREE_ENEMY_KILL","is_daily":false,"chose_seed":false,"campfire_upgraded":0,"win_rate":0.0,"timestamp":1609710986,"path_taken":["M","?","$","M","?","E","?","E","T","?","M","R","?","M","R","BOSS"],"items_purchased_type":[],"build_version":"2020-12-22","purchased_purges":1,"victory":false,"max_hp_per_floor":[66,66,66,66,66,66,66,66,66,66,66,66,66,66,66,66,66],"card_choices":[{"not_picked":["Bouncing Flask","Cloak And Dagger"],"picked":"Noxious Fumes","floor":1.0},{"not_picked":["Reflex","Cloak And Dagger","Flying Knee"],"picked":"SKIP","floor":4.0},{"not_picked":["Underhanded Strike","Endless Agony","Dagger Throw"],"picked":"SKIP","floor":6.0},{"not_picked":["Quick Slash","Endless Agony"],"picked":"Poisoned Stab","floor":7.0},{"not_picked":["Accuracy","Choke"],"picked":"Escape Plan","floor":8.0},{"not_picked":["Slice","Tactician"],"picked":"Prepared","floor":11.0},{"not_picked":["Wraith Form v2","Escape Plan"],"picked":"Noxious Fumes","floor":14.0}],"player_experience":983114,"relics_obtained":[{"floor":6.0,"key":"Anchor"},{"floor":8.0,"key":"Oddly Smooth Stone"},{"floor":9.0,"key":"Art of War"}],"event_choices":[{"damage_healed":0.0,"max_hp_gain":0.0,"max_hp_loss":0.0,"gold_gain":0.0,"event_name":"WeMeetAgain","player_choice":"Gave Potion","floor":2.0,"gold_loss":0.0,"damage_taken":0.0,"relics_obtained":["Snake Skull"]},{"cards_removed":["Strike_G"],"damage_healed":0.0,"max_hp_gain":0.0,"max_hp_loss":0.0,"gold_gain":0.0,"event_name":"Living Wall","player_choice":"Forget","floor":10.0,"gold_loss":0.0,"damage_taken":0.0},{"damage_healed":0.0,"max_hp_gain":0.0,"max_hp_loss":0.0,"gold_gain":0.0,"event_name":"Scrap Ooze","player_choice":"Success","floor":13.0,"gold_loss":0.0,"damage_taken":5.0,"relics_obtained":["Omamori"]}],"is_beta":false,"boss_relics":[],"items_purged_floors":[3],"is_endless":false,"potions_floor_spawned":[1,6],"killed_by":"Slime Boss","ascension_level":15}}