{"host":"j4g6ia6asvpyu2b0","time":1609704420,"event":{"mods":["BaseMod","Colored Map","Minty Spire (QoL Compilation)","Permanent Neow","Quick Restart","Relic Stats","StSLib","Unceasing Turn Reminder"],"gold_per_floor":[115,128,128,128,140,172,172,205,205,205,232,247,118,118,118,222,222,242,253,265,275,289,319,319,8,8,8,8,8,42,53,53,156,156,176,186,186,197,251,251,251],"floor_reached":40,"playtime":1183,"items_purged":["Strike_B"],"score":560,"play_id":"e445ece9-4218-426d-a835-f2ba8d991953","local_time":"20210103130700","is_ascension_mode":true,"campfire_choices":[{"floor":7,"key":"REST"},{"data":"Zap","floor":10,"key":"SMITH"},{"data":"Electrodynamics","floor":15,"key":"SMITH"},{"data":"Static Discharge","floor":24,"key":"SMITH"},{"data":"Genetic Algorithm","floor":27,"key":"SMITH"},{"data":"Thunder Strike","floor":32,"key":"SMITH"}],"circlet_count":0,"master_deck":["Strike_B","Strike_B","Strike_B","Defend_B","Defend_B","Defend_B+1","Defend_B","Zap+1","Echo Form","Conserve Battery","Genetic Algorithm+1","Steam","Ball Lightning","Electrodynamics+1","Static Discharge+1","Cold Snap","Electrodynamics","Conserve Battery","Defragment+1","Glacier","Ball Lightning+1","BootSequence","Thunder Strike+1","Cold Snap+1","Ball Lightning+1","Hologram","Sweeping Beam","Storm+1","Compile Driver+1"],"relics":["Cracked Core","Toy Ornithopter","Meat on the Bone","Letter Opener","Darkstone Periapt","Inserter","Sundial","Membership Card","Gremlin Horn","Pantograph","Nilry\u0027s Codex","Pear","Cursed Key","StoneCalendar"],"acts_visited":["Exordium","TheCity","TheBeyond"],"potions_floor_usage":[5,6,16,23,30,39],"damage_taken":[{"damage":1,"enemies":"2 Louse","floor":1,"turns":3},{"damage":6,"enemies":"Cultist","floor":2,"turns":3},{"damage":7,"enemies":"Small Slimes","floor":5,"turns":3},{"damage":27,"enemies":"Gremlin Nob","floor":6,"turns":4},{"damage":11,"enemies":"Lagavulin","floor":8,"turns":8},{"damage":27,"enemies":"Gremlin Nob","floor":11,"turns":4},{"damage":0,"enemies":"Gremlin Gang","floor":12,"turns":2},{"damage":47,"enemies":"Hexaghost","floor":16,"turns":10},{"damage":6,"enemies":"3 Byrds","floor":18,"turns":2},{"damage":4,"enemies":"Chosen","floor":19,"turns":4},{"damage":14,"enemies":"Snake Plant","floor":20,"turns":4},{"damage":19,"enemies":"Snecko","floor":21,"turns":4},{"damage":17,"enemies":"Sentry and Sphere","floor":22,"turns":4},{"damage":34,"enemies":"Slavers","floor":23,"turns":4},{"damage":18,"enemies":"Book of Stabbing","floor":30,"turns":6},{"damage":8,"enemies":"Snake Plant","floor":31,"turns":5},{"damage":60,"enemies":"Automaton","floor":33,"turns":7},{"damage":0,"enemies":"Orb Walker","floor":35,"turns":3},{"damage":7,"enemies":"3 Shapes","floor":36,"turns":4},{"damage":17,"enemies":"Jaw Worm Horde","floor":38,"turns":2},{"damage":16,"enemies":"2 Orb Walkers","floor":39,"turns":2},{"damage":74,"enemies":"Nemesis","floor":40,"turns":4}],"seed_played":"2754875753528716991","potions_obtained":[{"floor":1,"key":"EssenceOfDarkness"},{"floor":4,"key":"Regen Potion"},{"floor":4,"key":"AttackPotion"},{"floor":11,"key":"FocusPotion"},{"floor":16,"key":"Fruit Juice"},{"floor":20,"key":"LiquidBronze"},{"floor":31,"key":"Energy Potion"},{"floor":33,"key":"FocusPotion"}],"is_trial":false,"path_per_floor":["M","M","?","?","M","E","R","E","T","R","E","M","$","?","R","B",null,"M","M","M","M","M","E","R","$","T","R","$","?","E","M","R","B",null,"M","M","?","M","?","E"],"character_chosen":"DEFECT","items_purchased":["Static Discharge","Cold Snap","Membership Card","Gremlin Horn"],"campfire_rested":1,"item_purchase_floors":[13,13,25,25],"current_hp_per_floor":[74,68,53,53,46,19,41,30,30,30,15,27,27,75,75,50,80,74,70,56,49,44,39,39,39,39,39,39,23,32,36,36,13,90,90,83,83,66,55,0,0],"gold":251,"neow_bonus":"ONE_RANDOM_RARE_CARD","is_daily":false,"chose_seed":false,"campfire_upgraded":5,"win_rate":0.0,"timestamp":1609704420,"path_taken":["M","M","?","?","?","E","R","E","T","R","E","M","?","?","R","BOSS","M","M","?","M","M","E","R","$","T","R","$","?","E","M","R","BOSS","M","M","?","M","?","E"],"items_purchased_type":["Card","Card","Relic","Relic"],"build_version":"2020-12-22","purchased_purges":1,"victory":false,"max_hp_per_floor":[75,75,75,75,75,75,75,75,75,75,75,75,75,75,75,80,80,80,80,80,80,80,80,80,80,80,80,80,80,90,90,90,90,90,90,90,90,90,90,90,90],"relic_stats":{"Darkstone Periapt":0,"Inserter":[27],"Gremlin Horn":[5,5],"counters":[22,92],"Sundial":[0],"Pantograph":25,"StoneCalendar":[0],"Letter Opener":[116],"Cursed Key":0,"obtain_stats":[{"Darkstone Periapt":11,"Inserter":17,"Pear":30,"Gremlin Horn":25,"Nilry\u0027s Codex":29,"StoneCalendar":39,"Letter Opener":9,"Cursed Key":34,"Sundial":23,"Pantograph":26,"Membership Card":25,"Cracked Core":0,"Toy Ornithopter":6,"Meat on the Bone":8},{"Darkstone Periapt":6,"Inserter":8,"Pear":15,"Gremlin Horn":14,"Nilry\u0027s Codex":14,"StoneCalendar":21,"Letter Opener":5,"Cursed Key":17,"Sundial":14,"Pantograph":14,"Membership Card":14,"Cracked Core":0,"Toy Ornithopter":4,"Meat on the Bone":5},{"Darkstone Periapt":25,"Inserter":37,"Pear":65,"Gremlin Horn":59,"Nilry\u0027s Codex":59,"StoneCalendar":88,"Letter Opener":21,"Cursed Key":77,"Sundial":59,"Pantograph":59,"Membership Card":59,"Cracked Core":0,"Toy Ornithopter":13,"Meat on the Bone":21}],"Toy Ornithopter":20,"Meat on the Bone":108},"card_choices":[{"not_picked":["Steam Power","Hologram"],"picked":"Conserve Battery","floor":1},{"not_picked":["Reprogram","Tempest"],"picked":"Genetic Algorithm","floor":2},{"not_picked":["Redo","Auto Shields"],"picked":"Steam","floor":5},{"not_picked":["Blizzard","Heatsinks","Reprogram"],"picked":"SKIP","floor":6},{"not_picked":["Compile Driver","Stack"],"picked":"Ball Lightning","floor":8},{"not_picked":["Cold Snap","Conserve Battery"],"picked":"Electrodynamics","floor":11},{"not_picked":["Leap","Hologram"],"picked":"Melter","floor":12},{"not_picked":["Seek","Thunder Strike"],"picked":"Electrodynamics","floor":16},{"not_picked":["Go for the Eyes","Steam+1"],"picked":"Conserve Battery","floor":18},{"not_picked":["Conserve Battery","Chill+1"],"picked":"Defragment+1","floor":19},{"not_picked":["Darkness","Cold Snap+1"],"picked":"Glacier","floor":20},{"not_picked":["Coolheaded+1","Compile Driver"],"picked":"Ball Lightning+1","floor":21},{"not_picked":["Steam Power","Compile Driver"],"picked":"BootSequence","floor":22},{"not_picked":["Turbo","Ball Lightning+1"],"picked":"Thunder Strike","floor":23},{"not_picked":["Recycle","Steam+1"],"picked":"Cold Snap+1","floor":30},{"not_picked":["Cold Snap","Steam+1"],"picked":"Ball Lightning+1","floor":31},{"not_picked":["Barrage","Streamline"],"picked":"Hologram","floor":35},{"not_picked":["Auto Shields+1","Redo"],"picked":"Sweeping Beam","floor":36},{"not_picked":["Beam Cell+1","Rebound"],"picked":"Storm+1","floor":38},{"not_picked":["Multi-Cast","Barrage"],"picked":"Compile Driver+1","floor":39}],"player_experience":685250,"relics_obtained":[{"floor":6,"key":"Toy Ornithopter"},{"floor":8,"key":"Meat on the Bone"},{"floor":9,"key":"Letter Opener"},{"floor":11,"key":"Darkstone Periapt"},{"floor":23,"key":"Sundial"},{"floor":26,"key":"Pantograph"},{"floor":29,"key":"Nilry\u0027s Codex"},{"floor":30,"key":"Pear"},{"floor":39,"key":"StoneCalendar"}],"event_choices":[{"damage_healed":0,"gold_gain":0,"player_choice":"Entered Light","damage_taken":15,"max_hp_gain":0,"max_hp_loss":0,"event_name":"Shining Light","floor":3,"gold_loss":0,"cards_upgraded":["Defend_B","Dualcast"]},{"damage_healed":0,"gold_gain":0,"player_choice":"Got Potions","damage_taken":0,"max_hp_gain":0,"max_hp_loss":0,"event_name":"Lab","floor":4,"gold_loss":0},{"cards_removed":["Melter"],"damage_healed":48,"gold_gain":0,"player_choice":"Offered Uncommon","damage_taken":0,"max_hp_gain":0,"max_hp_loss":0,"event_name":"Bonfire Elementals","floor":14,"gold_loss":0},{"damage_healed":0,"gold_gain":0,"player_choice":"Obtained Book","damage_taken":16,"max_hp_gain":0,"max_hp_loss":0,"event_name":"Cursed Tome","floor":29,"gold_loss":0},{"cards_removed":["Dualcast"],"damage_healed":0,"gold_gain":0,"player_choice":"Removed Skill","damage_taken":0,"max_hp_gain":0,"max_hp_loss":0,"event_name":"Falling","floor":37,"gold_loss":0},{"damage_healed":0,"gold_gain":0,"player_choice":"Fight","damage_taken":0,"max_hp_gain":0,"max_hp_loss":0,"event_name":"Mysterious Sphere","floor":39,"gold_loss":0}],"is_beta":false,"boss_relics":[{"not_picked":["Astrolabe","Nuclear Battery"],"picked":"Inserter"},{"not_picked":["FrozenCore","SlaversCollar"],"picked":"Cursed Key"}],"items_purged_floors":[25],"is_endless":false,"potions_floor_spawned":[1,11,16,20,22,31,33],"killed_by":"Nemesis","ascension_level":4}}