{"host":"oripf3o5xhgglpvn","time":1609655123,"event":{"mods":["AchievementEnabler","BaseMod","BetterRewards","Colored Map","Colored Powertips","Downfall","Minty Spire (QoL Compilation)","Rare Cards Sparkle","Shop Mod","StSLib"],"gold_per_floor":[115,115,115,129,304,338,338,354,377,400,424,449,465,465,465],"floor_reached":14,"playtime":769,"items_purged":[],"score":125,"play_id":"2ae76677-881b-4471-ba76-0f1a824b8c75","local_time":"20210103062523","is_ascension_mode":true,"campfire_choices":[{"data":"Barricade","floor":7.0,"key":"SMITH"}],"circlet_count":0,"master_deck":["Strike_R","Strike_R","Strike_R","Strike_R","Strike_R","Defend_R","Defend_R","Defend_R","Defend_R","Bash","Anger","Seeing Red","Doubt","Barricade+1","Bloodletting","Body Slam","Pommel Strike","Seeing Red"],"relics":["Burning Blood","NeowsBlessing","Golden Idol","Boot","Omamori"],"acts_visited":["Exordium"],"potions_floor_usage":[],"damage_taken":[{"damage":0.0,"enemies":"2 Louse","floor":1.0,"turns":1.0},{"damage":0.0,"enemies":"Small Slimes","floor":4.0,"turns":1.0},{"damage":0.0,"enemies":"Lagavulin","floor":6.0,"turns":1.0},{"damage":0.0,"enemies":"Cultist","floor":8.0,"turns":4.0},{"damage":16.0,"enemies":"Lots of Slimes","floor":10.0,"turns":6.0},{"damage":32.0,"enemies":"Exordium Thugs","floor":11.0,"turns":7.0},{"damage":10.0,"enemies":"Looter","floor":12.0,"turns":4.0},{"damage":12.0,"enemies":"Blue Slaver","floor":13.0,"turns":3.0},{"damage":0,"enemies":"3 Sentries","floor":14,"turns":1}],"seed_played":"3471436773135289135","potions_obtained":[{"floor":1.0,"key":"Weak Potion"},{"floor":6.0,"key":"ElixirPotion"},{"floor":10.0,"key":"AttackPotion"},{"floor":11.0,"key":"Block Potion"},{"floor":13.0,"key":"Dexterity Potion"}],"is_trial":false,"path_per_floor":["M","?","?","M","?","E","R","M","T","M","M","M","M","E"],"character_chosen":"IRONCLAD","items_purchased":[],"campfire_rested":0,"item_purchase_floors":[],"current_hp_per_floor":[80,60,65,71,71,77,77,83,83,73,47,43,37,37,37],"gold":465,"neow_bonus":"THREE_ENEMY_KILL","is_daily":false,"chose_seed":false,"campfire_upgraded":1,"win_rate":0.0,"timestamp":1609655123,"path_taken":["M","?","?","M","?","E","R","M","T","M","M","M","M","E"],"items_purchased_type":[],"build_version":"2020-12-22","purchased_purges":0,"victory":false,"max_hp_per_floor":[80,80,85,85,85,85,85,85,85,85,85,85,85,85,85],"card_choices":[{"not_picked":["Blood for Blood","Warcry"],"picked":"Anger","floor":1.0},{"not_picked":["Uppercut","Rupture"],"picked":"Seeing Red","floor":4.0},{"not_picked":["Cleave","Armaments"],"picked":"Barricade","floor":6.0},{"not_picked":["Fire Breathing","Sword Boomerang","Wild Strike"],"picked":"SKIP","floor":8.0},{"not_picked":["Wild Strike","Disarm"],"picked":"Bloodletting","floor":10.0},{"not_picked":["Evolve","Clash"],"picked":"Body Slam","floor":11.0},{"not_picked":["Spot Weakness","Ghostly Armor"],"picked":"Pommel Strike","floor":12.0},{"not_picked":["Heavy Blade","Reckless Charge"],"picked":"Seeing Red","floor":13.0}],"player_experience":96477,"relics_obtained":[{"floor":6.0,"key":"Boot"},{"floor":9.0,"key":"Omamori"}],"event_choices":[{"damage_healed":0.0,"max_hp_gain":0.0,"max_hp_loss":0.0,"gold_gain":0.0,"event_name":"Golden Idol","player_choice":"Take Damage","floor":2.0,"gold_loss":0.0,"damage_taken":20.0,"relics_obtained":["Golden Idol"]},{"damage_healed":0.0,"max_hp_gain":5.0,"max_hp_loss":0.0,"gold_gain":0.0,"event_name":"Big Fish","player_choice":"Donut","floor":3.0,"gold_loss":0.0,"damage_taken":0.0},{"damage_healed":0.0,"max_hp_gain":0.0,"max_hp_loss":0.0,"gold_gain":175.0,"event_name":"Liars Game","player_choice":"AGREE","floor":5.0,"gold_loss":0.0,"damage_taken":0.0,"cards_obtained":["Doubt"]}],"is_beta":false,"boss_relics":[],"items_purged_floors":[],"is_endless":false,"potions_floor_spawned":[1,6,10,11,13],"killed_by":"3 Sentries","ascension_level":1}}