{"host":"csp9nt53rootlkah","time":1609662583,"event":{"mods":["Act Like it!","BaseMod","Colored Powertips","Friendly Minions","Gensokyo","Highlight Path","Minty Spire (QoL Compilation)","Quick Restart","Replay The Spire","Robot Space Explorer","StSLib","TestMod","The Factory","The Jungle","UnlockEverythingMod","【遗物卡牌】REMEMod"],"gold_per_floor":[111,111,111,121,7,35,52,52,52,63,63,63,63,63,63,63,63],"floor_reached":16,"playtime":853,"items_purged":["RobotSpaceExplorer:Defend"],"score":123,"play_id":"078cafe1-630a-4916-abcc-70ab092038cf","local_time":"20210103162943","is_ascension_mode":false,"campfire_choices":[{"data":"testmod-CardIndex","floor":8,"key":"SMITH"},{"data":"RobotSpaceExplorer:MiniLasers","floor":13,"key":"SMITH"},{"data":"RobotSpaceExplorer:SelfCleaning","floor":15,"key":"SMITH"}],"circlet_count":0,"master_deck":["RobotSpaceExplorer:Strike","RobotSpaceExplorer:Strike","RobotSpaceExplorer:Defend","RobotSpaceExplorer:Defend","RobotSpaceExplorer:Scan","RobotSpaceExplorer:MiniLasers+1","testmod-CardIndex+1","RobotSpaceExplorer:SelfCleaning+1","RobotSpaceExplorer:PowerCollector","RobotSpaceExplorer:Blaster+1"],"relics":["RobotSpaceExplorer:RoboCore","testmod-TestBox","REME_ComplimentaryCards","testmod-Temperance","NeowsBlessing","Ring of Peace","ReplayTheSpireMod:Ring of Addiction","SacredBark","White Beast Statue","RobotSpaceExplorer:BottledGravity","Toy Ornithopter"],"acts_visited":["Gensokyo:Gensokyo"],"potions_floor_usage":[10,16],"damage_taken":[{"damage":0.0,"enemies":"Gensokyo:2_Kodama","floor":1.0,"turns":1.0},{"damage":0,"enemies":"Gensokyo:Gryphon","floor":4,"turns":1},{"damage":0,"enemies":"Gensokyo:Cirno","floor":6,"turns":2},{"damage":9,"enemies":"Gensokyo:Python","floor":7,"turns":6},{"damage":11,"enemies":"Gensokyo:LivingMonolith","floor":10,"turns":5},{"damage":0,"enemies":"Gensokyo:Yukari","floor":16,"turns":9}],"seed_played":"-28955162539206655","potions_obtained":[{"floor":1.0,"key":"ColorlessPotion"},{"floor":2,"key":"BlessingOfTheForge"},{"floor":2,"key":"Elixir"},{"floor":2,"key":"PowerPotion"},{"floor":6,"key":"EssenceOfSteel"},{"floor":7,"key":"LiquidMemories"},{"floor":10,"key":"RobotSpaceExplorer:RecyclePotion"}],"is_trial":false,"path_per_floor":["M","?","?","M","$","E","M","R","T","M","?","$","R","?","R","B"],"character_chosen":"RobotSpaceExplorer","items_purchased":["RobotSpaceExplorer:PowerCollector"],"campfire_rested":0,"item_purchase_floors":[5],"current_hp_per_floor":[75,75,45,45,45,45,36,36,36,30,30,30,30,30,30,35,35],"gold":63,"neow_bonus":"THREE_ENEMY_KILL","is_daily":false,"chose_seed":false,"campfire_upgraded":3,"win_rate":0.0,"timestamp":1609662583,"path_taken":["M","?","?","M","$","E","M","R","T","M","?","?","R","?","R","BOSS"],"items_purchased_type":["Card"],"build_version":"2020-12-22","purchased_purges":1,"victory":false,"max_hp_per_floor":[75,75,75,75,75,73,73,73,71,71,71,71,71,69,69,69,69],"card_choices":[{"not_picked":["RobotSpaceExplorer:StarDust","RobotSpaceExplorer:SurgingStrike","RobotSpaceExplorer:DualCore"],"picked":"SKIP","floor":1.0},{"not_picked":["RobotSpaceExplorer:FrostMissile","RobotSpaceExplorer:Ammunition"],"picked":"RobotSpaceExplorer:SelfCleaning","floor":4},{"not_picked":["RobotSpaceExplorer:FreezingShield","RobotSpaceExplorer:MiniBoosters","RobotSpaceExplorer:ScrapMissile"],"picked":"SKIP","floor":6},{"not_picked":["RobotSpaceExplorer:ImprovisedAttack","RobotSpaceExplorer:StarDust","RobotSpaceExplorer:ShovelStrike"],"picked":"SKIP","floor":7},{"not_picked":["RobotSpaceExplorer:Pulsar","RobotSpaceExplorer:GearShield","RobotSpaceExplorer:ImprovisedAttack"],"picked":"SKIP","floor":10}],"player_experience":115836,"relics_obtained":[{"floor":2,"key":"Ring of Peace"},{"floor":2,"key":"ReplayTheSpireMod:Ring of Addiction"},{"floor":2,"key":"SacredBark"},{"floor":2,"key":"White Beast Statue"},{"floor":6,"key":"RobotSpaceExplorer:BottledGravity"},{"floor":9,"key":"Toy Ornithopter"}],"event_choices":[{"damage_healed":0,"gold_gain":0,"player_choice":"Ignored","damage_taken":0,"max_hp_gain":0,"max_hp_loss":0,"event_name":"给自己的盒子","floor":14,"gold_loss":0}],"is_beta":false,"boss_relics":[],"items_purged_floors":[5],"is_endless":false,"potions_floor_spawned":[1,4,6,7,10],"killed_by":"Gensokyo:Yukari","ascension_level":0}}