{"host":"1zfbckszmdcrhnfi","time":1609642916,"event":{"mods":["AchievementEnabler","BaseMod","Colored Map","Downfall","Minty Spire (QoL Compilation)","Quick Restart","Shop Mod","StSLib","The Bug Knight","The Cursed"],"gold_per_floor":[116,116,116,131,144,179,26,42,42,72,72,72,89,89,89,188,188,170,184,197,74,92,92,120,132,132,132,150,25,45,57,57,57,57],"floor_reached":33,"playtime":2767,"items_purged":[],"score":271,"play_id":"6e41f1df-91dc-4451-83f8-0bf1af4b0395","local_time":"20210103110156","is_ascension_mode":false,"campfire_choices":[{"floor":11,"key":"REST"},{"floor":15,"key":"REST"},{"floor":23,"key":"REST"},{"floor":27,"key":"REST"},{"floor":32,"key":"REST"}],"circlet_count":0,"master_deck":["HollowMod:NailStrikeStart","HollowMod:NailStrikeStart","HollowMod:NailStrikeStart","HollowMod:QuickDashStart","HollowMod:QuickDashStart","HollowMod:QuickDashStart","HollowMod:FocusHealStart","HollowMod:PogoStrike","HollowMod:DoubleDash","HollowMod:ChannelNail","HollowMod:VengefulSpirit","HollowMod:FallenFury","HollowMod:CycloneSlash","HollowMod:LifebloodCore","CurseOfTheBell","HollowMod:GoodIntentions+1","HollowMod:HowlingWraiths","HollowMod:AwokenDreamNail","HollowMod:HuntersJournal+1","HollowMod:SiblingsSouls+1","expansioncontent:Corrupt+1","HollowMod:NewJinnsSoul+1"],"relics":["HollowMod:VesselMask","NeowsBlessing","HollowMod:PaleOreRelic","PreservedInsect","FossilizedHelix","Boot","Toy Ornithopter","Toxic Egg 2","MerchantsRug","Lantern","Du-Vu Doll"],"acts_visited":["Exordium","TheCity"],"potions_floor_usage":[16,20,20,22,24,24,28],"damage_taken":[{"damage":0.0,"enemies":"Small Slimes","floor":1.0,"turns":1.0},{"damage":0.0,"enemies":"2 Louse","floor":4.0,"turns":1.0},{"damage":0.0,"enemies":"Cultist","floor":5.0,"turns":1.0},{"damage":64.0,"enemies":"Gremlin Nob","floor":6.0,"turns":6.0},{"damage":6.0,"enemies":"Exordium Thugs","floor":8.0,"turns":5.0},{"damage":0,"enemies":"Looter","floor":13,"turns":4},{"damage":23,"enemies":"Slime Boss","floor":16,"turns":11},{"damage":15,"enemies":"2 Thieves","floor":18,"turns":4},{"damage":4,"enemies":"3 Byrds","floor":19,"turns":4},{"damage":24,"enemies":"Centurion and Healer","floor":20,"turns":9},{"damage":35,"enemies":"Cultist and Chosen","floor":22,"turns":9},{"damage":43,"enemies":"HollowMod:Nosk","floor":24,"turns":12},{"damage":0,"enemies":"Snecko","floor":25,"turns":4},{"damage":52,"enemies":"Centurion and Healer","floor":28,"turns":11},{"damage":9,"enemies":"Shelled Parasite and Fungi","floor":30,"turns":5},{"damage":0,"enemies":"Sentry and Sphere","floor":31,"turns":4},{"damage":32,"enemies":"Champ","floor":33,"turns":7}],"seed_played":"-2497566232386191758","potions_obtained":[{"floor":4.0,"key":"hexamod:EctoCoolerPotion"},{"floor":13,"key":"Regen Potion"},{"floor":16,"key":"EntropicBrew"},{"floor":18,"key":"Dexterity Potion"},{"floor":19,"key":"SpeedPotion"},{"floor":22,"key":"CultistPotion"},{"floor":25,"key":"Explosive Potion"}],"is_trial":false,"path_per_floor":["M","?","?","M","M","E","$","M","T","?","R","?","M","$","R","B",null,"M","M","M","$","M","R","E","M","T","R","M","$","M","M","R","B"],"character_chosen":"THE_BUGKNIGHT","items_purchased":["PreservedInsect","MerchantsRug","expansioncontent:Corrupt+1"],"campfire_rested":5,"item_purchase_floors":[7,21,29],"current_hp_per_floor":[75,68,68,68,68,10,10,10,10,10,32,25,31,31,53,51,75,66,62,54,54,30,52,31,31,31,53,12,12,3,9,31,0,0],"gold":57,"neow_bonus":"THREE_ENEMY_KILL","is_daily":false,"chose_seed":false,"campfire_upgraded":0,"win_rate":0.0,"timestamp":1609642916,"path_taken":["M","?","?","M","?","E","?","M","T","?","R","?","M","$","R","BOSS","M","M","M","$","M","R","E","M","T","R","M","$","M","M","R","BOSS"],"items_purchased_type":["Relic","Relic","Card"],"build_version":"2020-12-22","purchased_purges":0,"victory":false,"max_hp_per_floor":[75,75,75,75,75,75,75,75,75,75,75,75,75,75,75,75,75,75,75,75,75,75,75,75,75,75,75,75,75,75,75,75,75,75],"card_choices":[{"not_picked":["HollowMod:InfectedCysts","HollowMod:SoulShaman"],"picked":"HollowMod:DoubleDash","floor":1.0},{"not_picked":["HollowMod:FastStrike","HollowMod:CrystalDash","HollowMod:DoubleDash"],"picked":"SKIP","floor":4.0},{"not_picked":["HollowMod:ShapeofUnn","HollowMod:CrystalDash"],"picked":"HollowMod:ChannelNail","floor":5.0},{"not_picked":["HollowMod:HeavyBlow","HollowMod:DoubleDash"],"picked":"HollowMod:VengefulSpirit","floor":6.0},{"not_picked":["HollowMod:GrimmsGift","HollowMod:VengefulSpirit"],"picked":"HollowMod:FallenFury","floor":8.0},{"not_picked":["HollowMod:TaintedHusks","HollowMod:HowlingWraiths"],"picked":"HollowMod:CycloneSlash","floor":13},{"not_picked":["HollowMod:Hiveblood","HollowMod:MidwifesHunger"],"picked":"HollowMod:LifebloodCore","floor":16},{"not_picked":["HollowMod:SoulSplash+1","HollowMod:ShadowDash+1"],"picked":"HollowMod:GoodIntentions+1","floor":18},{"not_picked":["HollowMod:NewJinnsSoul+1","HollowMod:CloakDash+1","HollowMod:HeavyBlow"],"picked":"SKIP","floor":19},{"not_picked":["HollowMod:SharpenedNail","HollowMod:LifebloodCocoon+1"],"picked":"HollowMod:HowlingWraiths","floor":20},{"not_picked":["HollowMod:DescendingDark","HollowMod:SharpenedShadows","HollowMod:CoiledNail"],"picked":"SKIP","floor":22},{"not_picked":["HollowMod:RecoilStrike","HollowMod:QuirrelsAssistance"],"picked":"HollowMod:AwokenDreamNail","floor":24},{"not_picked":["HollowMod:SoulShaman+1","HollowMod:PerfectDash+1"],"picked":"HollowMod:HuntersJournal+1","floor":25},{"not_picked":["HollowMod:HeavyBlow","HollowMod:BlackTendrils"],"picked":"HollowMod:SiblingsSouls+1","floor":28},{"not_picked":["HollowMod:PerfectDash+1","HollowMod:CornifersMapStart+1"],"picked":"HollowMod:NewJinnsSoul+1","floor":30},{"not_picked":["HollowMod:InfectedCysts","HollowMod:Grubsong","HollowMod:CornifersMapStart+1"],"picked":"SKIP","floor":31}],"player_experience":206772,"relics_obtained":[{"floor":6.0,"key":"HollowMod:PaleOreRelic"},{"floor":17,"key":"Toy Ornithopter"},{"floor":17,"key":"Toxic Egg 2"},{"floor":17,"key":"Unceasing Top"},{"floor":24,"key":"Lantern"},{"floor":26,"key":"Du-Vu Doll"}],"event_choices":[{"cards_removed":["HollowMod:QuickDashStart"],"damage_healed":0.0,"max_hp_gain":0.0,"max_hp_loss":0.0,"gold_gain":0.0,"event_name":"Golden Wing","player_choice":"Card Removal","floor":2.0,"gold_loss":0.0,"damage_taken":7.0},{"cards_removed":["HollowMod:NailStrikeStart"],"damage_healed":0.0,"max_hp_gain":0.0,"max_hp_loss":0.0,"gold_gain":0.0,"event_name":"Bonfire Elementals","player_choice":"Offered Basic","floor":3.0,"gold_loss":0.0,"damage_taken":0.0},{"damage_healed":0,"gold_gain":30,"player_choice":"Searched \u00272\u0027 times","damage_taken":0,"relics_obtained":["FossilizedHelix"],"max_hp_gain":0,"max_hp_loss":0,"event_name":"Dead Adventurer","floor":10,"gold_loss":0},{"damage_healed":0,"gold_gain":0,"player_choice":"Success","damage_taken":7,"relics_obtained":["Boot"],"max_hp_gain":0,"max_hp_loss":0,"event_name":"Scrap Ooze","floor":12,"gold_loss":0}],"is_beta":false,"boss_relics":[{"not_picked":["Tiny House","Runic Dome"],"picked":"Calling Bell"}],"items_purged_floors":[],"is_endless":false,"potions_floor_spawned":[4,13,16,18,19,22,25],"killed_by":"Champ","ascension_level":0}}