{"host":"Jonboy","time":1609674917,"event":{"mods":["AchievementEnabler","BaseMod","Block Reminder","Colored Powertips","Minty Spire (QoL Compilation)","Relic Stats"],"gold_per_floor":[110,127,127,147,147,147,175,186,240,240,268,268,303,317,317,388,388,404,419,436,450,37,37,65,65,65,65,78,178,193,220,220,298,298,311,324,375,375,393,393,423,423,470,118,138,155,184,198,198,198],"floor_reached":51,"playtime":2866,"items_purged":["Strike_P","Strike_P"],"score":1559,"play_id":"1c4fabd7-3d32-4544-8736-da1b3457aa56","local_time":"20210103115517","is_ascension_mode":true,"campfire_choices":[{"data":"SashWhip","floor":6,"key":"SMITH"},{"floor":10,"key":"REST"},{"data":"CrushJoints","floor":15,"key":"SMITH"},{"floor":23,"key":"REST"},{"floor":25,"key":"REST"},{"floor":32,"key":"REST"},{"floor":40,"key":"REST"},{"floor":42,"key":"REST"},{"floor":49,"key":"REST"}],"circlet_count":0,"master_deck":["AscendersBane","Strike_P","Defend_P","Defend_P","Defend_P","Defend_P","Eruption","Vigilance","BowlingBash","SashWhip+1","FollowUp","BattleHymn+1","Wallop","CrushJoints+1","Vault","DevaForm+1","Wireheading+1","Wallop","CutThroughFate","Vault","CurseOfTheBell","Crescendo+1","Consecrate+1","Wallop","ClearTheMind+1","CutThroughFate","Wallop","WheelKick+1","WheelKick"],"relics":["Runic Pyramid","Frozen Egg 2","Pen Nib","Bag of Marbles","Torii","Happy Flower","Fusion Hammer","CloakClasp","White Beast Statue","TeardropLocket","Prayer Wheel","Gremlin Horn","Calipers","Calling Bell","Lantern","Blue Candle","Turnip","Incense Burner","Bag of Preparation","Art of War","Orrery","InkBottle"],"acts_visited":["Exordium","TheCity","TheBeyond"],"potions_floor_usage":[13,16,18,20,24,24,31,33,41,50],"damage_taken":[{"damage":2,"enemies":"2 Louse","floor":1,"turns":4},{"damage":2,"enemies":"Jaw Worm","floor":2,"turns":4},{"damage":1,"enemies":"Cultist","floor":4,"turns":4},{"damage":12,"enemies":"3 Sentries","floor":7,"turns":6},{"damage":8,"enemies":"Looter","floor":8,"turns":3},{"damage":0,"enemies":"Lagavulin","floor":11,"turns":4},{"damage":7,"enemies":"3 Sentries","floor":13,"turns":4},{"damage":0,"enemies":"Blue Slaver","floor":14,"turns":4},{"damage":15,"enemies":"Slime Boss","floor":16,"turns":5},{"damage":1,"enemies":"Spheric Guardian","floor":18,"turns":4},{"damage":13,"enemies":"Shell Parasite","floor":19,"turns":4},{"damage":1,"enemies":"Centurion and Healer","floor":20,"turns":4},{"damage":1,"enemies":"3 Cultists","floor":21,"turns":3},{"damage":25,"enemies":"Slavers","floor":24,"turns":5},{"damage":11,"enemies":"Shelled Parasite and Fungi","floor":28,"turns":2},{"damage":15,"enemies":"Colosseum Slavers","floor":29,"turns":3},{"damage":0,"enemies":"Colosseum Nobs","floor":29,"turns":4},{"damage":0,"enemies":"Centurion and Healer","floor":30,"turns":4},{"damage":0,"enemies":"Book of Stabbing","floor":31,"turns":3},{"damage":3,"enemies":"Champ","floor":33,"turns":10},{"damage":0,"enemies":"3 Shapes","floor":35,"turns":2},{"damage":0,"enemies":"3 Darklings","floor":36,"turns":4},{"damage":0,"enemies":"2 Orb Walkers","floor":37,"turns":2},{"damage":2,"enemies":"Jaw Worm Horde","floor":39,"turns":3},{"damage":2,"enemies":"Reptomancer","floor":41,"turns":6},{"damage":7,"enemies":"Spire Growth","floor":45,"turns":3},{"damage":2,"enemies":"Writhing Mass","floor":46,"turns":5},{"damage":1,"enemies":"Giant Head","floor":47,"turns":5},{"damage":12,"enemies":"Maw","floor":48,"turns":6},{"damage":13,"enemies":"Donu and Deca","floor":50,"turns":6}],"seed_played":"1460227627838560220","potions_obtained":[{"floor":2,"key":"AttackPotion"},{"floor":7,"key":"EntropicBrew"},{"floor":13,"key":"DistilledChaos"},{"floor":19,"key":"SpeedPotion"},{"floor":20,"key":"SkillPotion"},{"floor":21,"key":"EssenceOfSteel"},{"floor":28,"key":"BottledMiracle"},{"floor":29,"key":"Strength Potion"},{"floor":30,"key":"EntropicBrew"},{"floor":31,"key":"EntropicBrew"},{"floor":35,"key":"FairyPotion"},{"floor":41,"key":"Strength Potion"}],"is_trial":false,"path_per_floor":["M","M","?","M","?","R","E","M","T","R","E","?","E","M","R","B",null,"M","M","M","M","$","R","E","R","T","?","M","?","M","E","R","B",null,"M","M","?","?","M","R","E","R","T","$","M","M","E","M","R","B",null],"character_chosen":"WATCHER","items_purchased":["CloakClasp","Wallop","Orrery"],"campfire_rested":7,"item_purchase_floors":[22,44,44],"current_hp_per_floor":[59,57,46,45,38,38,26,18,18,38,38,43,36,36,36,21,60,59,46,45,44,44,65,40,61,61,61,50,35,35,35,56,53,68,68,68,68,58,56,73,71,73,73,73,66,64,63,51,72,59],"gold":198,"neow_bonus":"BOSS_RELIC","is_daily":false,"chose_seed":false,"campfire_upgraded":2,"win_rate":0.0,"timestamp":1609674917,"path_taken":["M","M","?","M","?","R","E","M","T","R","E","?","E","M","R","BOSS","M","M","M","M","$","R","E","R","T","?","?","?","M","E","R","BOSS","M","M","?","?","M","R","E","R","T","$","M","M","E","?","R","BOSS"],"items_purchased_type":["Relic","Card","Relic"],"build_version":"2020-12-18","purchased_purges":2,"victory":true,"max_hp_per_floor":[68,68,68,68,68,68,68,68,68,68,68,73,73,73,73,73,73,73,73,73,73,73,73,73,73,73,73,73,73,73,73,73,73,73,73,73,73,73,73,73,73,73,73,73,73,73,73,73,73,73],"relic_stats":{"Torii":17,"Happy Flower":[32],"Gremlin Horn":[14,14],"counters":[30,126],"Blue Candle":[6],"Pen Nib":[25],"CloakClasp":[258],"Bag of Preparation":[10],"Prayer Wheel":7,"Turnip":[5],"Art of War":[4],"obtain_stats":[{"Lantern":34,"Calipers":31,"Torii":11,"Happy Flower":13,"Gremlin Horn":29,"Blue Candle":34,"Pen Nib":7,"CloakClasp":22,"Incense Burner":37,"Bag of Preparation":41,"TeardropLocket":26,"Frozen Egg 2":3,"White Beast Statue":24,"Calling Bell":34,"Orrery":44,"Prayer Wheel":29,"Fusion Hammer":17,"Turnip":34,"Bag of Marbles":9,"Art of War":43,"PureWater":0,"InkBottle":47,"Runic Pyramid":0},{"Lantern":20,"Calipers":19,"Torii":6,"Happy Flower":7,"Gremlin Horn":17,"Blue Candle":20,"Pen Nib":4,"CloakClasp":13,"Incense Burner":23,"Bag of Preparation":25,"TeardropLocket":14,"Frozen Egg 2":2,"White Beast Statue":14,"Calling Bell":20,"Orrery":25,"Prayer Wheel":17,"Fusion Hammer":9,"Turnip":20,"Bag of Marbles":5,"Art of War":25,"PureWater":0,"InkBottle":28,"Runic Pyramid":0},{"Lantern":84,"Calipers":74,"Torii":25,"Happy Flower":29,"Gremlin Horn":67,"Blue Candle":84,"Pen Nib":18,"CloakClasp":53,"Incense Burner":92,"Bag of Preparation":101,"TeardropLocket":58,"Frozen Egg 2":8,"White Beast Statue":58,"Calling Bell":84,"Orrery":101,"Prayer Wheel":67,"Fusion Hammer":38,"Turnip":84,"Bag of Marbles":21,"Art of War":101,"PureWater":0,"InkBottle":114,"Runic Pyramid":0}],"InkBottle":[5]},"card_choices":[{"not_picked":["Fasting2","Protect"],"picked":"BowlingBash","floor":1},{"not_picked":["Evaluate","WaveOfTheHand"],"picked":"SashWhip","floor":2},{"not_picked":["Protect","WreathOfFlame"],"picked":"FollowUp","floor":4},{"not_picked":["Collect","Adaptation+1"],"picked":"BattleHymn+1","floor":7},{"not_picked":["BattleHymn+1","LikeWater+1"],"picked":"Wallop","floor":8},{"not_picked":["Adaptation+1","ClearTheMind"],"picked":"CrushJoints","floor":11},{"not_picked":["Consecrate","SignatureMove"],"picked":"Vault","floor":13},{"not_picked":["Halt","Crescendo","PathToVictory"],"picked":"SKIP","floor":14},{"not_picked":["Omniscience","Judgement"],"picked":"DevaForm+1","floor":16},{"not_picked":["WindmillStrike","Nirvana+1","CrushJoints"],"picked":"SKIP","floor":18},{"not_picked":["Prostrate","BowlingBash","CrushJoints+1"],"picked":"SKIP","floor":19},{"not_picked":["ClearTheMind","Nirvana+1"],"picked":"Wireheading+1","floor":20},{"not_picked":["SashWhip","Crescendo","PathToVictory+1"],"picked":"SKIP","floor":21},{"not_picked":["Ragnarok","DevaForm+1","JustLucky"],"picked":"SKIP","floor":24},{"not_picked":["Crescendo","Prostrate","FlurryOfBlows"],"picked":"SKIP","floor":28},{"not_picked":["Protect","Evaluate"],"picked":"CutThroughFate","floor":30},{"not_picked":["Sanctity+1","SignatureMove"],"picked":"Vault","floor":30},{"not_picked":["ThirdEye","BowlingBash","FlurryOfBlows"],"picked":"SKIP","floor":31},{"not_picked":["CrushJoints","ForeignInfluence"],"picked":"Crescendo+1","floor":35},{"not_picked":["PathToVictory+1","ForeignInfluence"],"picked":"Consecrate+1","floor":35},{"not_picked":["Crescendo","PathToVictory"],"picked":"Wallop","floor":36},{"not_picked":["Adaptation+1","Halt","FlyingSleeves"],"picked":"SKIP","floor":36},{"not_picked":["ForeignInfluence","SashWhip"],"picked":"ClearTheMind+1","floor":37},{"not_picked":["Crescendo","EmptyBody"],"picked":"CutThroughFate","floor":39},{"not_picked":["Consecrate","Brilliance","SashWhip"],"picked":"SKIP","floor":39},{"not_picked":["SandsOfTime+1","Adaptation+1","PathToVictory"],"picked":"SKIP","floor":41},{"not_picked":["FlurryOfBlows","SignatureMove+1","Indignation"],"picked":"SKIP","floor":45},{"not_picked":["ClearTheMind+1","ReachHeaven","EmptyBody+1"],"picked":"SKIP","floor":45},{"not_picked":["Protect+1","Sanctity"],"picked":"WheelKick+1","floor":46},{"not_picked":["Vengeance","Consecrate+1","WreathOfFlame"],"picked":"SKIP","floor":46},{"not_picked":["LikeWater+1","ClearTheMind","CarveReality"],"picked":"SKIP","floor":47},{"not_picked":["FearNoEvil","SandsOfTime"],"picked":"WheelKick","floor":48},{"not_picked":["SashWhip","Evaluate+1","EmptyBody"],"picked":"SKIP","floor":48}],"player_experience":429126,"relics_obtained":[{"floor":7,"key":"Pen Nib"},{"floor":9,"key":"Bag of Marbles"},{"floor":11,"key":"Torii"},{"floor":13,"key":"Happy Flower"},{"floor":24,"key":"White Beast Statue"},{"floor":26,"key":"TeardropLocket"},{"floor":29,"key":"Prayer Wheel"},{"floor":29,"key":"Gremlin Horn"},{"floor":31,"key":"Calipers"},{"floor":34,"key":"Lantern"},{"floor":34,"key":"Blue Candle"},{"floor":34,"key":"Turnip"},{"floor":37,"key":"Incense Burner"},{"floor":41,"key":"Bag of Preparation"},{"floor":43,"key":"Art of War"},{"floor":47,"key":"InkBottle"}],"event_choices":[{"damage_healed":0,"gold_gain":0,"player_choice":"Success","damage_taken":11,"relics_obtained":["Frozen Egg 2"],"max_hp_gain":0,"max_hp_loss":0,"event_name":"Scrap Ooze","floor":3,"gold_loss":0},{"cards_removed":["Strike_P"],"damage_healed":0,"gold_gain":0,"player_choice":"Card Removal","damage_taken":7,"max_hp_gain":0,"max_hp_loss":0,"event_name":"Golden Wing","floor":5,"gold_loss":0},{"damage_healed":0,"gold_gain":0,"player_choice":"Donut","damage_taken":0,"max_hp_gain":5,"max_hp_loss":0,"event_name":"Big Fish","floor":12,"gold_loss":0},{"damage_healed":0,"gold_gain":0,"player_choice":"Copied","damage_taken":0,"max_hp_gain":0,"max_hp_loss":0,"event_name":"Duplicator","floor":27,"gold_loss":0,"cards_obtained":["Wallop"]},{"damage_healed":0,"gold_gain":0,"player_choice":"Fight","damage_taken":0,"max_hp_gain":0,"max_hp_loss":0,"event_name":"Colosseum","floor":29,"gold_loss":0},{"damage_healed":0,"gold_gain":0,"player_choice":"Fought Nobs","damage_taken":0,"max_hp_gain":0,"max_hp_loss":0,"event_name":"Colosseum","floor":29,"gold_loss":0},{"damage_healed":0,"gold_gain":0,"player_choice":"Fight","damage_taken":0,"max_hp_gain":0,"max_hp_loss":0,"event_name":"Mysterious Sphere","floor":37,"gold_loss":0},{"damage_healed":0,"gold_gain":0,"player_choice":"Damaged","damage_taken":10,"max_hp_gain":0,"max_hp_loss":0,"event_name":"Wheel of Change","floor":38,"gold_loss":0}],"is_beta":true,"boss_relics":[{"not_picked":["Busted Crown","Empty Cage"],"picked":"Fusion Hammer"},{"not_picked":["Snecko Eye","Runic Dome"],"picked":"Calling Bell"}],"items_purged_floors":[22,44],"is_endless":false,"potions_floor_spawned":[2,7,11,13,19,20,21,28,29,29,30,31,33,35,36,37,39,41,45,46,47,48],"ascension_level":18}}