{"host":"yqazfdli2lwbgxvm","time":1609661052,"event":{"mods":["Act Like it!","BaseMod","Minty Spire (QoL Compilation)","MostiFishMod","Relic Stats","RumiaBox-露米娅的神秘盒子","StSLib","[IsaacMod]以撒尖塔","篝火指南"],"gold_per_floor":[119,131,131,149,149,182,199,230,230,230,246,85,151,161,161,258,258,258,258],"floor_reached":18,"playtime":1656,"items_purged":[],"score":244,"play_id":"88d56bc1-6ba6-4d3a-bec7-1c8150dfa163","local_time":"20210103160412","is_ascension_mode":true,"campfire_choices":[{"data":"Adaptation","floor":10,"key":"SMITH"},{"floor":15,"key":"RECALL"}],"circlet_count":0,"master_deck":["Strike_P","Strike_P","Strike_P","Strike_P","Defend_P","Defend_P","Defend_P","Defend_P","Eruption+1","Vigilance","Wallop","ThirdEye","Adaptation+1","Evaluate","Prostrate","MostiFishMod:StarOceanP","Prostrate","MostiFishMod:KamiSmash"],"relics":["PureWater","HushsDoor","DaveBox","OriginationStaff","SharpPlug","SynthV:TestCard","Turnip","Incense Burner","HaiYi:Twilight"],"acts_visited":["Exordium","TheCity"],"potions_floor_usage":[16],"damage_taken":[{"damage":2,"enemies":"Jaw Worm","floor":1,"turns":2},{"damage":0,"enemies":"2 Louse","floor":2,"turns":2},{"damage":3,"enemies":"Small Slimes","floor":4,"turns":3},{"damage":0,"enemies":"Gremlin Nob","floor":6,"turns":3},{"damage":0,"enemies":"Gremlin Gang","floor":7,"turns":1},{"damage":0,"enemies":"Lagavulin","floor":8,"turns":5},{"damage":0,"enemies":"3 Louse","floor":11,"turns":3},{"damage":0,"enemies":"Exordium Thugs","floor":14,"turns":4},{"damage":38,"enemies":"Hexaghost","floor":16,"turns":12},{"damage":51,"enemies":"3 Byrds","floor":18,"turns":8}],"seed_played":"5331014010851687620","potions_obtained":[{"floor":4,"key":"GamblersBrew"},{"floor":7,"key":"BlessingOfTheForge"},{"floor":8,"key":"Strength Potion"},{"floor":16,"key":"DuplicationPotion"}],"is_trial":false,"path_per_floor":["M","M","?","M","?","E","M","E","T","R","M","$","?","M","R","B",null,"M"],"character_chosen":"WATCHER","items_purchased":["MostiFishMod:StarOceanP"],"campfire_rested":0,"item_purchase_floors":[12],"current_hp_per_floor":[77,77,77,74,74,74,74,74,74,74,74,74,59,59,59,21,79,28,28],"gold":258,"neow_bonus":"TEN_PERCENT_HP_BONUS","is_daily":false,"chose_seed":false,"campfire_upgraded":1,"win_rate":0.0,"timestamp":1609661052,"path_taken":["M","M","?","M","?","E","M","E","T","R","?","$","?","M","R","BOSS","M"],"items_purchased_type":["Card"],"build_version":"2020-12-22","purchased_purges":0,"victory":false,"max_hp_per_floor":[79,79,79,79,79,79,79,79,79,79,79,79,79,79,79,79,79,79,79],"relic_stats":{"counters":[10,43],"Turnip":[0],"obtain_stats":[{"KeepersGift":0,"SynthV:TestCard":1,"DaveBox":0,"HaiYi:Twilight":17,"SharpPlug":0,"Turnip":6,"OriginationStaff":0,"Incense Burner":8,"PureWater":0,"HushsDoor":0},{"KeepersGift":0,"SynthV:TestCard":1,"DaveBox":0,"HaiYi:Twilight":9,"SharpPlug":0,"Turnip":4,"OriginationStaff":0,"Incense Burner":6,"PureWater":0,"HushsDoor":0},{"KeepersGift":0,"SynthV:TestCard":2,"DaveBox":0,"HaiYi:Twilight":35,"SharpPlug":0,"Turnip":10,"OriginationStaff":0,"Incense Burner":16,"PureWater":0,"HushsDoor":0}]},"card_choices":[{"not_picked":[],"picked":"ChaosCard","floor":0},{"not_picked":["EmptyBody","SignatureMove"],"picked":"Wallop","floor":1},{"not_picked":["FlyingSleeves","FearNoEvil","JustLucky","EmptyBody"],"picked":"Bomb","floor":2},{"not_picked":["FlyingSleeves","Study","MostiFishMod:Nomercy","MostiFishMod:Speedup"],"picked":"ThirdEye","floor":4},{"not_picked":["Tantrum","Wireheading","Protect","FlurryOfBlows"],"picked":"Adaptation","floor":6},{"not_picked":["PathToVictory","MostiFishMod:FlowState","MostiFishMod:LegendTransform","Meditate"],"picked":"Evaluate","floor":7},{"not_picked":["ConjureBlade","MentalFortress","CarveReality","BowlingBash","WheelKick"],"picked":"SKIP","floor":8},{"not_picked":["ThirdEye","Evaluate","WaveOfTheHand","Vengeance"],"picked":"Prostrate","floor":11},{"not_picked":["Bomb","CarveReality","EmptyBody","FlyingSleeves"],"picked":"Prostrate","floor":14},{"not_picked":["MostiFishMod:Adaptation","Brilliance","MostiFishMod:Pointsdynamics","Omniscience"],"picked":"MostiFishMod:KamiSmash","floor":16}],"player_experience":258442,"relics_obtained":[{"floor":1,"key":"SynthV:TestCard"},{"floor":6,"key":"Turnip"},{"floor":8,"key":"Incense Burner"}],"event_choices":[{"damage_healed":0,"gold_gain":0,"player_choice":"Grow","damage_taken":0,"max_hp_gain":0,"max_hp_loss":0,"event_name":"Living Wall","floor":3,"gold_loss":0,"cards_upgraded":["Eruption"]},{"damage_healed":0,"gold_gain":0,"player_choice":"Leave","damage_taken":0,"max_hp_gain":0,"max_hp_loss":0,"event_name":"The Cleric","floor":5,"gold_loss":0}],"is_beta":false,"boss_relics":[{"not_picked":["Runic Pyramid","MostiFishMod:Hod"],"picked":"HaiYi:Twilight"},{"not_picked":[]}],"items_purged_floors":[],"is_endless":false,"potions_floor_spawned":[4,7,8,16],"killed_by":"3 Byrds","ascension_level":2}}