{"host":"lxgv1wbl12oya7hr","time":1609672971,"event":{"mods":["BaseMod","Minty Spire (QoL Compilation)","Permanent Neow","StSLib"],"gold_per_floor":[117,129,129,129,204,204,47,73,73,89,11,11,11,31,31,31,31],"floor_reached":16,"playtime":471,"items_purged":[],"score":103,"play_id":"a047c0ba-d5a0-48bd-8227-b969347a3ed2","local_time":"20210103032251","is_ascension_mode":true,"campfire_choices":[{"data":"Cleave","floor":6,"key":"SMITH"},{"data":"Seeing Red","floor":12,"key":"SMITH"},{"data":"Bash","floor":15,"key":"SMITH"}],"circlet_count":0,"master_deck":["Strike_R","Strike_R","Strike_R+1","Strike_R","Defend_R","Defend_R+1","Bash+1","Cleave+1","Heavy Blade+1","Seeing Red+1","Heavy Blade","Cleave+1","Heavy Blade+1","Headbutt+1","Pummel+1","Seeing Red+1","Thunderclap+1"],"relics":["Astrolabe","DollysMirror","Juzu Bracelet","Molten Egg 2"],"acts_visited":["Exordium"],"potions_floor_usage":[16,16],"damage_taken":[{"damage":0,"enemies":"Cultist","floor":1,"turns":2},{"damage":0,"enemies":"2 Louse","floor":2,"turns":2},{"damage":22,"enemies":"Gremlin Nob","floor":8,"turns":4},{"damage":11,"enemies":"Jaw Worm","floor":10,"turns":2},{"damage":0,"enemies":"Blue Slaver","floor":14,"turns":2},{"damage":21,"enemies":"Hexaghost","floor":16,"turns":5}],"seed_played":"3114039943831672025","potions_obtained":[{"floor":1,"key":"Explosive Potion"},{"floor":8,"key":"Energy Potion"}],"is_trial":false,"path_per_floor":["M","M","$","?","?","R","$","E","T","M","$","R","?","M","R","B"],"character_chosen":"IRONCLAD","items_purchased":["DollysMirror","Seeing Red"],"campfire_rested":0,"item_purchase_floors":[7,11],"current_hp_per_floor":[80,80,80,64,53,53,53,31,31,20,20,20,20,20,20,0,0],"gold":31,"neow_bonus":"BOSS_RELIC","is_daily":false,"chose_seed":false,"campfire_upgraded":3,"win_rate":0.0,"timestamp":1609672971,"path_taken":["M","M","$","?","?","R","?","E","T","M","$","R","?","M","R","BOSS"],"items_purchased_type":["Relic","Card"],"build_version":"2020-12-22","purchased_purges":0,"victory":false,"max_hp_per_floor":[80,80,80,80,80,80,80,80,80,80,80,80,80,80,80,80,80],"card_choices":[{"not_picked":["Anger","Body Slam"],"picked":"Heavy Blade","floor":1},{"not_picked":["Wild Strike","Twin Strike"],"picked":"Cleave","floor":2},{"not_picked":["Berserk","Pommel Strike"],"picked":"Headbutt","floor":8},{"not_picked":["Wild Strike+1","Clothesline+1"],"picked":"Pummel+1","floor":10},{"not_picked":["Reckless Charge+1","Armaments"],"picked":"Thunderclap+1","floor":14}],"player_experience":2237580,"relics_obtained":[{"floor":8,"key":"Juzu Bracelet"},{"floor":9,"key":"Molten Egg 2"}],"event_choices":[{"damage_healed":0,"gold_gain":0,"player_choice":"Entered Light","damage_taken":16,"max_hp_gain":0,"max_hp_loss":0,"event_name":"Shining Light","floor":4,"gold_loss":0,"cards_upgraded":["Strike_R","Defend_R"]},{"damage_healed":0,"gold_gain":75,"player_choice":"Gather Gold","damage_taken":11,"max_hp_gain":0,"max_hp_loss":0,"event_name":"World of Goop","floor":5,"gold_loss":0},{"damage_healed":0,"gold_gain":0,"player_choice":"Grow","damage_taken":0,"max_hp_gain":0,"max_hp_loss":0,"event_name":"Living Wall","floor":13,"gold_loss":0,"cards_upgraded":["Headbutt"]}],"is_beta":false,"boss_relics":[],"items_purged_floors":[],"is_endless":false,"potions_floor_spawned":[1,8],"killed_by":"Hexaghost","ascension_level":1}}