{"host":"37dk0reb6x0du8wx","time":1609685326,"event":{"mods":["BaseMod","Colored Map","DeckTracker","Minty Spire (QoL Compilation)","Quick Restart","StSLib"],"gold_per_floor":[128,140,152,178,204,216,261,292,329,341,95,141,169,186,186,186,186],"floor_reached":16,"playtime":446,"items_purged":["Strike_B"],"score":121,"play_id":"079beb7d-9069-4f4f-8087-d038c7fc0e83","local_time":"20210103234846","is_ascension_mode":true,"campfire_choices":[{"data":"Zap","floor":6,"key":"SMITH"},{"floor":15,"key":"REST"}],"circlet_count":0,"master_deck":["Strike_B","Defend_B","Defend_B","Defend_B","Defend_B","Zap+1","Dualcast","Leap","Capacitor","Ball Lightning","Self Repair","Self Repair"],"relics":["Cracked Core","MawBank","Ancient Tea Set","Tiny Chest","Orichalcum","Runic Capacitor","Happy Flower","Pen Nib"],"acts_visited":["Exordium"],"potions_floor_usage":[7,7],"damage_taken":[{"damage":7,"enemies":"Small Slimes","floor":1,"turns":3},{"damage":0,"enemies":"Cultist","floor":4,"turns":3},{"damage":11,"enemies":"2 Louse","floor":5,"turns":3},{"damage":16,"enemies":"3 Sentries","floor":7,"turns":10},{"damage":8,"enemies":"Exordium Thugs","floor":8,"turns":6},{"damage":16,"enemies":"Lagavulin","floor":13,"turns":7},{"damage":4,"enemies":"Red Slaver","floor":14,"turns":4},{"damage":49,"enemies":"Slime Boss","floor":16,"turns":7}],"seed_played":"7661484989285525402","potions_obtained":[{"floor":4,"key":"Fire Potion"},{"floor":5,"key":"Block Potion"},{"floor":8,"key":"SkillPotion"},{"floor":14,"key":"SneckoOil"}],"is_trial":false,"path_per_floor":["M","?","?","M","M","R","E","M","T","?","$","T","E","M","R","B"],"character_chosen":"DEFECT","items_purchased":["Runic Capacitor","Self Repair"],"campfire_rested":1,"item_purchase_floors":[11,11],"current_hp_per_floor":[68,61,61,61,50,50,34,26,26,26,26,26,17,27,49,0,0],"gold":186,"neow_bonus":"RANDOM_COMMON_RELIC","is_daily":false,"chose_seed":false,"campfire_upgraded":1,"win_rate":0.0,"timestamp":1609685326,"path_taken":["M","?","?","?","M","R","E","M","T","?","$","?","E","M","R","BOSS"],"items_purchased_type":["Relic","Card"],"build_version":"2020-12-22","purchased_purges":1,"victory":false,"max_hp_per_floor":[75,75,75,75,75,75,75,75,75,75,75,75,75,75,75,75,75],"card_choices":[{"not_picked":["Hello World","Steam"],"picked":"Leap","floor":1},{"not_picked":["Hello World","Melter"],"picked":"Capacitor","floor":4},{"not_picked":["Barrage","Capacitor","Sweeping Beam"],"picked":"SKIP","floor":5},{"not_picked":["Thunder Strike","Double Energy","Fusion"],"picked":"SKIP","floor":7},{"not_picked":["Heatsinks","Rip and Tear"],"picked":"Ball Lightning","floor":8},{"not_picked":["Melter","Leap"],"picked":"Self Repair","floor":13},{"not_picked":["Beam Cell","Cold Snap","Reprogram"],"picked":"SKIP","floor":14}],"player_experience":141583,"relics_obtained":[{"floor":7,"key":"Ancient Tea Set"},{"floor":9,"key":"Tiny Chest"},{"floor":12,"key":"Happy Flower"},{"floor":13,"key":"Pen Nib"}],"event_choices":[{"cards_removed":["Strike_B"],"damage_healed":0,"gold_gain":0,"player_choice":"Card Removal","damage_taken":7,"max_hp_gain":0,"max_hp_loss":0,"event_name":"Golden Wing","floor":2,"gold_loss":0},{"cards_removed":["Strike_B"],"damage_healed":0,"gold_gain":0,"player_choice":"Purged","damage_taken":0,"max_hp_gain":0,"max_hp_loss":0,"event_name":"Purifier","floor":3,"gold_loss":0},{"damage_healed":0,"gold_gain":0,"player_choice":"Gave Potion","damage_taken":0,"relics_obtained":["Orichalcum"],"max_hp_gain":0,"max_hp_loss":0,"event_name":"WeMeetAgain","floor":10,"gold_loss":0}],"is_beta":false,"boss_relics":[],"items_purged_floors":[11],"is_endless":false,"potions_floor_spawned":[4,5,8,14],"killed_by":"Slime Boss","ascension_level":2}}