{"host":"9l4mw5jqza9qz9hr","time":1609656624,"event":{"mods":["AchievementEnabler","Always Whale","BaseMod","Colored Map","Minty Spire (QoL Compilation)","StSLib","SuperFastMode"],"gold_per_floor":[112,112,62,80,97,122,138,213,260,275,275,302,302,337,337,337,337],"floor_reached":16,"playtime":626,"items_purged":[],"score":150,"play_id":"c7e130b6-bcea-40a9-9f6e-ff66335fc894","local_time":"20210103155024","is_ascension_mode":true,"campfire_choices":[{"data":"Flex","floor":11,"key":"SMITH"},{"data":"Perfected Strike","floor":15,"key":"SMITH"}],"circlet_count":0,"master_deck":["Strike_R","Strike_R","Strike_R","Strike_R","Defend_R","Defend_R","Defend_R","Defend_R","Bash","Hemokinesis","Dark Embrace","Regret","Shrug It Off","Flex+1","Sword Boomerang","Battle Trance","Perfected Strike+1","Flex"],"relics":["Burning Blood","Meat on the Bone","Smiling Mask","Bronze Scales","Mango","Golden Idol","Gremlin Horn"],"acts_visited":["Exordium"],"potions_floor_usage":[7,12,14,16,16],"damage_taken":[{"damage":3,"enemies":"Cultist","floor":1,"turns":3},{"damage":6,"enemies":"Jaw Worm","floor":4,"turns":3},{"damage":12,"enemies":"2 Louse","floor":5,"turns":3},{"damage":65,"enemies":"3 Sentries","floor":6,"turns":10},{"damage":20,"enemies":"Exordium Wildlife","floor":7,"turns":4},{"damage":4,"enemies":"2 Fungi Beasts","floor":10,"turns":3},{"damage":19,"enemies":"Lagavulin","floor":12,"turns":5},{"damage":22,"enemies":"3 Sentries","floor":14,"turns":5},{"damage":37,"enemies":"Slime Boss","floor":16,"turns":5}],"seed_played":"-1252211159715361062","potions_obtained":[{"floor":1,"key":"BlessingOfTheForge"},{"floor":5,"key":"GamblersBrew"},{"floor":10,"key":"HeartOfIron"},{"floor":12,"key":"Explosive Potion"},{"floor":14,"key":"Weak Potion"}],"is_trial":false,"path_per_floor":["M","?","?","M","M","E","M","?","T","M","R","E","?","E","R","B"],"character_chosen":"IRONCLAD","items_purchased":[],"campfire_rested":0,"item_purchase_floors":[],"current_hp_per_floor":[80,80,80,80,74,27,25,14,14,28,28,41,41,37,37,0,0],"gold":337,"neow_bonus":"THREE_CARDS","is_daily":false,"chose_seed":false,"campfire_upgraded":2,"win_rate":0.0,"timestamp":1609656624,"path_taken":["M","?","?","M","M","E","M","?","T","?","R","E","?","E","R","BOSS"],"items_purchased_type":[],"build_version":"2020-12-22","purchased_purges":0,"victory":false,"max_hp_per_floor":[80,80,80,80,80,80,80,80,80,80,80,94,87,87,87,87,87],"card_choices":[{"not_picked":["Armaments","Rampage"],"picked":"Hemokinesis","floor":0},{"not_picked":["Shrug It Off","Sentinel"],"picked":"Dark Embrace","floor":1},{"not_picked":["Warcry","Havoc","Power Through"],"picked":"SKIP","floor":4},{"not_picked":["Sentinel","Infernal Blade"],"picked":"Shrug It Off","floor":5},{"not_picked":["Combust","Evolve"],"picked":"Flex","floor":6},{"not_picked":["Dark Embrace","Second Wind"],"picked":"Sword Boomerang","floor":7},{"not_picked":["Armaments","Clothesline"],"picked":"Battle Trance","floor":10},{"not_picked":["Havoc","Iron Wave"],"picked":"Perfected Strike","floor":12},{"not_picked":["Cleave","Rampage"],"picked":"Flex","floor":14}],"player_experience":142047,"relics_obtained":[{"floor":6,"key":"Smiling Mask"},{"floor":9,"key":"Bronze Scales"},{"floor":12,"key":"Mango"},{"floor":14,"key":"Gremlin Horn"}],"event_choices":[{"damage_healed":0,"gold_gain":0,"player_choice":"Box","damage_taken":0,"relics_obtained":["Meat on the Bone"],"max_hp_gain":0,"max_hp_loss":0,"event_name":"Big Fish","floor":2,"gold_loss":0,"cards_obtained":["Regret"]},{"cards_removed":["Strike_R"],"damage_healed":0,"gold_gain":0,"player_choice":"Card Removal","damage_taken":0,"max_hp_gain":0,"max_hp_loss":0,"event_name":"The Cleric","floor":3,"gold_loss":50},{"damage_healed":0,"gold_gain":75,"player_choice":"Gather Gold","damage_taken":11,"max_hp_gain":0,"max_hp_loss":0,"event_name":"World of Goop","floor":8,"gold_loss":0},{"damage_healed":0,"gold_gain":0,"player_choice":"Lose Max HP","damage_taken":0,"relics_obtained":["Golden Idol"],"max_hp_gain":0,"max_hp_loss":7,"event_name":"Golden Idol","floor":13,"gold_loss":0}],"is_beta":false,"boss_relics":[],"items_purged_floors":[],"is_endless":false,"potions_floor_spawned":[1,5,10,12,14],"killed_by":"Slime Boss","ascension_level":5}}