{"host":"bbcqjedmotowk2e9","time":1609682053,"event":{"mods":["AchievementEnabler","Aspiration","BaseMod","Colored Powertips","Energized Spire","GifTheSpireLib","Halation","Hubris","Hyrulean Relics","Infinite Spire","Marisa????????","Minty Spire (QoL Compilation)","Permanent Neow","Quick Restart","Relic Stats","Replay The Spire","Spires And Sneckos","StSLib","Stuff the Spire","Synergy Search","The Disciple"],"gold_per_floor":[116,116,116,16,28,60,60,60,84,84,107,7,36,46,46,145,145,161,8,8,25,25,54,73,73,73,91,91,91],"floor_reached":28,"playtime":1284,"items_purged":["Injury","Strike_MRS"],"score":281,"play_id":"f98cfa80-5dfb-4d31-9f16-d774fd6bc2f3","local_time":"20210103165413","is_ascension_mode":true,"campfire_choices":[{"floor":8,"key":"REST"},{"floor":10,"key":"REST"},{"floor":15,"key":"REST"}],"circlet_count":0,"master_deck":["Strike_MRS","Strike_MRS","Defend_MRS","Defend_MRS","Defend_MRS","Defend_MRS","MasterSpark","UpSweep","ReplayTheSpireMod:IOU","MysteriousBeam+1","ManaConvection","GravityBeat+1","PulseMagic","Singularity","Parasite","Parasite","StuffTheSpire:Harmony","hubris:DuctTapeCard","ReplayGash+1"],"relics":["MiniHakkero","Molten Egg 2","Replay:Wax Seal","Boot","aspiration:Lifesprig","aspiration:PocketMushroom","aspiration:DefectSkillbook","ShroomBag","halation:EternalFortune","Prayer Wheel","hubris:DuctTape","Prayer Wheel","Chameleon Ring"],"acts_visited":["Exordium","TheCity"],"potions_floor_usage":[13,16,21,24,24,27,28],"damage_taken":[{"damage":10,"enemies":"Small Slimes","floor":1,"turns":2},{"damage":7,"enemies":"Jaw Worm","floor":5,"turns":3},{"damage":38,"enemies":"Lagavulin","floor":6,"turns":7},{"damage":10,"enemies":"Gremlin Nob","floor":13,"turns":4},{"damage":0,"enemies":"2 Louse","floor":14,"turns":1},{"damage":6,"enemies":"Slime Boss","floor":16,"turns":6},{"damage":27,"enemies":"2 Thieves","floor":18,"turns":3},{"damage":12,"enemies":"3 Byrds","floor":21,"turns":4},{"damage":31,"enemies":"Nightmare","floor":23,"turns":7},{"damage":14,"enemies":"Snake Plant","floor":24,"turns":3},{"damage":20,"enemies":"Snecko","floor":27,"turns":4},{"damage":9,"enemies":"Centurion and Healer","floor":28,"turns":1}],"seed_played":"2255475820497412691","potions_obtained":[{"floor":6,"key":"ColorlessPotion"},{"floor":13,"key":"infinitespire:BlackPotion"},{"floor":16,"key":"Flashbang"},{"floor":21,"key":"BottledSpark"},{"floor":23,"key":"infinitespire:BlackPotion"},{"floor":25,"key":"CultistPotion"},{"floor":25,"key":"Elixir"},{"floor":25,"key":"Fruit Juice"}],"is_trial":false,"path_per_floor":["M","?","?","$","M","E","?","R","T","R","T","$","E","M","R","B",null,"M","$","?","M","?","NM","M","?","T","M","M"],"character_chosen":"MARISA","items_purchased":["Replay:Wax Seal","MysteriousBeam+1","ShroomBag"],"campfire_rested":3,"item_purchase_floors":[4,4,19],"current_hp_per_floor":[65,65,65,65,58,20,20,42,42,64,64,64,54,54,75,69,75,48,48,51,43,43,19,12,12,12,4,0,0],"gold":91,"neow_bonus":"RANDOM_EVENT","is_daily":false,"chose_seed":false,"campfire_upgraded":0,"win_rate":0.0,"timestamp":1609682053,"path_taken":["M","?","?","$","M","E","?","R","T","R","?","$","E","?","R","BOSS","M","$","?","M","?","NM","M","?","T","M","?"],"items_purchased_type":["Relic","Card","Relic"],"build_version":"2020-12-22","purchased_purges":2,"victory":false,"max_hp_per_floor":[75,75,75,75,75,75,75,75,75,75,75,75,75,75,75,75,75,75,75,78,78,78,78,78,78,78,85,85,85],"relic_stats":{"counters":[12,44],"Prayer Wheel":2,"Boot":[22],"obtain_stats":[{"aspiration:Lifesprig":9,"hubris:DuctTape":23,"Boot":6,"aspiration:PocketMushroom":11,"ShroomBag":19,"Chameleon Ring":26,"aspiration:DefectSkillbook":17,"halation:EternalFortune":20,"Molten Egg 2":2,"Tiny Chest":13,"Prayer Wheel":23,"MiniHakkero":0,"Replay:Wax Seal":4},{"aspiration:Lifesprig":3,"hubris:DuctTape":9,"Boot":3,"aspiration:PocketMushroom":3,"ShroomBag":7,"Chameleon Ring":10,"aspiration:DefectSkillbook":6,"halation:EternalFortune":7,"Molten Egg 2":1,"Tiny Chest":4,"Prayer Wheel":9,"MiniHakkero":0,"Replay:Wax Seal":1},{"aspiration:Lifesprig":12,"hubris:DuctTape":36,"Boot":12,"aspiration:PocketMushroom":12,"ShroomBag":26,"Chameleon Ring":39,"aspiration:DefectSkillbook":23,"halation:EternalFortune":26,"Molten Egg 2":2,"Tiny Chest":16,"Prayer Wheel":35,"MiniHakkero":0,"Replay:Wax Seal":2}]},"card_choices":[{"not_picked":["GasGiant","OrrerysSun","IllusionStar"],"picked":"SKIP","floor":1},{"not_picked":["GrandCross+1","MagicAbsorber"],"picked":"ManaConvection","floor":5},{"not_picked":["AsteroidBelt","UnstableBomb+1"],"picked":"GravityBeat+1","floor":6},{"not_picked":["MeteoricShower+1","MagicAbsorber"],"picked":"PulseMagic","floor":13},{"not_picked":["MachineGunSpark+1","MillisecondPulsars"],"picked":"Singularity","floor":14},{"not_picked":["CasketOfStar","FinalSpark+1"],"picked":"StarDustReverie","floor":16},{"not_picked":["LuminesStrike+1","Redo","Ball Lightning+1","GravityBeat+1"],"picked":"SKIP","floor":18},{"not_picked":["Defragment","Beam Cell+1","PowerUp","Conserve Battery"],"picked":"SKIP","floor":21},{"not_picked":["StuffTheSpire:Ambrosia","StuffTheSpire:Perfection"],"picked":"StuffTheSpire:Harmony","floor":22},{"not_picked":["Turbo","ReplayTheSpireMod:Calculation Training+1","Aggregate","BlazingStar+1"],"picked":"SKIP","floor":23},{"not_picked":["Undo","WitchLeyline+1","SporeBomb"],"picked":"ReplayGash+1","floor":24},{"not_picked":["Turbo","Singularity","DC+1","Cold Snap+1"],"picked":"SKIP","floor":24},{"not_picked":["Steam+1","BootSequence+1","Compile Driver+1","DoubleSpark+1"],"picked":"SKIP","floor":24},{"not_picked":["Cold Snap+1","Redo","JA+1","StuffTheSpire:Plugnplay"],"picked":"SKIP","floor":27},{"not_picked":["FTL+1","BasicCrystalCard","Hologram","Conserve Battery"],"picked":"SKIP","floor":27},{"not_picked":["DoubleSpark+1","Compile Driver+1","hubris:PowerSurge","AsteroidBelt"],"picked":"SKIP","floor":27}],"player_experience":584952,"relics_obtained":[{"floor":6,"key":"Boot"},{"floor":9,"key":"aspiration:Lifesprig"},{"floor":11,"key":"aspiration:PocketMushroom"},{"floor":13,"key":"Tiny Chest"},{"floor":23,"key":"hubris:DuctTape"},{"floor":26,"key":"Chameleon Ring"}],"event_choices":[{"damage_healed":0,"gold_gain":0,"cards_transformed":["Strike_MRS"],"player_choice":"Change","damage_taken":0,"max_hp_gain":0,"max_hp_loss":0,"event_name":"Living Wall","floor":0,"gold_loss":0,"cards_obtained":["OpenUniverse"]},{"damage_healed":0,"gold_gain":0,"player_choice":"Searched \u00270\u0027 times","damage_taken":0,"max_hp_gain":0,"max_hp_loss":0,"event_name":"Dead Adventurer","floor":7,"gold_loss":0},{"damage_healed":0,"gold_gain":0,"player_choice":"Got Potions","damage_taken":0,"max_hp_gain":0,"max_hp_loss":0,"event_name":"Lab","floor":25,"gold_loss":0}],"is_beta":false,"boss_relics":[{"not_picked":["hubris:CrackedHourglass","Snecko Eye"],"picked":"aspiration:DefectSkillbook"}],"items_purged_floors":[4,12],"is_endless":true,"potions_floor_spawned":[6,13,16,21,23],"killed_by":"Centurion and Healer","ascension_level":3}}