{"host":"9c5kazgg71l3jb6l","time":1609655926,"event":{"mods":["Arknights The Spire","BaseMod","Minty Spire (QoL Compilation)","StSLib","Waifu the Spire"],"gold_per_floor":[114,114,389,314,333,373,392,392,392,417,458,481,481,520,520,646,646,662,662,676,692,705,1040,1040,1079,1079,1079,1102,1141,1141,1066,1066,1066,1066],"floor_reached":33,"playtime":1601,"items_purged":["Regret"],"score":390,"play_id":"9578f834-8efd-436d-ac23-cfae3c498ebf","local_time":"20210103143846","is_ascension_mode":true,"campfire_choices":[{"data":"ats:Magnetic Hammer","floor":8.0,"key":"SMITH"},{"data":"ats:Thermite Blade","floor":13.0,"key":"SMITH"},{"data":"ats:Emotion Absorption","floor":15.0,"key":"SMITH"},{"data":"ats:Blood Oath","floor":24.0,"key":"SMITH"},{"data":"ats:Thorns","floor":30,"key":"SMITH"},{"floor":32,"key":"REST"}],"circlet_count":0,"master_deck":["ats:Strike C","ats:Strike G","ats:Strike S","ats:Strike V","ats:Armor Crushing Shot","ats:Defend","ats:Defend","ats:Defend","ats:Defend","ats:Emotion Absorption+1","ats:Magnetic Hammer+1","ats:Closed Bolt Burst Fire+1","ats:Thermite Blade+1","ats:Charging Defense","ats:Blood Oath+1","ats:Ignite","ats:Disruption Kick","ats:Neurotoxin+1","ats:Thorns+1","ats:Overload","ats:Poison Spread","ats:Powerful Strike","ats:Poison Spread","ats:Powerful Strike"],"relics":["ats:Sanity Plus","NeowsBlessing","Golden Idol","ats:Originium","Kunai","Nunchaku","MealTicket","Happy Flower","Pen Nib","Old Coin","InkBottle","Lantern","Blood Vial"],"acts_visited":["Exordium","TheCity"],"potions_floor_usage":[29,29,33],"damage_taken":[{"damage":0.0,"enemies":"2 Louse","floor":1.0,"turns":1.0},{"damage":0.0,"enemies":"Cultist","floor":5.0,"turns":1.0},{"damage":0.0,"enemies":"Lagavulin","floor":6.0,"turns":1.0},{"damage":3.0,"enemies":"Jaw Worm","floor":7.0,"turns":5.0},{"damage":10.0,"enemies":"Gremlin Nob","floor":11.0,"turns":4.0},{"damage":0.0,"enemies":"3 Louse","floor":12.0,"turns":3.0},{"damage":8.0,"enemies":"3 Sentries","floor":14.0,"turns":5.0},{"damage":2.0,"enemies":"Slime Boss","floor":16.0,"turns":8.0},{"damage":0.0,"enemies":"Spheric Guardian","floor":18.0,"turns":2.0},{"damage":1.0,"enemies":"Chosen","floor":20.0,"turns":5.0},{"damage":20.0,"enemies":"Centurion and Healer","floor":21.0,"turns":5.0},{"damage":16.0,"enemies":"Cultist and Chosen","floor":22.0,"turns":7.0},{"damage":5.0,"enemies":"Slavers","floor":23.0,"turns":4.0},{"damage":18.0,"enemies":"Gremlin Leader","floor":25.0,"turns":7.0},{"damage":0.0,"enemies":"Sentry and Sphere","floor":28.0,"turns":2.0},{"damage":16,"enemies":"Book of Stabbing","floor":29,"turns":5},{"damage":66,"enemies":"Champ","floor":33,"turns":6}],"seed_played":"-5766722097432036431","potions_obtained":[{"floor":1.0,"key":"SteroidPotion"},{"floor":5.0,"key":"Weak Potion"},{"floor":12.0,"key":"EssenceOfSteel"},{"floor":14.0,"key":"Swift Potion"},{"floor":22.0,"key":"ColorlessPotion"},{"floor":23.0,"key":"LiquidBronze"},{"floor":28.0,"key":"SpeedPotion"}],"is_trial":false,"path_per_floor":["M","?","?","$","M","E","M","R","T","T","E","M","R","E","R","B",null,"M","?","M","M","M","E","R","E","T","?","M","E","R","?","R","B"],"character_chosen":"DOCTOR_CLASS","items_purchased":[],"campfire_rested":1,"item_purchase_floors":[],"current_hp_per_floor":[72,54,54,54,54,54,51,51,51,51,41,41,41,36,36,40,72,72,72,71,54,44,44,44,36,36,36,41,25,25,25,46,0,0],"gold":1066,"neow_bonus":"THREE_ENEMY_KILL","is_daily":false,"chose_seed":false,"campfire_upgraded":5,"win_rate":0.0,"timestamp":1609655926,"path_taken":["M","?","?","$","?","E","M","R","T","?","E","M","R","E","R","BOSS","M","?","M","M","?","E","R","E","T","?","?","E","R","?","R","BOSS"],"items_purchased_type":[],"build_version":"2020-12-22","purchased_purges":1,"victory":false,"max_hp_per_floor":[72,72,72,72,72,72,72,72,72,72,72,72,72,72,72,72,72,72,72,72,72,72,72,72,72,72,72,72,72,72,72,72,72,72],"card_choices":[{"not_picked":["ats:Leaping Hammer","ats:Healing Strengthening"],"picked":"ats:Flame Of Heaven","floor":1.0},{"not_picked":["ats:Curse Doll","ats:Explosion Area Strengthen"],"picked":"ats:Magnetic Hammer","floor":5.0},{"not_picked":["ats:Ignite","ats:Guardian Obelisk"],"picked":"ats:Closed Bolt Burst Fire","floor":6.0},{"not_picked":["ats:Shell Defense","ats:Chain Hook"],"picked":"ats:Thermite Blade","floor":7.0},{"not_picked":["ats:Sunburst","ats:Shadow Raid"],"picked":"ats:Charging Defense","floor":11.0},{"not_picked":["ats:Nebulous Foxfire","ats:Shell Defense"],"picked":"ats:Blood Oath","floor":12.0},{"not_picked":["ats:LN2 Cannon","ats:Powerful Strike"],"picked":"ats:Ignite","floor":14.0},{"not_picked":["ats:Dogmatic Field","ats:Durian"],"picked":"ats:Disruption Kick","floor":16.0},{"not_picked":["ats:Leaping Hammer+1","ats:Consecutive Shot Auto+1"],"picked":"ats:Neurotoxin+1","floor":18.0},{"not_picked":["ats:LN2 Cannon","ats:Revitalization","ats:Demon Strength"],"picked":"SKIP","floor":20.0},{"not_picked":["ats:Encircling Forest","ats:Healing Drone"],"picked":"ats:Overload","floor":21.0},{"not_picked":["ats:Song Of Battle+1","ats:Shell Defense+1"],"picked":"ats:Poison Spread","floor":22.0},{"not_picked":["ats:Revitalization","ats:LN2 Cannon"],"picked":"ats:Powerful Strike","floor":23.0},{"not_picked":["ats:Shell Defense","ats:Burning Ground","ats:Leaping Hammer+1"],"picked":"SKIP","floor":25.0},{"not_picked":["ats:Sunburst","ats:Leaping Hammer"],"picked":"ats:Poison Spread","floor":28.0},{"not_picked":["ats:Leaping Hammer","ats:Cat Scratch+1"],"picked":"ats:Powerful Strike","floor":29}],"player_experience":1298724,"relics_obtained":[{"floor":6.0,"key":"ats:Originium"},{"floor":6.0,"key":"Kunai"},{"floor":9.0,"key":"Nunchaku"},{"floor":10.0,"key":"MealTicket"},{"floor":11.0,"key":"ats:Originium"},{"floor":11.0,"key":"Happy Flower"},{"floor":14.0,"key":"ats:Originium"},{"floor":14.0,"key":"Pen Nib"},{"floor":23.0,"key":"ats:Originium"},{"floor":23.0,"key":"Old Coin"},{"floor":25.0,"key":"InkBottle"},{"floor":26.0,"key":"Lantern"},{"floor":29,"key":"Blood Vial"}],"event_choices":[{"damage_healed":0.0,"max_hp_gain":0.0,"max_hp_loss":0.0,"gold_gain":0.0,"event_name":"Golden Idol","player_choice":"Take Damage","floor":2.0,"gold_loss":0.0,"damage_taken":18.0,"relics_obtained":["Golden Idol"]},{"damage_healed":0.0,"max_hp_gain":0.0,"max_hp_loss":0.0,"gold_gain":275.0,"event_name":"Golden Shrine","player_choice":"Desecrate","floor":3.0,"gold_loss":0.0,"damage_taken":0.0,"cards_obtained":["Regret"]},{"damage_healed":0.0,"max_hp_gain":0.0,"max_hp_loss":0.0,"gold_gain":0.0,"event_name":"Match and Keep!","player_choice":"1 cards matched","floor":19.0,"gold_loss":0.0,"damage_taken":0.0,"cards_obtained":["ats:Thorns"]},{"damage_healed":0.0,"max_hp_gain":0.0,"max_hp_loss":0.0,"gold_gain":0.0,"event_name":"Upgrade Shrine","player_choice":"Upgraded","floor":27.0,"gold_loss":0.0,"damage_taken":0.0,"cards_upgraded":["ats:Closed Bolt Burst Fire"]},{"cards_removed":["ats:Flame Of Heaven"],"damage_healed":0,"gold_gain":0,"player_choice":"Gave Gold","damage_taken":0,"max_hp_gain":0,"max_hp_loss":0,"event_name":"Beggar","floor":31,"gold_loss":75}],"is_beta":false,"boss_relics":[{"not_picked":["Runic Pyramid","ats:Omniscience"],"picked":"ats:Sanity Plus"}],"items_purged_floors":[4],"is_endless":false,"potions_floor_spawned":[1,5,12,14,18,22,23,28],"killed_by":"Champ","ascension_level":1}}