{"host":"q5rfnziosjf1jfix","time":1609644093,"event":{"mods":["AchievementEnabler","BaseMod","Infinite Spire","Minty Spire (QoL Compilation)","StSLib"],"gold_per_floor":[119,119,119,130,36,71,71,101,125,125,23,23,23,40,40,139,139,152,162,12,0,17,17,47,47,47,61,93,93,110,110,110,211,211,221,241,142,156,175,175,191,191,245,71,82,116,136,146,146,146],"floor_reached":51,"playtime":7162,"items_purged":["Strike_G","Defend_G","Skewer+1","Unload"],"score":802,"play_id":"f7f301bd-4997-401b-9aa3-24dbde69516a","local_time":"20210103052133","is_ascension_mode":false,"campfire_choices":[{"data":"Crippling Poison","floor":7,"key":"SMITH"},{"data":"infinitespire:Neurotoxin","floor":13,"key":"SMITH"},{"floor":15,"key":"REST"},{"data":"Dramatic Entrance","floor":23,"key":"SMITH"},{"data":"After Image","floor":32,"key":"SMITH"},{"data":"Phantasmal Killer","floor":40,"key":"SMITH"},{"data":"Flechettes","floor":49,"key":"SMITH"}],"circlet_count":0,"master_deck":["Survivor","Neutralize","Bane","Flechettes+1","Quick Slash","Catalyst","Dramatic Entrance+1","Crippling Poison+1","infinitespire:Neurotoxin+1","Prepared","Flying Knee","Night Terror","Deadly Poison","Backflip+1","Calculated Gamble","Dodge and Roll+1","A Thousand Cuts","Deadly Poison","Backstab+1","After Image+1","Riddle With Holes","Poisoned Stab+1","Crippling Poison","Escape Plan+1","Phantasmal Killer+1","Die Die Die","Blade Dance+1","Calculated Gamble+1","Bane","Outmaneuver","infinitespire:Neurotoxin","Well Laid Plans+1","Blur+1","Caltrops","Blade Dance+1","Crippling Poison","Deflect+1","Bane+1"],"relics":["Ring of the Snake","Boot","Bronze Scales","PreservedInsect","infinitespire:EmpoweringShard","Ninja Scroll","Orrery","Bottled Flame","InkBottle","Mercury Hourglass","Pen Nib","Astrolabe","Cauldron","Blood Vial","Incense Burner"],"acts_visited":["Exordium","TheCity","TheBeyond"],"potions_floor_usage":[6,16,24,33,36,41,50,50],"damage_taken":[{"damage":0,"enemies":"2 Louse","floor":1,"turns":4},{"damage":0,"enemies":"Small Slimes","floor":4,"turns":5},{"damage":28,"enemies":"Gremlin Nob","floor":6,"turns":4},{"damage":8,"enemies":"Lagavulin","floor":8,"turns":7},{"damage":0,"enemies":"Jaw Worm","floor":14,"turns":2},{"damage":21,"enemies":"The Guardian","floor":16,"turns":10},{"damage":2,"enemies":"Shell Parasite","floor":18,"turns":3},{"damage":0,"enemies":"Spheric Guardian","floor":19,"turns":1},{"damage":16,"enemies":"Centurion and Healer","floor":22,"turns":7},{"damage":0,"enemies":"Book of Stabbing","floor":24,"turns":3},{"damage":0,"enemies":"3 Cultists","floor":27,"turns":4},{"damage":0,"enemies":"Slavers","floor":28,"turns":1},{"damage":0,"enemies":"Cultist and Chosen","floor":30,"turns":3},{"damage":17,"enemies":"Collector","floor":33,"turns":7},{"damage":0,"enemies":"Orb Walker","floor":35,"turns":1},{"damage":12,"enemies":"3 Shapes","floor":36,"turns":3},{"damage":0,"enemies":"3 Darklings","floor":38,"turns":2},{"damage":4,"enemies":"Sphere and 2 Shapes","floor":39,"turns":1},{"damage":0,"enemies":"Spire Growth","floor":41,"turns":2},{"damage":0,"enemies":"Jaw Worm Horde","floor":45,"turns":4},{"damage":0,"enemies":"Reptomancer","floor":46,"turns":3},{"damage":0,"enemies":"Transient","floor":47,"turns":5},{"damage":0,"enemies":"3 Darklings","floor":48,"turns":2},{"damage":21,"enemies":"Time Eater","floor":50,"turns":5}],"seed_played":"-5998247289307764294","potions_obtained":[{"floor":4,"key":"DuplicationPotion"},{"floor":8,"key":"SpeedPotion"},{"floor":19,"key":"GamblersBrew"},{"floor":22,"key":"AttackPotion"},{"floor":28,"key":"GamblersBrew"},{"floor":35,"key":"Weak Potion"},{"floor":38,"key":"DistilledChaos"},{"floor":39,"key":"CunningPotion"},{"floor":42,"key":"DuplicationPotion"},{"floor":42,"key":"Energy Potion"},{"floor":45,"key":"FairyPotion"}],"is_trial":false,"path_per_floor":["M","?","?","M","$","E","R","E","T","?","$","T","R","M","R","B",null,"M","M","$","?","M","R","E","?","T","M","E","AVR","M","?","R","B",null,"M","M","$","M","M","R","M","AVR","T","$","M","E","M","M","R","B",null],"character_chosen":"THE_SILENT","items_purchased":["Dramatic Entrance","Prepared","Orrery","SmokeBomb","Caltrops"],"campfire_rested":1,"item_purchase_floors":[5,11,20,37,44],"current_hp_per_floor":[70,63,63,63,63,35,35,27,27,27,27,27,27,27,48,27,70,68,68,68,68,52,52,52,52,52,52,52,52,52,52,52,35,70,70,58,58,58,54,54,54,54,54,54,56,58,60,62,62,43],"gold":146,"neow_bonus":"TRANSFORM_CARD","is_daily":false,"chose_seed":false,"campfire_upgraded":6,"win_rate":0.0,"timestamp":1609644093,"path_taken":["M","?","?","M","$","E","R","E","T","?","$","?","R","?","R","BOSS","M","M","$","?","M","R","E","?","T","M","E","AVR","M","?","R","BOSS","M","M","?","M","M","R","M","AVR","T","$","M","E","M","M","R","BOSS"],"items_purchased_type":["Card","Card","Relic","Potion","Card"],"build_version":"2020-12-22","purchased_purges":4,"victory":true,"max_hp_per_floor":[70,70,70,70,70,70,70,70,70,70,70,70,70,70,70,70,70,70,70,70,70,70,70,70,70,70,70,70,70,70,70,70,70,70,70,70,70,70,70,70,70,70,70,70,70,70,70,70,70,70],"card_choices":[{"not_picked":["Quick Slash","PiercingWail"],"picked":"Flechettes","floor":1},{"not_picked":["Crippling Poison","Dagger Spray"],"picked":"Catalyst","floor":4},{"not_picked":["Deadly Poison","Bane"],"picked":"Crippling Poison","floor":6},{"not_picked":["Crippling Poison","Flechettes"],"picked":"infinitespire:Neurotoxin","floor":8},{"not_picked":["Dodge and Roll","Bane"],"picked":"Flying Knee","floor":14},{"not_picked":["Wraith Form v2","A Thousand Cuts"],"picked":"Night Terror","floor":16},{"not_picked":["Eviscerate","Underhanded Strike"],"picked":"Deadly Poison","floor":18},{"not_picked":["Flying Knee","Infinite Blades"],"picked":"Blur","floor":19},{"not_picked":["Outmaneuver","Flying Knee"],"picked":"Backflip+1","floor":20},{"not_picked":["Dodge and Roll","Endless Agony"],"picked":"Calculated Gamble","floor":20},{"not_picked":["Reflex","Dagger Spray"],"picked":"Dodge and Roll+1","floor":20},{"not_picked":["Heel Hook","Finisher"],"picked":"A Thousand Cuts","floor":20},{"not_picked":["Dodge and Roll","Poisoned Stab"],"picked":"Deadly Poison","floor":20},{"not_picked":["Finisher","Acrobatics+1"],"picked":"Backstab+1","floor":22},{"not_picked":["Leg Sweep","Prepared+1"],"picked":"After Image","floor":24},{"not_picked":["PiercingWail","Blur"],"picked":"Poisoned Stab+1","floor":27},{"not_picked":["Quick Slash","Masterful Stab"],"picked":"Crippling Poison","floor":28},{"not_picked":["Calculated Gamble","Terror"],"picked":"Escape Plan+1","floor":30},{"not_picked":["Malaise","Wraith Form v2"],"picked":"Die Die Die","floor":33},{"not_picked":["Acrobatics","Masterful Stab+1"],"picked":"Bane","floor":35},{"not_picked":["Slice+1","Dodge and Roll"],"picked":"Outmaneuver","floor":36},{"not_picked":["Infinite Blades+1","Masterful Stab"],"picked":"infinitespire:Neurotoxin","floor":38},{"not_picked":["Slice","Tactician"],"picked":"Well Laid Plans+1","floor":39},{"not_picked":["Bouncing Flask","Flying Knee"],"picked":"Blur+1","floor":41},{"not_picked":["Eviscerate+1","Prepared"],"picked":"Blade Dance+1","floor":45},{"not_picked":["A Thousand Cuts","Predator"],"picked":"Crippling Poison","floor":46},{"not_picked":["Endless Agony+1","Reflex"],"picked":"Deflect+1","floor":47},{"not_picked":["Sucker Punch+1","Flechettes"],"picked":"Bane+1","floor":48}],"player_experience":22921,"relics_obtained":[{"floor":6,"key":"Boot"},{"floor":8,"key":"Bronze Scales"},{"floor":9,"key":"PreservedInsect"},{"floor":10,"key":"infinitespire:EmpoweringShard"},{"floor":12,"key":"Ninja Scroll"},{"floor":24,"key":"Bottled Flame"},{"floor":26,"key":"InkBottle"},{"floor":28,"key":"Mercury Hourglass"},{"floor":43,"key":"Blood Vial"},{"floor":46,"key":"Incense Burner"}],"event_choices":[{"cards_removed":["Strike_G"],"damage_healed":0,"gold_gain":0,"player_choice":"Card Removal","damage_taken":7,"max_hp_gain":0,"max_hp_loss":0,"event_name":"Golden Wing","floor":2,"gold_loss":0},{"damage_healed":0,"gold_gain":0,"cards_transformed":["Strike_G"],"player_choice":"Change","damage_taken":0,"max_hp_gain":0,"max_hp_loss":0,"event_name":"Living Wall","floor":3,"gold_loss":0,"cards_obtained":["Quick Slash"]},{"damage_healed":0,"gold_gain":0,"player_choice":"Paid Fearfully","damage_taken":0,"max_hp_gain":0,"max_hp_loss":0,"event_name":"Masked Bandits","floor":21,"gold_loss":12},{"damage_healed":0,"gold_gain":0,"cards_transformed":["Strike_G","Defend_G"],"player_choice":"Became Test Subject","damage_taken":0,"max_hp_gain":0,"max_hp_loss":0,"event_name":"Drug Dealer","floor":25,"gold_loss":0,"cards_obtained":["Riddle With Holes","Unload"]},{"damage_healed":0,"gold_gain":0,"cards_transformed":["Defend_G"],"player_choice":"Transformed","damage_taken":0,"max_hp_gain":0,"max_hp_loss":0,"event_name":"Transmorgrifier","floor":31,"gold_loss":0,"cards_obtained":["Phantasmal Killer"]}],"is_beta":false,"boss_relics":[{"not_picked":["Snecko Eye","Runic Dome","Cursed Key"]},{"not_picked":["SlaversCollar","infinitespire:Cupcake"],"picked":"Astrolabe"}],"items_purged_floors":[11,29,42,44],"is_endless":false,"potions_floor_spawned":[4,8,19,22,28,35,38,39,45,46],"ascension_level":0}}