{"host":"lpogke4cwz8zw1ju","time":1609704445,"event":{"mods":["Always Whale","BaseMod","Minty Spire (QoL Compilation)","Permanent Neow"],"gold_per_floor":[368,388,404,423,441,441,474,474,474,308,308,322,322,338,338,434,434,434,434,434,434,11,11,11,11,11,11,11,11,11,11,11,11,11,11,11,11,11,11,11,11,11,11,11,11,11,11,11,11,11],"floor_reached":51,"playtime":3157,"items_purged":["Defend_R","Strike_R"],"score":700,"play_id":"35ca7829-8f6d-4263-9efc-122f9c312538","local_time":"20210103210725","is_ascension_mode":false,"campfire_choices":[{"data":"Armaments","floor":6,"key":"SMITH"},{"floor":8,"key":"REST"},{"data":"Madness","floor":15,"key":"SMITH"},{"data":"Armaments","floor":24,"key":"SMITH"},{"data":"Inflame","floor":29,"key":"SMITH"},{"data":"Spot Weakness","floor":32,"key":"SMITH"},{"floor":40,"key":"REST"},{"floor":46,"key":"REST"},{"floor":49,"key":"REST"}],"circlet_count":0,"master_deck":["Strike_R","Strike_R","Strike_R","Defend_R","Defend_R+1","Defend_R+1","Bash","Armaments+1","Armaments+1","Spot Weakness+1","Twin Strike","Cleave+1","Heavy Blade+1","Inflame+1","Sword Boomerang+1","Madness+1","Warcry","Feed+1","Pummel+1","Pommel Strike+1","Iron Wave+1","Master of Strategy","Battle Trance+1","Pommel Strike+1","Feed+1","Blood for Blood+1","Intimidate+1","Flex+1","Parasite","Iron Wave+1","Iron Wave+1"],"relics":["Burning Blood","Molten Egg 2","Bottled Lightning","Ectoplasm","War Paint","Ornamental Fan","Art of War","Runic Cube","Gambling Chip","PreservedInsect"],"acts_visited":["Exordium","TheCity","TheBeyond"],"potions_floor_usage":[16,16,16,33,33,39,39,39,39,39,41,50,50,50],"damage_taken":[{"damage":0,"enemies":"Small Slimes","floor":1,"turns":3},{"damage":1,"enemies":"Cultist","floor":2,"turns":3},{"damage":9,"enemies":"2 Louse","floor":3,"turns":4},{"damage":8,"enemies":"Exordium Wildlife","floor":4,"turns":5},{"damage":12,"enemies":"Looter","floor":5,"turns":5},{"damage":43,"enemies":"Lagavulin","floor":7,"turns":7},{"damage":9,"enemies":"Blue Slaver","floor":12,"turns":3},{"damage":1,"enemies":"2 Fungi Beasts","floor":14,"turns":2},{"damage":6,"enemies":"The Guardian","floor":16,"turns":7},{"damage":7,"enemies":"Shell Parasite","floor":18,"turns":2},{"damage":0,"enemies":"Chosen","floor":20,"turns":3},{"damage":10,"enemies":"Sentry and Sphere","floor":21,"turns":3},{"damage":19,"enemies":"Slavers","floor":23,"turns":3},{"damage":10,"enemies":"Centurion and Healer","floor":25,"turns":5},{"damage":24,"enemies":"Snake Plant","floor":28,"turns":3},{"damage":0,"enemies":"Cultist and Chosen","floor":30,"turns":5},{"damage":10,"enemies":"3 Cultists","floor":31,"turns":4},{"damage":17,"enemies":"Champ","floor":33,"turns":5},{"damage":15,"enemies":"Orb Walker","floor":35,"turns":3},{"damage":65,"enemies":"2 Orb Walkers","floor":36,"turns":5},{"damage":15,"enemies":"3 Shapes","floor":38,"turns":2},{"damage":5,"enemies":"Maw","floor":39,"turns":8},{"damage":0,"enemies":"Writhing Mass","floor":41,"turns":2},{"damage":19,"enemies":"Sphere and 2 Shapes","floor":42,"turns":4},{"damage":10,"enemies":"3 Darklings","floor":44,"turns":4},{"damage":83,"enemies":"Awakened One","floor":50,"turns":9}],"seed_played":"3817627903195135173","potions_obtained":[{"floor":2,"key":"Strength Potion"},{"floor":5,"key":"GamblersBrew"},{"floor":7,"key":"SpeedPotion"},{"floor":14,"key":"Block Potion"},{"floor":16,"key":"SteroidPotion"},{"floor":18,"key":"GamblersBrew"},{"floor":20,"key":"DistilledChaos"},{"floor":30,"key":"DistilledChaos"},{"floor":31,"key":"PowerPotion"},{"floor":37,"key":"Weak Potion"},{"floor":37,"key":"EntropicBrew"},{"floor":39,"key":"SmokeBomb"},{"floor":42,"key":"Strength Potion"},{"floor":44,"key":"LiquidMemories"}],"is_trial":false,"path_per_floor":["M","M","M","M","M","R","E","R","T","$","?","M","?","M","R","B",null,"M","?","M","M","$","E","R","M","T","?","M","R","M","M","R","B",null,"M","?","?","M","M","R","M","M","T","M","$","R","$","?","R","B",null],"character_chosen":"IRONCLAD","items_purchased":["Heavy Blade+1","Inflame","Master of Strategy","War Paint"],"campfire_rested":4,"item_purchase_floors":[10,10,22,22],"current_hp_per_floor":[62,67,64,62,56,56,19,43,43,43,43,40,40,45,45,45,80,79,79,80,80,80,67,67,67,67,88,70,70,76,76,76,69,96,87,32,32,23,24,54,60,51,51,51,51,83,83,83,108,39],"gold":11,"neow_bonus":"TWO_FIFTY_GOLD","is_daily":false,"chose_seed":false,"campfire_upgraded":5,"win_rate":0.0,"timestamp":1609704445,"path_taken":["M","M","M","M","M","R","E","R","T","$","?","M","?","M","R","BOSS","M","?","M","M","$","E","R","M","T","?","M","R","M","M","R","BOSS","M","?","?","?","M","R","M","M","T","M","$","R","?","?","R","BOSS"],"items_purchased_type":["Card","Card","Card","Relic"],"build_version":"2020-12-22","purchased_purges":2,"victory":true,"max_hp_per_floor":[80,80,80,80,80,80,80,80,80,80,80,80,80,80,80,80,80,80,80,80,84,84,84,84,88,88,88,88,88,88,92,92,96,96,96,100,100,100,100,100,100,104,104,108,108,108,108,108,108,116],"card_choices":[{"not_picked":["Shrug It Off","Inflame"],"picked":"Armaments","floor":1},{"not_picked":["Fire Breathing","Seeing Red"],"picked":"Armaments","floor":2},{"not_picked":["Iron Wave","Warcry"],"picked":"Spot Weakness","floor":3},{"not_picked":["Clash","Ghostly Armor","Power Through"],"picked":"SKIP","floor":4},{"not_picked":["Sentinel","Feel No Pain"],"picked":"Twin Strike","floor":5},{"not_picked":["Bloodletting","Battle Trance"],"picked":"Cleave+1","floor":7},{"not_picked":["Armaments","Feel No Pain"],"picked":"Sword Boomerang+1","floor":12},{"not_picked":["Clash+1","Dual Wield"],"picked":"Warcry","floor":14},{"not_picked":["Impervious","Corruption"],"picked":"Feed+1","floor":16},{"not_picked":["Twin Strike+1","Intimidate"],"picked":"Pummel+1","floor":18},{"not_picked":["Second Wind","Whirlwind+1"],"picked":"Pommel Strike+1","floor":20},{"not_picked":["Headbutt+1","Clash+1"],"picked":"Iron Wave+1","floor":21},{"not_picked":["Disarm+1","Sever Soul+1"],"picked":"Battle Trance+1","floor":23},{"not_picked":["Thunderclap+1","Burning Pact","Sword Boomerang+1"],"picked":"SKIP","floor":25},{"not_picked":["Limit Break","Shockwave+1"],"picked":"Pommel Strike+1","floor":28},{"not_picked":["Dropkick+1","Battle Trance","Infernal Blade"],"picked":"SKIP","floor":30},{"not_picked":["Warcry","Perfected Strike+1","Anger+1"],"picked":"SKIP","floor":31},{"not_picked":["Offering","Corruption"],"picked":"Feed+1","floor":33},{"not_picked":["Warcry+1","Pommel Strike+1"],"picked":"Blood for Blood+1","floor":35},{"not_picked":["Power Through+1","Seeing Red"],"picked":"Intimidate+1","floor":36},{"not_picked":["Metallicize","Dark Embrace+1","Clothesline+1"],"picked":"SKIP","floor":38},{"not_picked":["Uppercut+1","Cleave+1"],"picked":"Flex","floor":39},{"not_picked":["Sword Boomerang+1","Havoc"],"picked":"Iron Wave+1","floor":42},{"not_picked":["Ghostly Armor","Rage"],"picked":"Iron Wave+1","floor":44}],"player_experience":135287,"relics_obtained":[{"floor":7,"key":"Molten Egg 2"},{"floor":9,"key":"Bottled Lightning"},{"floor":23,"key":"Ornamental Fan"},{"floor":26,"key":"Art of War"},{"floor":36,"key":"Gambling Chip"},{"floor":43,"key":"PreservedInsect"}],"event_choices":[{"damage_healed":0,"gold_gain":0,"player_choice":"Ignored","damage_taken":0,"max_hp_gain":0,"max_hp_loss":0,"event_name":"Liars Game","floor":11,"gold_loss":0},{"cards_removed":["Strike_R"],"damage_healed":0,"gold_gain":0,"player_choice":"Took Card","damage_taken":0,"max_hp_gain":0,"max_hp_loss":0,"event_name":"NoteForYourself","floor":13,"gold_loss":0,"cards_obtained":["Madness"]},{"damage_healed":0,"gold_gain":99,"player_choice":"Stole From Cult","damage_taken":0,"max_hp_gain":0,"max_hp_loss":0,"event_name":"Nest","floor":19,"gold_loss":0},{"damage_healed":29,"gold_gain":0,"player_choice":"Heal","damage_taken":0,"max_hp_gain":0,"max_hp_loss":0,"event_name":"The Library","floor":27,"gold_loss":0},{"damage_healed":0,"gold_gain":0,"player_choice":"Fight","damage_taken":0,"max_hp_gain":0,"max_hp_loss":0,"event_name":"Mysterious Sphere","floor":36,"gold_loss":0},{"damage_healed":0,"gold_gain":0,"player_choice":"Got Potions","damage_taken":0,"max_hp_gain":0,"max_hp_loss":0,"event_name":"Lab","floor":37,"gold_loss":0},{"damage_healed":0,"gold_gain":0,"player_choice":"Upgraded","damage_taken":0,"max_hp_gain":0,"max_hp_loss":0,"event_name":"Upgrade Shrine","floor":48,"gold_loss":0,"cards_upgraded":["Flex"]}],"is_beta":false,"boss_relics":[{"not_picked":["Pandora\u0027s Box","Astrolabe"],"picked":"Ectoplasm"},{"not_picked":["Mark of Pain","Black Blood"],"picked":"Runic Cube"}],"items_purged_floors":[10,22],"is_endless":false,"potions_floor_spawned":[2,5,7,14,16,18,20,30,31,39,42,44],"ascension_level":0}}