{"host":"5c1rfni4ms1ztn71","time":1609643967,"event":{"mods":["AchievementEnabler","BaseMod","ChefMod","Downfall","Duelist Mod","Hermit","Hubris","Infinite Spire","Jorbs\u0027s Wanderer Trilogy","Marisa????????","Minty Spire (QoL Compilation)","Potionbrewer","Replay The Spire","SOS???????","Somnambulant","StSLib","Td1madao Mod","The Administrix","The Animator","The Bladedancer","The Bug Knight","The Construct","The Cursed","The Death Knight","The Disciple","The Forsaken","The Hierophant","The Mystic","The Necromancer","The Poker Player","The Runesmith","The Senshi","The Servant 0.9.4","The Wild Card","???Mod??????Boss"],"gold_per_floor":[115,129,149,166,177,177,211,211,211,211,211,230,249,259,259,259,259],"floor_reached":16,"playtime":1920,"items_purged":[],"score":106,"play_id":"28bda989-a3f7-4ec2-b546-74d29017381a","local_time":"20210102221927","is_ascension_mode":false,"campfire_choices":[{"data":"chefmod:NewMenu","floor":6.0,"key":"SMITH"},{"data":"chefmod:QuickThaw","floor":10.0,"key":"SMITH"},{"data":"expansioncontent:DefensiveStance","floor":15,"key":"SMITH"}],"circlet_count":0,"master_deck":["chefmod:Strike","chefmod:Strike","chefmod:Strike","chefmod:Strike","chefmod:Strike","chefmod:Defend","chefmod:Defend","chefmod:QuickThaw+1","chefmod:TodaysSpecial","expansioncontent:DefensiveStance+1","chefmod:HotSoup","chefmod:CleanHouse","chefmod:Sorbet","chefmod:NewMenu+1","chefmod:Chop","chefmod:GroceryDelivery+1","chefmod:ColdSteel","chefmod:LiquidNitrogen","chefmod:QuickChop","chefmod:FireUp"],"relics":["chefmod:TrustyPot","Bag of Marbles","Ancient Tea Set"],"acts_visited":["Exordium"],"potions_floor_usage":[13,16],"damage_taken":[{"damage":1.0,"enemies":"Cultist","floor":1.0,"turns":4.0},{"damage":0.0,"enemies":"Jaw Worm","floor":2.0,"turns":5.0},{"damage":4.0,"enemies":"Small Slimes","floor":3.0,"turns":4.0},{"damage":7.0,"enemies":"Exordium Thugs","floor":4.0,"turns":6.0},{"damage":0.0,"enemies":"2 Fungi Beasts","floor":5.0,"turns":5.0},{"damage":12.0,"enemies":"Gremlin Nob","floor":7.0,"turns":4.0},{"damage":0,"enemies":"Blue Slaver","floor":12,"turns":3},{"damage":0,"enemies":"Looter","floor":13,"turns":3},{"damage":0,"enemies":"2 Fungi Beasts","floor":14,"turns":3},{"damage":53,"enemies":"Fading Forest","floor":16,"turns":7}],"seed_played":"-8376209422680360966","potions_obtained":[{"floor":3.0,"key":"SkillPotion"},{"floor":4.0,"key":"Block Potion"},{"floor":7.0,"key":"Swift Potion"},{"floor":12,"key":"potionbrewer:BlacksmithPotion"}],"is_trial":false,"path_per_floor":["M","M","M","M","M","R","E","?","T","R","$","M","M","M","R","B"],"character_chosen":"THE_CHEF","items_purchased":[],"campfire_rested":0,"item_purchase_floors":[],"current_hp_per_floor":[75,75,71,64,64,64,52,52,52,52,52,52,52,52,52,0,0],"gold":259,"neow_bonus":"RANDOM_COLORLESS","is_daily":false,"chose_seed":false,"campfire_upgraded":3,"win_rate":0.0,"timestamp":1609643967,"path_taken":["M","M","M","M","M","R","E","?","T","R","?","?","M","M","R","BOSS"],"items_purchased_type":[],"build_version":"2020-12-22","purchased_purges":0,"victory":false,"max_hp_per_floor":[76,76,76,76,76,76,76,76,76,76,76,76,76,76,76,76,76],"card_choices":[{"not_picked":["Flash of Steel","Enlightenment"],"picked":"expansioncontent:DefensiveStance","floor":0.0},{"not_picked":["chefmod:ZaruSoba","chefmod:IcePick"],"picked":"chefmod:HotSoup","floor":1.0},{"not_picked":["chefmod:ZaruSoba","chefmod:Granita"],"picked":"chefmod:CleanHouse","floor":2.0},{"not_picked":["chefmod:FireUp","chefmod:SliceAndDice"],"picked":"chefmod:Sorbet","floor":3.0},{"not_picked":["chefmod:ZaruSoba","chefmod:DeepFreeze"],"picked":"chefmod:NewMenu","floor":4.0},{"not_picked":["chefmod:SearedScallops","chefmod:FarmersMarket"],"picked":"chefmod:Chop","floor":5.0},{"not_picked":["chefmod:IcePick","chefmod:BaoBuns"],"picked":"chefmod:GroceryDelivery","floor":7.0},{"not_picked":["chefmod:FireUp","chefmod:BaoBuns"],"picked":"chefmod:LiquidNitrogen","floor":12},{"not_picked":["chefmod:PotatoGratin","chefmod:DinoKale"],"picked":"chefmod:QuickChop","floor":13},{"not_picked":["chefmod:FryPan","chefmod:GroceryDelivery"],"picked":"chefmod:FireUp","floor":14}],"player_experience":35280,"relics_obtained":[{"floor":7.0,"key":"Bag of Marbles"},{"floor":9.0,"key":"Ancient Tea Set"}],"event_choices":[{"damage_healed":0.0,"max_hp_gain":0.0,"max_hp_loss":0.0,"gold_gain":0.0,"cards_transformed":["chefmod:Defend"],"event_name":"Transmorgrifier","player_choice":"Transformed","floor":8.0,"gold_loss":0.0,"damage_taken":0.0,"cards_obtained":["chefmod:ColdSteel"]}],"is_beta":false,"boss_relics":[],"items_purged_floors":[],"is_endless":false,"potions_floor_spawned":[3,4,7,12],"killed_by":"Fading Forest","ascension_level":0}}