{"host":"x3lqeik2a5qeoft8","time":1609714913,"event":{"mods":["AchievementEnabler","BaseMod","Minty Spire (QoL Compilation)","SuperFastMode"],"gold_per_floor":[114,114,114,125,140,140,174,249,297,314,314,314,345,359,359,463,463,478,496,511,54,65,94,109,109,109,109,127,142,171,171,171,273,273,286,301,317,317,38,38,63,63,111,137,13,24,37,57,57,57],"floor_reached":51,"playtime":1725,"items_purged":["Flex"],"score":921,"play_id":"b0722593-3611-44f1-869b-696198980056","local_time":"20210104000153","is_ascension_mode":true,"campfire_choices":[{"floor":6,"key":"RECALL"},{"floor":12,"key":"REST"},{"floor":15,"key":"REST"},{"floor":25,"key":"REST"},{"floor":27,"key":"REST"},{"floor":32,"key":"REST"},{"data":"Perfected Strike","floor":40,"key":"SMITH"},{"floor":42,"key":"REST"},{"floor":49,"key":"REST"}],"circlet_count":0,"master_deck":["Strike_R+1","Strike_R","Strike_R","Strike_R","Strike_R+1","Defend_R","Defend_R","Defend_R","Bash","Perfected Strike+1","Heavy Blade","Perfected Strike+1","Disarm","Bash+1","Iron Wave+1","Wild Strike+1","Reaper+1","Perfected Strike+1","Clothesline+1","Sword Boomerang+1","Corruption","Pommel Strike+1","Carnage+1","Bludgeon+1","Pommel Strike+1","Clothesline+1","Perfected Strike+1","Perfected Strike+1","Carnage+1","Battle Trance"],"relics":["Burning Blood","Boot","Molten Egg 2","InkBottle","Snecko Eye","HandDrill","Self Forming Clay","Whetstone","Darkstone Periapt","Art of War","SlaversCollar","Pantograph","Letter Opener","Toy Ornithopter","Sundial"],"acts_visited":["Exordium","TheCity","TheBeyond"],"potions_floor_usage":[13,13,16,22,23,29,33,33,33,33,44,50,50],"damage_taken":[{"damage":1,"enemies":"Small Slimes","floor":1,"turns":3},{"damage":0,"enemies":"Cultist","floor":4,"turns":2},{"damage":11,"enemies":"Jaw Worm","floor":5,"turns":4},{"damage":32,"enemies":"Gremlin Nob","floor":7,"turns":4},{"damage":5,"enemies":"2 Fungi Beasts","floor":10,"turns":4},{"damage":25,"enemies":"3 Sentries","floor":13,"turns":7},{"damage":3,"enemies":"3 Louse","floor":14,"turns":4},{"damage":30,"enemies":"The Guardian","floor":16,"turns":8},{"damage":11,"enemies":"3 Byrds","floor":18,"turns":5},{"damage":2,"enemies":"Chosen","floor":19,"turns":3},{"damage":24,"enemies":"Snake Plant","floor":20,"turns":3},{"damage":9,"enemies":"Shelled Parasite and Fungi","floor":22,"turns":3},{"damage":36,"enemies":"Slavers","floor":23,"turns":4},{"damage":61,"enemies":"Chosen and Byrds","floor":24,"turns":8},{"damage":21,"enemies":"Sentry and Sphere","floor":28,"turns":5},{"damage":7,"enemies":"Snake Plant","floor":29,"turns":2},{"damage":17,"enemies":"Book of Stabbing","floor":30,"turns":3},{"damage":67,"enemies":"Collector","floor":33,"turns":6},{"damage":5,"enemies":"Orb Walker","floor":35,"turns":3},{"damage":21,"enemies":"3 Shapes","floor":36,"turns":3},{"damage":22,"enemies":"Maw","floor":37,"turns":5},{"damage":58,"enemies":"Reptomancer","floor":41,"turns":3},{"damage":0,"enemies":"Nemesis","floor":44,"turns":1},{"damage":21,"enemies":"Jaw Worm Horde","floor":46,"turns":3},{"damage":15,"enemies":"Transient","floor":47,"turns":5},{"damage":16,"enemies":"Writhing Mass","floor":48,"turns":2},{"damage":57,"enemies":"Donu and Deca","floor":50,"turns":5}],"seed_played":"3636242445794173584","potions_obtained":[{"floor":4,"key":"Ancient Potion"},{"floor":7,"key":"Fire Potion"},{"floor":10,"key":"Strength Potion"},{"floor":14,"key":"Energy Potion"},{"floor":16,"key":"FairyPotion"},{"floor":18,"key":"ElixirPotion"},{"floor":19,"key":"AttackPotion"},{"floor":23,"key":"SkillPotion"},{"floor":28,"key":"EntropicBrew"},{"floor":29,"key":"Energy Potion"},{"floor":37,"key":"SmokeBomb"},{"floor":41,"key":"LiquidMemories"}],"is_trial":false,"path_per_floor":["M","?","?","M","M","R","E","?","T","M","?","R","E","M","R","B",null,"M","M","M","$","M","E","M","R","T","R","M","M","E","?","R","B",null,"M","M","M","?","$","R","E","R","T","E","$","M","M","M","R","B",null],"character_chosen":"IRONCLAD","items_purchased":["HandDrill","Self Forming Clay","Perfected Strike+1","Pantograph","LiquidBronze","Swift Potion"],"campfire_rested":7,"item_purchase_floors":[21,21,39,39,45,45],"current_hp_per_floor":[88,88,70,76,71,71,45,34,34,35,35,61,42,45,71,47,88,83,87,69,69,72,57,12,38,38,64,54,58,52,35,62,16,93,93,88,72,72,72,72,20,47,47,58,58,64,62,56,83,47],"gold":57,"neow_bonus":"TEN_PERCENT_HP_BONUS","is_daily":false,"chose_seed":false,"campfire_upgraded":1,"win_rate":0.0,"timestamp":1609714913,"path_taken":["M","?","?","M","M","R","E","?","T","M","?","R","E","?","R","BOSS","M","M","M","$","M","E","M","R","T","R","M","?","E","?","R","BOSS","M","M","M","?","$","R","E","R","T","E","$","M","M","M","R","BOSS"],"items_purchased_type":["Relic","Relic","Card","Relic","Potion","Potion"],"build_version":"2020-12-22","purchased_purges":1,"victory":true,"max_hp_per_floor":[88,88,88,88,88,88,88,88,88,88,88,88,88,88,88,88,88,88,88,88,88,88,88,88,88,88,88,88,88,88,93,93,93,93,93,93,93,93,93,93,93,93,93,93,93,93,93,93,93,93],"card_choices":[{"not_picked":["Warcry","Clothesline"],"picked":"Perfected Strike","floor":1},{"not_picked":["Dual Wield","Rupture"],"picked":"Heavy Blade","floor":4},{"not_picked":["True Grit","Wild Strike"],"picked":"Perfected Strike","floor":5},{"not_picked":["Dark Embrace","Shrug It Off"],"picked":"Disarm","floor":7},{"not_picked":["Sword Boomerang+1","Bloodletting"],"picked":"Flex","floor":10},{"not_picked":["Infernal Blade","True Grit"],"picked":"Iron Wave+1","floor":13},{"not_picked":["Iron Wave+1","Headbutt+1"],"picked":"Wild Strike+1","floor":14},{"not_picked":["Fiend Fire+1","Bludgeon+1"],"picked":"Reaper+1","floor":16},{"not_picked":["Cleave+1","Inflame"],"picked":"Perfected Strike+1","floor":18},{"not_picked":["Sword Boomerang+1","Clash+1"],"picked":"Clothesline+1","floor":19},{"not_picked":["True Grit","Double Tap"],"picked":"Sword Boomerang+1","floor":20},{"not_picked":["Spot Weakness","Sword Boomerang+1","Hemokinesis+1"],"picked":"SKIP","floor":22},{"not_picked":["Twin Strike+1","Body Slam+1"],"picked":"Corruption","floor":23},{"not_picked":["Flex","Hemokinesis+1"],"picked":"Pommel Strike+1","floor":24},{"not_picked":["Disarm+1","Thunderclap+1","Dual Wield"],"picked":"SKIP","floor":28},{"not_picked":["Body Slam+1","Warcry","Sword Boomerang+1"],"picked":"SKIP","floor":29},{"not_picked":["Headbutt+1","Burning Pact"],"picked":"Carnage+1","floor":30},{"not_picked":["Exhume","Corruption"],"picked":"Bludgeon+1","floor":33},{"not_picked":["Power Through+1","Rage+1"],"picked":"Pommel Strike+1","floor":35},{"not_picked":["Dark Embrace+1","Hemokinesis+1"],"picked":"Clothesline+1","floor":36},{"not_picked":["Anger+1","Iron Wave+1","Warcry+1"],"picked":"SKIP","floor":37},{"not_picked":["Impervious","True Grit"],"picked":"Perfected Strike+1","floor":41},{"not_picked":["Juggernaut","Ghostly Armor"],"picked":"Carnage+1","floor":44},{"not_picked":["Power Through+1","Infernal Blade+1","Dropkick+1"],"picked":"SKIP","floor":46},{"not_picked":["Warcry","Cleave+1"],"picked":"Battle Trance","floor":47},{"not_picked":["Infernal Blade","Clash+1","Headbutt+1"],"picked":"SKIP","floor":48}],"player_experience":104737,"relics_obtained":[{"floor":7,"key":"Molten Egg 2"},{"floor":13,"key":"InkBottle"},{"floor":23,"key":"Whetstone"},{"floor":26,"key":"Darkstone Periapt"},{"floor":30,"key":"Art of War"},{"floor":41,"key":"Letter Opener"},{"floor":43,"key":"Toy Ornithopter"},{"floor":44,"key":"Sundial"}],"event_choices":[{"damage_healed":0,"gold_gain":0,"player_choice":"Grow","damage_taken":0,"max_hp_gain":0,"max_hp_loss":0,"event_name":"Living Wall","floor":2,"gold_loss":0,"cards_upgraded":["Perfected Strike"]},{"damage_healed":0,"gold_gain":0,"player_choice":"Success","damage_taken":18,"relics_obtained":["Boot"],"max_hp_gain":0,"max_hp_loss":0,"event_name":"Scrap Ooze","floor":3,"gold_loss":0},{"damage_healed":0,"gold_gain":75,"player_choice":"Gather Gold","damage_taken":11,"max_hp_gain":0,"max_hp_loss":0,"event_name":"World of Goop","floor":8,"gold_loss":0},{"damage_healed":0,"gold_gain":0,"player_choice":"1 cards matched","damage_taken":0,"max_hp_gain":0,"max_hp_loss":0,"event_name":"Match and Keep!","floor":11,"gold_loss":0,"cards_obtained":["Bash"]},{"damage_healed":0,"gold_gain":0,"player_choice":"Shed Blood","damage_taken":22,"max_hp_gain":5,"max_hp_loss":0,"event_name":"Forgotten Altar","floor":31,"gold_loss":0},{"cards_removed":["Defend_R"],"damage_healed":0,"gold_gain":0,"player_choice":"Removed Skill","damage_taken":0,"max_hp_gain":0,"max_hp_loss":0,"event_name":"Falling","floor":38,"gold_loss":0}],"is_beta":false,"boss_relics":[{"not_picked":["Cursed Key","Mark of Pain"],"picked":"Snecko Eye"},{"not_picked":["Runic Pyramid","Tiny House"],"picked":"SlaversCollar"}],"items_purged_floors":[21],"is_endless":false,"potions_floor_spawned":[4,7,10,14,16,18,19,23,28,29,37,41,48],"ascension_level":3}}