{"host":"4mxntv5hh20ijfso","time":1609634998,"event":{"mods":["AchievementEnabler","Act Like it!","Arknights The Spire","BaseMod","Better Altar","Better Match","Better Note","Better Sensory Stone","Better Skull","Better Third Choice","Better Vampires","CatGirl Mod","Elementarium","Energized Spire","Fireblade Mod","Gensokyo","Halation","Hero for Fun","Koishi","Marisa????????","Menagerie","Minty Spire (QoL Compilation)","QueenMod","Quick Restart","Random Character Button","Robot Space Explorer","SCP261 Mod","Shade Mod","Shop Mod","Spicy Shops","StSLib","The Alterego","The Blackbeard","The Bladedancer","The Clintock","The Cursed","The Druid","The Elementalist","The Hayseed","The Hierophant","The Juggle","The Kombatant","The Marked","The Mystic","The Runesmith","TheFirefly","TheVelvet","Uncapped","UnlockEverythingMod","Waifu the Spire","Wandering Minibosses","????"],"gold_per_floor":[113,113,113,126,51,76,76,12,12,39,299,334,334,349,349,445,445,458,476,496,510,524,552,135,164,191,191,217,267,267,281,281,379,379,397,397,410,424,536,582,594,55,67,105,117,142,181,210,222,234,246,258,122,156,156,156],"floor_reached":55,"playtime":8025,"items_purged":["Menagerie:BloodySpellbook"],"score":935,"play_id":"97666797-79c5-415b-bf8b-6f8c59da1ed7","local_time":"20210102194958","is_ascension_mode":false,"campfire_choices":[{"data":"Armaments","floor":7.0,"key":"SMITH"},{"floor":15.0,"key":"RECALL"},{"data":"Berserk","floor":27.0,"key":"SMITH"},{"data":"Demon Form","floor":32.0,"key":"SMITH"},{"data":"Limit Break","floor":41.0,"key":"SMITH"},{"data":"Dual Wield","floor":45.0,"key":"SMITH"},{"data":"Rage","floor":49.0,"key":"SMITH"},{"data":"Fire Breathing","floor":52.0,"key":"SMITH"}],"circlet_count":0,"master_deck":["Strike_R","Strike_R","Strike_R","Strike_R","Strike_R","Defend_R","Defend_R","Defend_R+1","Defend_R","Bash","Armaments+1","Clash","Apotheosis+1","Blood for Blood","Havoc+1","Bloodletting","Cleave","Berserk+1","Body Slam+1","Dual Wield+1","Rampage","Spot Weakness","Perfected Strike","Ghostly Armor","Thunderclap","Inflame+1","Demon Form+1","Fire Breathing+1","Limit Break+1","Shrug It Off+1","Double Tap","Shrug It Off+1","Metallicize","Body Slam+1","Gensokyo:SevenSchoolMysteries","Gensokyo:Doppelganger","Perfected Strike","Shrug It Off+1","Entrench","Rage+1","Rage+1"],"relics":["Burning Blood","Gensokyo:CelestialsFlawlessClothing","CaptainsWheel","Dead Branch","halation:LettersToHer","Akabeko","Gensokyo:Mercy","Cursed Key","Pen Nib","Chemical X","PlaceholderMod:SoulofChaos","MerchantsRug","War Paint","Meat on the Bone","Elementarium:ElementariumTrophy","Mark of Pain","Mummified Hand","Lantern","Blood Vial","Mercury Hourglass","Unceasing Top","Membership Card","Orichalcum"],"acts_visited":["Gensokyo:Gensokyo","Elementarium:Elementarium","Gensokyo:Gensokyoest","TheEnding"],"potions_floor_usage":[],"damage_taken":[{"damage":5.0,"enemies":"Gensokyo:2_Kodama","floor":1.0,"turns":5.0},{"damage":15.0,"enemies":"Gensokyo:Gryphon","floor":4.0,"turns":5.0},{"damage":16.0,"enemies":"Gensokyo:Mamizou","floor":6.0,"turns":8.0},{"damage":19.0,"enemies":"Gensokyo:Cirno","floor":10.0,"turns":9.0},{"damage":6.0,"enemies":"Gensokyo:3_Fairies","floor":11.0,"turns":5.0},{"damage":0.0,"enemies":"Gensokyo:Aya","floor":12.0,"turns":5.0},{"damage":3.0,"enemies":"Gensokyo:VengefulSpirit","floor":14.0,"turns":4.0},{"damage":19.0,"enemies":"Gensokyo:Reimu","floor":16.0,"turns":12.0},{"damage":1.0,"enemies":"Elementarium:2_ELEMENTALS","floor":18.0,"turns":3.0},{"damage":0.0,"enemies":"Elementarium:MUD_AND_TAR_GOLEMS","floor":19.0,"turns":4.0},{"damage":0.0,"enemies":"Elementarium:RubyGolem","floor":20.0,"turns":4.0},{"damage":13.0,"enemies":"Elementarium:STONE_GOLEMS","floor":21.0,"turns":2.0},{"damage":13.0,"enemies":"Elementarium:3_ELEMENTALS","floor":22.0,"turns":3.0},{"damage":3.0,"enemies":"Elementarium:ElementalPortal","floor":23.0,"turns":9.0},{"damage":26.0,"enemies":"Elementarium:WarGolem","floor":25.0,"turns":4.0},{"damage":21.0,"enemies":"Elementarium:ElementalPortal","floor":28.0,"turns":5.0},{"damage":24.0,"enemies":"Elementarium:VOID_CORRUPTION_AND_ORB_OF_FIRE","floor":31.0,"turns":3.0},{"damage":24.0,"enemies":"Elementarium:GoldenDragon","floor":33.0,"turns":9.0},{"damage":15.0,"enemies":"Gensokyo:3_Boulders","floor":35.0,"turns":4.0},{"damage":25.0,"enemies":"Gensokyo:AncientGuardian","floor":37.0,"turns":5.0},{"damage":36.0,"enemies":"Gensokyo:3_Boulders","floor":38.0,"turns":6.0},{"damage":83.0,"enemies":"Gensokyo:Marisa","floor":40.0,"turns":8.0},{"damage":7.0,"enemies":"Gensokyo:Doremy","floor":44.0,"turns":6.0},{"damage":10.0,"enemies":"Gensokyo:Dusk_and_Dawn","floor":46.0,"turns":3.0},{"damage":32.0,"enemies":"Gensokyo:Marisa","floor":47.0,"turns":5.0},{"damage":0.0,"enemies":"Gensokyo:Rafflesia","floor":48.0,"turns":5.0},{"damage":16.0,"enemies":"Gensokyo:Shinki","floor":50.0,"turns":6.0},{"damage":47,"enemies":"Shield and Spear","floor":54,"turns":6},{"damage":236,"enemies":"The Heart","floor":55,"turns":8}],"seed_played":"6329963739907168940","potions_obtained":[{"floor":6.0,"key":"SCP261:EnergyGasPotion"},{"floor":10.0,"key":"Energy Potion"},{"floor":12.0,"key":"SCP261:GirlTearsPotion"},{"floor":16.0,"key":"SCP261:SweetSwarmPotion"},{"floor":19.0,"key":"FearPotion"},{"floor":21.0,"key":"SCP261:DewritoBlazePotion"},{"floor":23.0,"key":"SCP261:BarrettColaPotion"},{"floor":28.0,"key":"BloodPotion"},{"floor":35.0,"key":"FearPotion"},{"floor":37.0,"key":"ColorlessPotion"},{"floor":44.0,"key":"SCP261:DietGhostPotion"},{"floor":48.0,"key":"Swift Potion"}],"is_trial":false,"path_per_floor":["M","?","?","M","?","E","R","COS","T","E","M","E","?","M","R","B",null,"M","M","M","M","M","E","$","E","T","R","E","?","?","M","R","B",null,"M","?","M","M","?","E","R","COS","T","E","R","M","E","M","R","B",null,"R","$","E","B"],"character_chosen":"IRONCLAD","items_purchased":["Chemical X","PlaceholderMod:SoulofChaos","MerchantsRug","Membership Card"],"campfire_rested":0,"item_purchase_floors":[24,24,24,53],"current_hp_per_floor":[88,66,66,57,57,47,47,47,47,34,34,40,40,43,43,30,88,88,88,88,81,74,77,77,57,57,57,42,45,30,42,42,36,94,85,88,69,51,23,79,79,79,79,78,78,76,64,72,72,64,100,100,100,86,0,0],"gold":156,"neow_bonus":"TEN_PERCENT_HP_BONUS","is_daily":false,"chose_seed":false,"campfire_upgraded":7,"win_rate":0.0,"timestamp":1609634998,"path_taken":["M","?","?","M","?","E","R","COS","T","E","?","E","?","M","R","BOSS","M","M","M","M","M","E","$","E","T","R","E","?","?","M","R","BOSS","M","?","M","M","?","E","R","COS","T","E","R","M","E","M","R","BOSS","R","$","E","BOSS"],"items_purchased_type":["Relic","Relic","Relic","Relic"],"build_version":"2020-12-22","purchased_purges":1,"victory":false,"max_hp_per_floor":[88,88,88,88,88,88,88,88,88,88,88,88,88,88,88,88,88,88,88,88,88,88,88,88,88,88,88,88,91,94,94,94,94,94,94,97,97,97,100,100,100,100,100,100,100,100,100,100,100,100,100,100,100,100,100,100],"card_choices":[{"not_picked":["Twin Strike","Combust"],"picked":"Armaments","floor":1.0},{"not_picked":["Intimidate","Anger"],"picked":"Clash","floor":4.0},{"not_picked":["The Bomb+1","Secret Weapon+1"],"picked":"Apotheosis+1","floor":5.0},{"not_picked":["Sword Boomerang","Entrench"],"picked":"Searing Blow","floor":6.0},{"not_picked":["Shrug It Off","True Grit"],"picked":"Blood for Blood","floor":10.0},{"not_picked":["Shrug It Off","Brutality"],"picked":"Havoc","floor":11.0},{"not_picked":["Iron Wave","Shrug It Off"],"picked":"Bloodletting","floor":12.0},{"not_picked":["Clash","Sword Boomerang"],"picked":"Cleave","floor":14.0},{"not_picked":["Juggernaut","Exhume"],"picked":"Berserk","floor":16.0},{"not_picked":["Havoc","Wild Strike"],"picked":"Body Slam+1","floor":18.0},{"not_picked":["Warcry","Power Through"],"picked":"Dual Wield","floor":19.0},{"not_picked":["Twin Strike","Wild Strike"],"picked":"Rampage","floor":20.0},{"not_picked":["Flex+1","Clash"],"picked":"Spot Weakness","floor":21.0},{"not_picked":["Twin Strike","Carnage"],"picked":"Perfected Strike","floor":22.0},{"not_picked":["Anger","Body Slam"],"picked":"Ghostly Armor","floor":23.0},{"not_picked":["True Grit","Body Slam+1"],"picked":"Thunderclap","floor":25.0},{"not_picked":["Iron Wave+1","Clash"],"picked":"Inflame+1","floor":28.0},{"not_picked":["Perfected Strike+1","Exhume"],"picked":"Fire Breathing","floor":31.0},{"not_picked":["Double Tap","Exhume"],"picked":"Limit Break","floor":33.0},{"not_picked":["Body Slam+1","Twin Strike"],"picked":"Shrug It Off+1","floor":35.0},{"not_picked":["True Grit+1","Inflame"],"picked":"Shrug It Off+1","floor":37.0},{"not_picked":["Dark Embrace+1","Spot Weakness"],"picked":"Metallicize","floor":38.0},{"not_picked":["Anger+1","Armaments"],"picked":"Body Slam+1","floor":40.0},{"not_picked":["Combust","Second Wind"],"picked":"Perfected Strike","floor":44.0},{"not_picked":["Sever Soul+1","Rupture+1"],"picked":"Shrug It Off+1","floor":46.0},{"not_picked":["Spot Weakness","Headbutt"],"picked":"Entrench","floor":47.0},{"not_picked":["Havoc+1","Clash+1"],"picked":"Rage","floor":48.0},{"not_picked":["Sever Soul+1","Cleave"],"picked":"Rage+1","floor":54}],"player_experience":2006,"relics_obtained":[{"floor":6.0,"key":"CaptainsWheel"},{"floor":9.0,"key":"Dead Branch"},{"floor":10.0,"key":"halation:LettersToHer"},{"floor":12.0,"key":"Akabeko"},{"floor":23.0,"key":"Pen Nib"},{"floor":25.0,"key":"War Paint"},{"floor":26.0,"key":"halation:LettersToHer"},{"floor":28.0,"key":"Meat on the Bone"},{"floor":40.0,"key":"Mummified Hand"},{"floor":43.0,"key":"halation:LettersToHer"},{"floor":43.0,"key":"Lantern"},{"floor":44.0,"key":"Blood Vial"},{"floor":47.0,"key":"Mercury Hourglass"},{"floor":54,"key":"Orichalcum"}],"event_choices":[{"damage_healed":0.0,"max_hp_gain":0.0,"max_hp_loss":0.0,"gold_gain":0.0,"event_name":"betterMatch:BetterMatch","player_choice":"2","floor":5.0,"gold_loss":0.0,"damage_taken":0.0,"cards_obtained":["betterMatch:ColorlessRareCard"]},{"damage_healed":0.0,"max_hp_gain":0.0,"max_hp_loss":18.0,"gold_gain":2.0,"event_name":"betterStone:BetterStone","player_choice":"2","floor":30.0,"gold_loss":0.0,"damage_taken":0.0},{"damage_healed":0.0,"max_hp_gain":0.0,"max_hp_loss":0.0,"gold_gain":112.0,"event_name":"betterSkull:BetterSkull","player_choice":"GO RE ","floor":39.0,"gold_loss":0.0,"damage_taken":34.0,"cards_upgraded":[],"relics_obtained":["MawBank"]}],"is_beta":false,"boss_relics":[{"not_picked":["halation:LoveArrow","Calling Bell"],"picked":"Cursed Key"},{"not_picked":["energizedSpire:MagnifyingGlass","Philosopher\u0027s Stone"],"picked":"Mark of Pain"}],"items_purged_floors":[53],"is_endless":false,"potions_floor_spawned":[6,10,12,16,19,21,23,28,35,37,44,48],"killed_by":"The Heart","ascension_level":0}}