{"host":"5jzx1090woovszu4","time":1609642149,"event":{"mods":["BaseMod","Beaked The Cultist","Minty Spire (QoL Compilation)","Spicy Shops","StSLib","The Bug Knight"],"gold_per_floor":[114,129,144,159,174,174,189,189,189,219,234,264,264,39,39,139,139,154,154,154,169,169],"floor_reached":21,"playtime":790,"items_purged":[],"score":268,"play_id":"b6a8fabd-33b5-4af9-9398-20f82e04ca37","local_time":"20210103034909","daily_mods":["Cursed Run","Diverse","DeadlyEvents"],"is_ascension_mode":false,"campfire_choices":[{"data":"Conclude","floor":6.0,"key":"SMITH"},{"data":"Combust","floor":8.0,"key":"SMITH"},{"data":"Storm","floor":15.0,"key":"SMITH"}],"circlet_count":0,"master_deck":["Strike_B","Strike_B","Strike_B","Strike_B","Defend_B","Defend_B","Defend_B","Defend_B","Zap","Dualcast","Quick Slash","Dash","Combust+1","Madness","Conclude+1","Storm+1","Evaluate","Nirvana","Injury","Machine Learning","Shame"],"relics":["Cursed Key","Darkstone Periapt","Du-Vu Doll","Ice Cream","Bottled Flame","Mummified Hand","Strawberry","Lee\u0027s Waffle","Philosopher\u0027s Stone","Matryoshka"],"acts_visited":["Exordium","TheCity"],"potions_floor_usage":[],"damage_taken":[{"damage":1.0,"enemies":"Cultist","floor":1.0,"turns":3.0},{"damage":0.0,"enemies":"Small Slimes","floor":2.0,"turns":2.0},{"damage":0.0,"enemies":"Jaw Worm","floor":3.0,"turns":2.0},{"damage":9.0,"enemies":"Red Slaver","floor":4.0,"turns":2.0},{"damage":16.0,"enemies":"3 Louse","floor":5.0,"turns":2.0},{"damage":1.0,"enemies":"2 Fungi Beasts","floor":7.0,"turns":2.0},{"damage":17.0,"enemies":"Gremlin Nob","floor":10.0,"turns":3.0},{"damage":6.0,"enemies":"Looter","floor":11.0,"turns":3.0},{"damage":5.0,"enemies":"HollowMod:MossKnight","floor":12.0,"turns":6.0},{"damage":18.0,"enemies":"The Guardian","floor":16.0,"turns":9.0},{"damage":12.0,"enemies":"Shell Parasite","floor":18.0,"turns":4.0},{"damage":27.0,"enemies":"3 Byrds","floor":21.0,"turns":3.0}],"seed_played":"9091901603564859836","potions_obtained":[{"floor":4.0,"key":"EssenceOfSteel"},{"floor":7.0,"key":"Dexterity Potion"},{"floor":10.0,"key":"FearPotion"},{"floor":18.0,"key":"FearPotion"}],"is_trial":false,"path_per_floor":["M","M","M","M","M","R","M","R","T","E","M","E","?","$","R","B",null,"M","?","?","M"],"character_chosen":"DEFECT","items_purchased":["Strawberry","Lee\u0027s Waffle"],"campfire_rested":0,"item_purchase_floors":[14,14],"current_hp_per_floor":[74,74,74,65,49,49,48,48,54,37,31,26,26,95,95,83,101,89,95,95,68,68],"gold":169,"neow_bonus":"","is_daily":true,"chose_seed":false,"campfire_upgraded":3,"win_rate":0.0,"timestamp":1609642149,"path_taken":["M","M","?","?","M","R","M","R","T","?","M","E","?","$","R","BOSS","M","?","?","M"],"items_purchased_type":["Relic","Relic"],"build_version":"2020-12-22","purchased_purges":0,"victory":false,"max_hp_per_floor":[75,75,75,75,75,75,75,75,81,81,81,81,81,95,95,101,101,101,107,107,107,107],"card_choices":[{"not_picked":["Shade:CommandSoldier","LuminesStrike"],"picked":"Quick Slash","floor":1.0},{"not_picked":["Backflip","Shade:Trample"],"picked":"Dash","floor":2.0},{"not_picked":["True Grit","Second Wind"],"picked":"Combust","floor":3.0},{"not_picked":["LuminesStrike","6A"],"picked":"Shade:Premonition","floor":4.0},{"not_picked":["Reprogram","SporeBomb"],"picked":"Conclude","floor":5.0},{"not_picked":["HollowMod:SoulSplash","EmptyFist","PowerUp"],"picked":"SKIP","floor":7.0},{"not_picked":["HollowMod:PaleKingsBlessing","HollowMod:SoulStrike"],"picked":"Storm","floor":10.0},{"not_picked":["Dagger Throw","HollowMod:DoubleDash"],"picked":"Evaluate","floor":11.0},{"not_picked":["DarkSpark","Immolate"],"picked":"Nirvana","floor":12.0},{"not_picked":["Doppelganger","Tools of the Trade"],"picked":"Machine Learning","floor":16.0},{"not_picked":["hermit:Quickdraw","Wallop+1","hermit:ItchyTrigger"],"picked":"SKIP","floor":18.0}],"player_experience":619781,"relics_obtained":[{"floor":9.0,"key":"Ice Cream"},{"floor":10.0,"key":"Bottled Flame"},{"floor":12.0,"key":"Mummified Hand"}],"event_choices":[{"cards_removed":["Normality"],"damage_healed":0.0,"max_hp_gain":0.0,"max_hp_loss":0.0,"gold_gain":0.0,"event_name":"Wheel of Change","player_choice":"Card Removal","floor":13.0,"gold_loss":0.0,"damage_taken":0.0},{"damage_healed":0.0,"max_hp_gain":0.0,"max_hp_loss":0.0,"gold_gain":0.0,"event_name":"Addict","player_choice":"Stole Relic","floor":19.0,"gold_loss":0.0,"damage_taken":0.0,"relics_obtained":["Matryoshka"],"cards_obtained":["Shame"]},{"damage_healed":0.0,"max_hp_gain":0.0,"max_hp_loss":0.0,"gold_gain":0.0,"event_name":"Ghosts","player_choice":"Ignored","floor":20.0,"gold_loss":0.0,"damage_taken":0.0}],"is_beta":false,"boss_relics":[{"not_picked":["Calling Bell","Empty Cage"],"picked":"Philosopher\u0027s Stone"}],"items_purged_floors":[],"is_endless":false,"potions_floor_spawned":[4,7,10,11,18],"killed_by":"3 Byrds","ascension_level":0}}