{"host":"2ehbln4r1tfoeq56","time":1609632317,"event":{"mods":["Aspiration","BaseMod","Better Altar","Better Match","Better Note","Better Sensory Stone","Better Skull","Better Third Choice","Friendly Minions","GifTheSpireLib","Minty Spire (QoL Compilation)","Replay The Spire","Shade Mod","StSLib","The Marked"],"gold_per_floor":[110,123,123,123,133,159,159,189,189,189,203,273,273,289,289,389,489,508,522,447,458,473,504,504,504,556,573,588,617,617,397,487,582,582,596,596,596,615,476,504,504,537,583,500,500,511,511,511,511,511],"floor_reached":51,"playtime":4503,"items_purged":["theMarked:Strike"],"score":755,"play_id":"1d8283ee-cec3-4079-9443-a4383798426f","local_time":"20210102180517","is_ascension_mode":false,"campfire_choices":[{"floor":13,"key":"REST"},{"data":"theMarked:Improvise","floor":15,"key":"SMITH"},{"data":"theMarked:SoldierOfQuellstein","floor":25,"key":"SMITH"},{"floor":30,"key":"REST"},{"data":"Mayhem","floor":41,"key":"SMITH"},{"data":"theMarked:ComboAttacks","floor":45,"key":"SMITH"},{"data":"theMarked:BindingBlade","floor":49,"key":"SMITH"}],"circlet_count":0,"master_deck":["theMarked:Strike","theMarked:Defend","theMarked:Defend","theMarked:Defend","theMarked:Defend","theMarked:SoldierOfQuellstein+1","theMarked:Improvise+1","theMarked:Parry","theMarked:MysticalArsenal","theMarked:HeightenedSenses","theMarked:ResourceFulStrike","theMarked:ChannelForce","theMarked:RogueSparks","theMarked:Parry+1","theMarked:BanishingStrike","theMarked:Overthink+1","theMarked:ComboAttacks+1","theMarked:EmpowerWeapon","theMarked:MuscleMemory","theMarked:HeightenedSenses+1","theMarked:BindingBlade+1","Mayhem+1","Mayhem","theMarked:WastefulDefense+1"],"relics":["theMarked:ArtifactOfAir","aspiration:Nostalgia","Ring of the Snake","theMarked:DemonDagger","theMarked:KettuFlask","Replay:WaspNest","Blue Doll","TungstenRod","aspiration:FetidBarrel","Replay:Wanted Poster","MealTicket","Boot","Replay:Multitool","Bag of Preparation","SacredBark","ReplayTheSpireMod:Shallot","Ring of Hypnosis","ReplayTheSpireMod:CursedCoin","theMarked:SecretDocuments","Replay:Bottled Steam","Juzu Bracelet"],"acts_visited":["Exordium","TheCity","TheBeyond"],"potions_floor_usage":[6,16,29,33,40,42,50,50],"damage_taken":[{"damage":1,"enemies":"Cultist","floor":1,"turns":3},{"damage":2,"enemies":"Small Slimes","floor":2,"turns":3},{"damage":1,"enemies":"Jaw Worm","floor":5,"turns":4},{"damage":8,"enemies":"Replay:BlueRogue","floor":6,"turns":3},{"damage":42,"enemies":"Lagavulin","floor":8,"turns":8},{"damage":0,"enemies":"3 Louse","floor":11,"turns":3},{"damage":0,"enemies":"Large Slime","floor":14,"turns":4},{"damage":17,"enemies":"Fading Forest","floor":16,"turns":11},{"damage":15,"enemies":"Spheric Guardian","floor":18,"turns":5},{"damage":1,"enemies":"Shell Parasite","floor":19,"turns":5},{"damage":8,"enemies":"Snake Plant","floor":21,"turns":4},{"damage":0,"enemies":"Centurion and Healer","floor":22,"turns":5},{"damage":15,"enemies":"Slavers","floor":23,"turns":5},{"damage":5,"enemies":"3 Cultists","floor":27,"turns":5},{"damage":2,"enemies":"Snecko","floor":28,"turns":5},{"damage":12,"enemies":"Gremlin Leader","floor":29,"turns":5},{"damage":20,"enemies":"Champ","floor":33,"turns":7},{"damage":4,"enemies":"3 Shapes","floor":35,"turns":4},{"damage":15,"enemies":"3 Darklings","floor":38,"turns":5},{"damage":6,"enemies":"R_Hoarder","floor":40,"turns":5},{"damage":0,"enemies":"Giant Head","floor":42,"turns":5},{"damage":2,"enemies":"Sphere and 2 Shapes","floor":44,"turns":6},{"damage":0,"enemies":"Jaw Worm Horde","floor":46,"turns":4},{"damage":52,"enemies":"Time Eater","floor":50,"turns":9}],"seed_played":"6488806124268241177","potions_obtained":[{"floor":2,"key":"Explosive Potion"},{"floor":14,"key":"Flashbang"},{"floor":18,"key":"SteroidPotion"},{"floor":21,"key":"DuplicationPotion"},{"floor":28,"key":"PowerPotion"},{"floor":29,"key":"Regen Potion"},{"floor":35,"key":"Swift Potion"},{"floor":40,"key":"AttackPotion"},{"floor":46,"key":"SpeedPotion"}],"is_trial":false,"path_per_floor":["M","M","?","?","M","E","T","E","T","?","M","T","R","M","R","B",null,"M","M","?","M","M","E","?","R","T","M","M","E","R","$","R","B",null,"M","T","?","M","$","E","R","E","T","M","R","M","?","$","R","B",null],"character_chosen":"THE_DEFAULT","items_purchased":["Bag of Preparation","ReplayTheSpireMod:CursedCoin","theMarked:BindingBlade","Mayhem"],"campfire_rested":2,"item_purchase_floors":[31,39,39,39],"current_hp_per_floor":[69,67,60,60,59,51,51,9,9,3,3,3,24,24,24,7,70,55,54,54,46,46,31,31,31,31,26,24,12,33,48,48,43,70,66,66,66,51,66,60,60,60,60,58,58,58,58,70,70,18],"gold":511,"neow_bonus":"NOSTALGIA","is_daily":false,"chose_seed":false,"campfire_upgraded":5,"win_rate":0.0,"timestamp":1609632317,"path_taken":["M","M","?","?","M","E","?","E","T","?","M","?","R","M","R","BOSS","M","?","?","M","M","E","?","R","T","M","?","E","R","?","R","BOSS","M","?","?","M","?","E","R","E","T","M","R","M","?","$","R","BOSS"],"items_purchased_type":["Relic","Relic","Card","Card"],"build_version":"2020-12-22","purchased_purges":1,"victory":true,"max_hp_per_floor":[70,70,70,70,70,70,70,70,70,70,70,70,70,70,70,70,70,70,70,70,70,70,70,70,70,70,70,70,70,70,70,70,70,70,70,70,70,70,70,70,70,70,70,70,70,70,70,70,70,70],"card_choices":[{"not_picked":["theMarked:Overthink","theMarked:ParalyzingBlade"],"picked":"theMarked:Improvise","floor":1},{"not_picked":["theMarked:GodGivenPower","theMarked:Electrify"],"picked":"theMarked:Parry","floor":2},{"not_picked":["theMarked:Frustration","theMarked:Convert","theMarked:Static"],"picked":"SKIP","floor":5},{"not_picked":["theMarked:BanishingWave","theMarked:RepellingDischarge"],"picked":"theMarked:HeightenedSenses","floor":6},{"not_picked":["theMarked:MaelstromOfLightning","theMarked:UnarmedFury","theMarked:Frustration"],"picked":"SKIP","floor":8},{"not_picked":["theMarked:WastefulAttack","theMarked:HeightenedSenses"],"picked":"theMarked:ResourceFulStrike","floor":11},{"not_picked":["theMarked:Overcharge","theMarked:ElectricStrings","theMarked:ContemptForTheProud"],"picked":"SKIP","floor":14},{"not_picked":["theMarked:Abjuration","theMarked:TakeOffHeels"],"picked":"theMarked:ChannelForce","floor":16},{"not_picked":["theMarked:SwordAndMagic","theMarked:BanishingStrike+1"],"picked":"theMarked:RogueSparks","floor":18},{"not_picked":["theMarked:SwordAndMagic+1","theMarked:TwofoldDefense"],"picked":"theMarked:Parry+1","floor":19},{"not_picked":["theMarked:Convert","theMarked:ResourceFulStrike"],"picked":"theMarked:BanishingStrike","floor":21},{"not_picked":["theMarked:Polarize","theMarked:SwordAndMagic+1"],"picked":"theMarked:Overthink+1","floor":22},{"not_picked":["theMarked:Overcharge","theMarked:AttractMetal","theMarked:Parry"],"picked":"SKIP","floor":23},{"not_picked":["theMarked:TwofoldDefense","theMarked:Overthink"],"picked":"theMarked:ComboAttacks","floor":27},{"not_picked":["theMarked:MysticalArsenal","theMarked:Overthink"],"picked":"theMarked:EmpowerWeapon","floor":28},{"not_picked":["theMarked:Abjuration","theMarked:LightningStrikesTwice","theMarked:BanishingStrike"],"picked":"SKIP","floor":29},{"not_picked":["theMarked:TurnInvisible","theMarked:Abjuration"],"picked":"theMarked:MuscleMemory","floor":33},{"not_picked":["theMarked:ChainLightning","theMarked:ContemptForTheProud"],"picked":"theMarked:HeightenedSenses+1","floor":35},{"not_picked":["theMarked:Indomitable","theMarked:BanishingStrike+1","theMarked:ShockingTouch"],"picked":"SKIP","floor":38},{"not_picked":["theMarked:Indomitable","theMarked:TunnelVision+1","theMarked:Improvise+1"],"picked":"SKIP","floor":40},{"not_picked":["theMarked:TakeCover+1","theMarked:SwordAndMagic+1","theMarked:MuscleMemory"],"picked":"SKIP","floor":42},{"not_picked":["theMarked:EmpowerWeapon+1","theMarked:Frustration+1"],"picked":"theMarked:WastefulDefense+1","floor":44},{"not_picked":["theMarked:Aftermath+1","theMarked:WastefulDefense+1","theMarked:Improvise"],"picked":"SKIP","floor":46}],"player_experience":92507,"relics_obtained":[{"floor":6,"key":"theMarked:KettuFlask"},{"floor":7,"key":"Replay:WaspNest"},{"floor":8,"key":"Blue Doll"},{"floor":9,"key":"TungstenRod"},{"floor":12,"key":"aspiration:FetidBarrel"},{"floor":23,"key":"MealTicket"},{"floor":26,"key":"Boot"},{"floor":29,"key":"Replay:Multitool"},{"floor":36,"key":"ReplayTheSpireMod:Shallot"},{"floor":37,"key":"Ring of Hypnosis"},{"floor":40,"key":"theMarked:SecretDocuments"},{"floor":42,"key":"Replay:Bottled Steam"},{"floor":43,"key":"Juzu Bracelet"}],"event_choices":[{"damage_healed":0,"gold_gain":0,"player_choice":"Relic ","damage_taken":7,"max_hp_gain":0,"max_hp_loss":0,"event_name":"betterThird:BetterScrap","floor":3,"gold_loss":0,"cards_obtained":["Auto Shields"]},{"damage_healed":0,"gold_gain":0,"cards_transformed":["theMarked:Strike"],"player_choice":"Change","damage_taken":0,"max_hp_gain":0,"max_hp_loss":0,"event_name":"Living Wall","floor":4,"gold_loss":0,"cards_obtained":["theMarked:MysticalArsenal"]},{"cards_removed":["theMarked:Strike"],"damage_healed":0,"gold_gain":0,"player_choice":"Card Removal","damage_taken":7,"max_hp_gain":0,"max_hp_loss":0,"event_name":"Golden Wing","floor":10,"gold_loss":0},{"damage_healed":0,"gold_gain":0,"player_choice":"2","damage_taken":0,"max_hp_gain":0,"max_hp_loss":0,"event_name":"betterMatch:BetterMatch","floor":20,"gold_loss":0,"cards_obtained":["betterMatch:UncommonCard","betterMatch:ColorlessUncommonCard"]},{"cards_removed":["theMarked:Defend"],"damage_healed":0,"gold_gain":0,"player_choice":"Give","damage_taken":0,"max_hp_gain":0,"max_hp_loss":0,"event_name":"betterNote:BetterNote","floor":24,"gold_loss":0,"cards_obtained":["None"]},{"cards_removed":["theMarked:Strike"],"damage_healed":0,"gold_gain":0,"player_choice":"Removed Attack","damage_taken":0,"max_hp_gain":0,"max_hp_loss":0,"event_name":"Falling","floor":47,"gold_loss":0}],"is_beta":false,"boss_relics":[{"not_picked":["Empty Cage","aspiration:PoetsPen_weak"],"picked":"Replay:Wanted Poster"},{"not_picked":["aspiration:RunicSpoon","Calling Bell"],"picked":"SacredBark"}],"items_purged_floors":[31],"is_endless":false,"potions_floor_spawned":[2,14,18,21,28,29,35,40,46],"ascension_level":0}}