{"host":"k9ktbd3ums043v5c","time":1609666794,"event":{"mods":["BaseMod","GifTheSpireLib","Googly Eyes","KinomotoSakuraMod(木之本樱)","Lobotomy","LobotomyExtend","Luminous","Marisa（F雨　魔理沙）","Minty Spire (QoL Compilation)","SIMod","StSLib","SuperFastMode","The Gatherer","Yuyuko","【功能Mod】聪明的最终Boss"],"gold_per_floor":[120,66,76,103,103,103,117,128,128,128,128,146,146,162,162,267,317,317,317],"floor_reached":18,"playtime":671,"items_purged":[],"score":152,"play_id":"26343d32-a055-4745-9559-83b7c646ba28","local_time":"20210103173954","is_ascension_mode":false,"campfire_choices":[],"circlet_count":0,"master_deck":["SpecialBullet","SpecialBullet","SpecialBullet","SpecialBullet","SpecialBullet","SpecialBullet","SpecialBullet","SpecialBullet","InformationCode","TrainingCode","CentralCode","CrimsonScar","RedEyes+1","TodaysExpression+1","OSAHOGD","WristCuter","SpiderBud","PunishingBird","Wingbeat","NothingThere","Reverberation","SecurityCode","Twilight","DespairKnight","FourthMatchFlame"],"relics":["CogitoBucket","LetterFromLob","MealTicket","Gremlin Horn","LaetitiaHeart","BackwardClock","Tiny House"],"acts_visited":["Exordium","TheCity"],"potions_floor_usage":[],"damage_taken":[{"damage":0,"enemies":"Cultist","floor":1,"turns":3},{"damage":10,"enemies":"Small Slimes","floor":3,"turns":3},{"damage":11,"enemies":"Jaw Worm","floor":7,"turns":2},{"damage":1,"enemies":"2 Fungi Beasts","floor":8,"turns":3},{"damage":1,"enemies":"Lots of Slimes","floor":12,"turns":2},{"damage":9,"enemies":"Exordium Wildlife","floor":14,"turns":3},{"damage":84,"enemies":"The Guardian","floor":16,"turns":8},{"damage":92,"enemies":"3 Byrds","floor":18,"turns":8}],"seed_played":"5378431096264812507","potions_obtained":[{"floor":7,"key":"Energy Potion"},{"floor":8,"key":"ColorlessPotion"},{"floor":17,"key":"ColorlessPotion"}],"is_trial":false,"path_per_floor":["M","$","M","T","?","R","M","M","T","?","?","M","R","M","R","B",null,"M"],"character_chosen":"Angela","items_purchased":["RedEyes"],"campfire_rested":0,"item_purchase_floors":[2],"current_hp_per_floor":[77,77,67,67,67,67,56,55,55,55,77,76,76,67,67,9,82,0,0],"gold":317,"neow_bonus":"TEN_PERCENT_HP_BONUS","is_daily":false,"chose_seed":false,"campfire_upgraded":0,"win_rate":0.0,"timestamp":1609666794,"path_taken":["M","$","M","?","?","R","M","?","T","?","?","M","R","M","R","BOSS","M"],"items_purchased_type":["Card"],"build_version":"2020-12-22","purchased_purges":0,"victory":false,"max_hp_per_floor":[77,77,77,77,77,77,77,77,77,77,77,77,77,77,77,77,82,82,82],"card_choices":[{"not_picked":["Loneliness"],"picked":"CrimsonScar","floor":1},{"not_picked":["Loneliness"],"picked":"TodaysExpression","floor":3},{"not_picked":["Bloodbath","Wellcheers"],"picked":"OSAHOGD","floor":3},{"not_picked":["Penitence"],"picked":"WristCuter","floor":7},{"not_picked":["CherryBlossoms","OldLady"],"picked":"SpiderBud","floor":7},{"not_picked":["InTheNameOfLoveAndHate"],"picked":"SwordSharpenedByTears","floor":8},{"not_picked":["ShyLook","Wellcheers"],"picked":"PunishingBird","floor":8},{"not_picked":["Noise"],"picked":"Wingbeat","floor":12},{"not_picked":["WhitesApple","Scarecrow"],"picked":"NothingThere","floor":14},{"not_picked":["Wingbeat"],"picked":"Reverberation","floor":14},{"not_picked":["Justitia"],"picked":"Twilight","floor":16},{"not_picked":["LittleHelper","FairyFestival"],"picked":"DespairKnight","floor":16},{"not_picked":["Soda"],"picked":"FourthMatchFlame","floor":17}],"player_experience":68845,"relics_obtained":[{"floor":1,"key":"LetterFromLob"},{"floor":4,"key":"MealTicket"},{"floor":9,"key":"Gremlin Horn"}],"event_choices":[{"damage_healed":0,"gold_gain":0,"player_choice":"Grow","damage_taken":0,"max_hp_gain":0,"max_hp_loss":0,"event_name":"Living Wall","floor":5,"gold_loss":0,"cards_upgraded":["RedEyes"]},{"cards_removed":["SwordSharpenedByTears"],"damage_healed":22,"gold_gain":0,"player_choice":"Offered Uncommon","damage_taken":0,"max_hp_gain":0,"max_hp_loss":0,"event_name":"Bonfire Elementals","floor":11,"gold_loss":0}],"is_beta":false,"boss_relics":[{"not_picked":["Runic Pyramid","Coffee Dripper"],"picked":"Tiny House"}],"items_purged_floors":[],"is_endless":false,"potions_floor_spawned":[7,8],"killed_by":"3 Byrds","ascension_level":0}}