{"host":"0lnx88jdgcrh6gmr","time":1609710731,"event":{"mods":["2.2 Compatiblity","AchievementEnabler","BaseMod","Beaked The Cultist","Better Note","Better Skull","Better Third Choice","Block Reminder","Colored Map","Displayed Cursed Tome","Glutton Mod","Googly Eyes","Hermit","Highlight Path","Minty Spire (QoL Compilation)","Rare Cards Sparkle","Relic Stats","Shade Mod","Spicy Shops","StSLib","The Construct","The Cursed","The Disciple","The Mystic","The Servant 0.9.4","Unceasing Turn Reminder","everything is the same but u backflip on backflip","slay the spire mod where everything is the same but ironclad has a cowboy hat"],"gold_per_floor":[114,114,114,133,133,166,176,188,188,207,224,237,237,250,250,250,250],"floor_reached":16,"playtime":479,"items_purged":[],"score":131,"play_id":"f84b05b7-ef68-433c-8cbb-36e235881892","local_time":"20210103145211","is_ascension_mode":false,"campfire_choices":[{"floor":13,"key":"REST"},{"floor":15,"key":"REST"}],"circlet_count":0,"master_deck":["Strike_B","Strike_B","Strike_B","Strike_B","Defend_B","Defend_B","Defend_B","Defend_B","Zap","Dualcast","Rebound","Barrage","Go for the Eyes","Redo","Melter","Defragment","BootSequence","Seek"],"relics":["Cracked Core","NeowsBlessing","CultistMask","Dream Catcher"],"acts_visited":["Exordium"],"potions_floor_usage":[],"damage_taken":[{"damage":0,"enemies":"Jaw Worm","floor":1,"turns":1},{"damage":0,"enemies":"2 Louse","floor":4,"turns":1},{"damage":0,"enemies":"Lagavulin","floor":6,"turns":1},{"damage":0,"enemies":"Cultist","floor":7,"turns":3},{"damage":17,"enemies":"Lots of Slimes","floor":8,"turns":5},{"damage":19,"enemies":"Exordium Thugs","floor":10,"turns":5},{"damage":5,"enemies":"Looter","floor":11,"turns":3},{"damage":9,"enemies":"2 Fungi Beasts","floor":12,"turns":3},{"damage":7,"enemies":"Exordium Thugs","floor":14,"turns":4},{"damage":66,"enemies":"Slime Boss","floor":16,"turns":8}],"seed_played":"-2473601567422335927","potions_obtained":[{"floor":7,"key":"Explosive Potion"},{"floor":10,"key":"BlessingOfTheForge"},{"floor":11,"key":"Energy Potion"}],"is_trial":false,"path_per_floor":["M","?","?","M","?","E","M","M","T","M","M","M","R","M","R","B"],"character_chosen":"DEFECT","items_purchased":[],"campfire_rested":2,"item_purchase_floors":[],"current_hp_per_floor":[75,75,75,75,75,75,75,58,58,39,34,25,47,40,62,0,0],"gold":250,"neow_bonus":"THREE_ENEMY_KILL","is_daily":false,"chose_seed":false,"campfire_upgraded":0,"win_rate":0.0,"timestamp":1609710731,"path_taken":["M","?","?","?","?","E","?","M","T","M","?","M","R","M","R","BOSS"],"items_purchased_type":[],"build_version":"2020-12-22","purchased_purges":0,"victory":false,"max_hp_per_floor":[75,75,75,75,75,75,75,75,75,75,75,75,75,75,75,75,75],"relic_stats":{"Dream Catcher":2,"counters":[10,34],"obtain_stats":[{"Dream Catcher":6,"NeowsBlessing":0,"CultistMask":5,"Cracked Core":0},{"Dream Catcher":3,"NeowsBlessing":0,"CultistMask":2,"Cracked Core":0},{"Dream Catcher":3,"NeowsBlessing":0,"CultistMask":2,"Cracked Core":0}]},"card_choices":[{"not_picked":["Turbo","Reprogram"],"picked":"Rebound","floor":1},{"not_picked":["Consume","Rebound"],"picked":"Barrage","floor":4},{"not_picked":["Echo Form","Scrape"],"picked":"Go for the Eyes","floor":6},{"not_picked":["Compile Driver","Chaos"],"picked":"Redo","floor":7},{"not_picked":["Turbo","Cold Snap"],"picked":"Melter","floor":8},{"not_picked":["Compile Driver","Stack","Sweeping Beam"],"picked":"SKIP","floor":10},{"not_picked":["Lockon","Storm"],"picked":"Defragment","floor":11},{"not_picked":["Heatsinks","Sunder"],"picked":"BootSequence","floor":12},{"not_picked":["Undo","Sunder","Stack"],"picked":"SKIP","floor":14},{"not_picked":["Rebound","Rip and Tear"],"picked":"Seek","floor":15}],"player_experience":242607,"relics_obtained":[{"floor":6,"key":"Dream Catcher"}],"event_choices":[{"damage_healed":0,"gold_gain":0,"player_choice":"Ignored","damage_taken":114,"max_hp_gain":0,"max_hp_loss":0,"event_name":"betterThird:BetterSerpent","floor":2,"gold_loss":0},{"damage_healed":0,"gold_gain":0,"player_choice":"Ignored","damage_taken":0,"max_hp_gain":0,"max_hp_loss":0,"event_name":"Golden Wing","floor":3,"gold_loss":0},{"damage_healed":0,"gold_gain":0,"player_choice":"Trade","damage_taken":0,"relics_obtained":["CultistMask"],"max_hp_gain":0,"max_hp_loss":0,"event_name":"FaceTrader","floor":5,"gold_loss":0}],"is_beta":false,"boss_relics":[],"items_purged_floors":[],"is_endless":false,"potions_floor_spawned":[7,10,11],"killed_by":"Slime Boss","ascension_level":0}}