{"host":"k9ktbd3ums043v5c","time":1609688506,"event":{"mods":["BaseMod","Decade(王小明)","GifTheSpireLib","Googly Eyes","KinomotoSakuraMod(木之本樱)","Lobotomy","LobotomyExtend","Luminous","Marisa（F雨　魔理沙）","Minty Spire (QoL Compilation)","SIMod","StSLib","SuperFastMode","The Gatherer","Yuyuko","【功能Mod】聪明的最终Boss"],"gold_per_floor":[114,189,44,44,54,66,91,103,140,152,177,201,213,238,250,358,370,396,427,439,466,478,499,540,552,589,640,661,687,746,1072,1084,1209,1221,1251,586,621,621,638,638,673,673,727,16,44,64,73,348,357,357],"floor_reached":51,"playtime":2507,"items_purged":[],"score":1112,"play_id":"32a0a800-fc4e-4cb9-9a8d-26bed243165d","local_time":"20210103234146","daily_mods":["Hoarder","Shiny","Specialized","Vintage"],"is_ascension_mode":false,"campfire_choices":[],"circlet_count":0,"master_deck":["GoldRush","Twilight","ParadiseLost+2","SoundOfStar","TheSmile","Justitia","CENSORED_ego","Pinks","DaCapo","Adoration","Mimicry","ControlCode","ControlCode","ControlCode","InformationCode","InformationCode","InformationCode","SecurityCode","SecurityCode","Spore+1","Spore","Spore","Spore","Spore","Spore+1","Spore","Spore","Spore","Spore","Spore","Spore","Spore","Spore","WhiteNight","WhiteNight","WhiteNight","Justitia","Justitia","Justitia","Jack Of All Trades","Jack Of All Trades","Jack Of All Trades","Beak+1","Beak","Beak","Scorched","Scorched","Scorched","OldLady","OldLady","OldLady","QueenOfHatred","QueenOfHatred","CentralCode","CentralCode","Adrenaline","Adrenaline","Adrenaline","OSAHOGD","WelfareCode","WelfareCode","WelfareCode","LongBird","LongBird","DisciplinaryCode","DisciplinaryCode","DisciplinaryCode","LaLuna","LaLuna","LaLuna","GreedKing","GreedKing","GreedKing","RecordCode","RecordCode","RecordCode","Spot Weakness+1","Spot Weakness+1","Spot Weakness+1","Mercenary","Mercenary","Mercenary","SpiderBud","SpiderBud","GoldRush","GoldRush","GoldRush","PunishingBird","PunishingBird","PunishingBird","TrainingCode","TrainingCode","TrainingCode","TT2Protocol","TT2Protocol","TT2Protocol","ExtractionCode","ExtractionCode","ExtractionCode"],"relics":["CogitoBucket","Darkstone Periapt","LetterFromLob","PrismaticShard","MawBank","Blood Vial","War Paint","Bottled Tornado","Happy Flower","Potion Belt","BackwardClock","Black Star","Ornamental Fan","Matryoshka","CeramicFish","Centennial Puzzle","TreeSap","Bronze Scales","Anchor","Pen Nib","PreservedInsect","Bottled Flame","Strawberry","Boot","Old Coin","Philosopher\u0027s Stone","AtMidnight","Akabeko","ResearcherNote","Whetstone","Bottled Lightning","Cauldron","Gremlin Horn","Blue Candle","Bag of Preparation","Ancient Tea Set","Orichalcum","Omamori","CaptainsWheel","Molten Egg 2","Lee\u0027s Waffle","Meat on the Bone","Regal Pillow","Letter Opener"],"acts_visited":["Exordium","TheCity","TheBeyond"],"potions_floor_usage":[50],"damage_taken":[{"damage":0.0,"enemies":"2 Louse","floor":1.0,"turns":1.0},{"damage":10,"enemies":"Cultist","floor":5,"turns":4},{"damage":4,"enemies":"Small Slimes","floor":7,"turns":3},{"damage":6,"enemies":"Exordium Thugs","floor":11,"turns":3},{"damage":10,"enemies":"Looter","floor":12,"turns":2},{"damage":30,"enemies":"Gremlin Gang","floor":14,"turns":3},{"damage":11,"enemies":"Slime Boss","floor":16,"turns":3},{"damage":22,"enemies":"Shell Parasite","floor":18,"turns":3},{"damage":0,"enemies":"2 Thieves","floor":19,"turns":2},{"damage":12,"enemies":"Centurion and Healer","floor":21,"turns":4},{"damage":0,"enemies":"Sentry and Sphere","floor":24,"turns":3},{"damage":27,"enemies":"Gremlin Leader","floor":27,"turns":5},{"damage":21,"enemies":"3 Cultists","floor":29,"turns":4},{"damage":13,"enemies":"Slavers","floor":30,"turns":3},{"damage":4,"enemies":"Shelled Parasite and Fungi","floor":31,"turns":3},{"damage":45,"enemies":"Automaton","floor":33,"turns":5},{"damage":18,"enemies":"3 Shapes","floor":35,"turns":8},{"damage":0,"enemies":"Orb Walker","floor":37,"turns":2},{"damage":0,"enemies":"Jaw Worm Horde","floor":39,"turns":1},{"damage":0,"enemies":"Reptomancer","floor":41,"turns":1},{"damage":42,"enemies":"Nemesis","floor":45,"turns":3},{"damage":2,"enemies":"Transient","floor":46,"turns":4},{"damage":0,"enemies":"Time Eater","floor":50,"turns":3},{"damage":45,"enemies":"Malkuth","floor":51,"turns":5},{"damage":52,"enemies":"Hod","floor":51,"turns":3}],"seed_played":"7284442174913008751","potions_obtained":[{"floor":16,"key":"Swift Potion"},{"floor":33,"key":"DistilledChaos"},{"floor":36,"key":"FearPotion"},{"floor":36,"key":"SteroidPotion"},{"floor":36,"key":"Block Potion"},{"floor":36,"key":"Dexterity Potion"},{"floor":36,"key":"SkillPotion"}],"is_trial":true,"path_per_floor":["M","?","$","?","M","R","M","R","T","R","M","M","?","M","R","B",null,"M","M","$","M","?","R","M","R","T","E","R","M","E","M","R","B",null,"M","$","M","?","M","R","E","R","T","$","E","M","R","?","R","B",null],"character_chosen":"Angela","items_purchased":["PrismaticShard","GoldRush","Whetstone","Bottled Lightning","Cauldron","CaptainsWheel","Molten Egg 2","Lee\u0027s Waffle"],"campfire_rested":0,"item_purchase_floors":[3,36,36,36,36,44,44,44],"current_hp_per_floor":[70,59,59,59,69,69,69,69,69,69,67,70,70,70,70,70,70,70,70,70,70,70,70,70,70,70,74,74,75,78,89,89,88,88,93,93,93,93,97,97,97,97,97,97,68,104,104,104,104,104],"gold":357,"neow_bonus":"","is_daily":false,"chose_seed":false,"campfire_upgraded":0,"win_rate":0.0,"timestamp":1609688506,"path_taken":["M","?","$","?","M","R","M","R","T","R","M","?","?","?","R","BOSS","M","M","$","M","?","R","M","R","T","E","R","?","E","M","R","BOSS","M","$","M","?","M","R","E","R","T","$","E","M","R","?","R","BOSS"],"items_purchased_type":["Relic","Card","Relic","Relic","Relic","Relic","Relic","Relic"],"build_version":"2020-12-22","purchased_purges":0,"victory":true,"max_hp_per_floor":[70,70,70,70,70,70,70,70,70,70,70,70,70,70,70,70,70,70,70,70,70,70,70,74,74,74,78,78,78,89,89,89,93,93,93,93,97,97,97,97,97,97,97,104,104,104,104,104,104,104],"card_choices":[{"not_picked":["OSAHOGD","ShyLook"],"picked":"WhiteNight","floor":1.0},{"not_picked":["CrumblingArmor","Yin"],"picked":"Scorched","floor":7},{"not_picked":["ShyLook","SnowQueen"],"picked":"OldLady","floor":11},{"not_picked":["CherryBlossoms","Wellcheers"],"picked":"QueenOfHatred","floor":12},{"not_picked":["Ticket to Heaven"],"picked":"Adrenaline","floor":16},{"not_picked":["WhitesApple","UniverseFragment"],"picked":"OSAHOGD","floor":18},{"not_picked":["Wellcheers","PunishingBird"],"picked":"LongBird","floor":19},{"not_picked":["BlackSwan","Yin"],"picked":"LaLuna","floor":24},{"not_picked":["CrumblingArmor","LittlePrince"],"picked":"GreedKing","floor":27},{"not_picked":["PartyTime","Celebrities"],"picked":"SKIP","floor":27},{"not_picked":["SoundOfStar"],"picked":"Spot Weakness+1","floor":30},{"not_picked":["DespairKnight","BlackSwan"],"picked":"Mercenary","floor":30},{"not_picked":["Yin","HappyTeddy"],"picked":"SpiderBud","floor":33},{"not_picked":["Freischutz","CrumblingArmor"],"picked":"PunishingBird","floor":37},{"not_picked":["NonDirectionalLaser+1","MagicAbsorber+1"],"picked":"SKIP","floor":41},{"not_picked":["Sadistic Nature","Fire Breathing+1"],"picked":"SKIP","floor":45}],"player_experience":80014,"relics_obtained":[{"floor":1.0,"key":"Darkstone Periapt"},{"floor":1.0,"key":"LetterFromLob"},{"floor":5,"key":"MawBank"},{"floor":7,"key":"Blood Vial"},{"floor":9,"key":"War Paint"},{"floor":11,"key":"Bottled Tornado"},{"floor":12,"key":"Happy Flower"},{"floor":14,"key":"Potion Belt"},{"floor":18,"key":"Ornamental Fan"},{"floor":19,"key":"Matryoshka"},{"floor":21,"key":"CeramicFish"},{"floor":24,"key":"Centennial Puzzle"},{"floor":26,"key":"Bronze Scales"},{"floor":26,"key":"Anchor"},{"floor":27,"key":"Pen Nib"},{"floor":27,"key":"PreservedInsect"},{"floor":29,"key":"Bottled Flame"},{"floor":30,"key":"Strawberry"},{"floor":30,"key":"Boot"},{"floor":31,"key":"Old Coin"},{"floor":35,"key":"AtMidnight"},{"floor":35,"key":"Akabeko"},{"floor":37,"key":"Gremlin Horn"},{"floor":39,"key":"Blue Candle"},{"floor":41,"key":"Bag of Preparation"},{"floor":41,"key":"Ancient Tea Set"},{"floor":43,"key":"Orichalcum"},{"floor":43,"key":"Omamori"},{"floor":45,"key":"Meat on the Bone"},{"floor":45,"key":"Regal Pillow"},{"floor":46,"key":"Letter Opener"}],"event_choices":[{"damage_healed":0.0,"max_hp_gain":0.0,"max_hp_loss":0.0,"gold_gain":75.0,"event_name":"World of Goop","player_choice":"Gather Gold","floor":2.0,"gold_loss":0.0,"damage_taken":11.0},{"damage_healed":0,"gold_gain":0,"player_choice":"3 cards matched","damage_taken":0,"max_hp_gain":0,"max_hp_loss":0,"event_name":"Match and Keep!","floor":4,"gold_loss":0,"cards_obtained":["Justitia","Jack Of All Trades","Beak"]},{"damage_healed":0,"gold_gain":0,"player_choice":"Ignored","damage_taken":0,"max_hp_gain":0,"max_hp_loss":0,"event_name":"NoteForYourself","floor":13,"gold_loss":0},{"cards_removed":["CentralCode"],"damage_healed":0,"gold_gain":0,"player_choice":"Purged","damage_taken":0,"max_hp_gain":0,"max_hp_loss":0,"event_name":"Purifier","floor":22,"gold_loss":0},{"damage_healed":0,"gold_gain":275,"player_choice":"Desecrate","damage_taken":0,"max_hp_gain":0,"max_hp_loss":0,"event_name":"Golden Shrine","floor":48,"gold_loss":0,"cards_obtained":["Regret"]}],"is_beta":false,"boss_relics":[{"not_picked":["Calling Bell","Cursed Key"],"picked":"Black Star"},{"not_picked":["Runic Dome","Sozu"],"picked":"Philosopher\u0027s Stone"}],"items_purged_floors":[],"is_endless":false,"potions_floor_spawned":[16,33],"ascension_level":0}}