{"host":"9tzam4717zt8ei1o","time":1609660237,"event":{"mods":["BaseMod","Colored Map","Keyboard Shortcuts","Minty Spire (QoL Compilation)","Quick Restart","StSLib","SuperFastMode"],"gold_per_floor":[115,265,265,79,154,154,154,164,191,191,220,71,71,71],"floor_reached":13,"playtime":92,"items_purged":["Doubt"],"score":208,"play_id":"bc7adaff-1735-491b-84db-6f183082a241","local_time":"20210103165037","is_ascension_mode":true,"campfire_choices":[{"data":"Dagger Spray","floor":6,"key":"SMITH"}],"circlet_count":0,"master_deck":["AscendersBane","Strike_G","Strike_G","Strike_G","Strike_G","Defend_G","Defend_G","Defend_G+1","Defend_G","Defend_G","Survivor","Neutralize","Poisoned Stab+1","Backflip","Dagger Spray+1","Deflect","Grand Finale"],"relics":["Ring of the Snake","NeowsBlessing","CaptainsWheel","Nunchaku","Frozen Egg 2"],"acts_visited":["Exordium"],"potions_floor_usage":[],"damage_taken":[{"damage":0,"enemies":"Jaw Worm","floor":1,"turns":1},{"damage":0,"enemies":"Small Slimes","floor":8,"turns":1},{"damage":0,"enemies":"3 Sentries","floor":11,"turns":1},{"damage":25,"enemies":"Gremlin Nob","floor":13,"turns":4}],"seed_played":"-8632548566391897441","potions_obtained":[],"is_trial":false,"path_per_floor":["M","?","?","$","?","R","?","M","T","?","E","$","E"],"character_chosen":"THE_SILENT","items_purchased":["Backflip","Dagger Spray","Grand Finale"],"campfire_rested":0,"item_purchase_floors":[4,4,12],"current_hp_per_floor":[59,59,54,54,43,43,43,43,43,23,23,23,0,0],"gold":71,"neow_bonus":"THREE_ENEMY_KILL","is_daily":false,"chose_seed":false,"campfire_upgraded":1,"win_rate":0.0,"timestamp":1609660237,"path_taken":["M","?","?","$","?","R","?","M","T","?","E","?","E"],"items_purchased_type":["Card","Card","Card"],"build_version":"2020-12-22","purchased_purges":1,"victory":false,"max_hp_per_floor":[66,66,66,66,66,66,66,66,66,66,66,66,66,66],"card_choices":[{"not_picked":["Sucker Punch","Prepared"],"picked":"Poisoned Stab","floor":1},{"not_picked":["All Out Attack","PiercingWail","Skewer"],"picked":"SKIP","floor":8},{"not_picked":["Deflect","Sucker Punch","Quick Slash"],"picked":"SKIP","floor":11},{"not_picked":["Sucker Punch","Quick Slash"],"picked":"Deflect","floor":11}],"player_experience":149195,"relics_obtained":[{"floor":9,"key":"Nunchaku"},{"floor":11,"key":"Frozen Egg 2"}],"event_choices":[{"damage_healed":0,"gold_gain":150,"player_choice":"AGREE","damage_taken":0,"max_hp_gain":0,"max_hp_loss":0,"event_name":"Liars Game","floor":2,"gold_loss":0,"cards_obtained":["Doubt"]},{"damage_healed":0,"gold_gain":0,"player_choice":"Success","damage_taken":5,"relics_obtained":["CaptainsWheel"],"max_hp_gain":0,"max_hp_loss":0,"event_name":"Scrap Ooze","floor":3,"gold_loss":0},{"damage_healed":0,"gold_gain":75,"player_choice":"Gather Gold","damage_taken":11,"max_hp_gain":0,"max_hp_loss":0,"event_name":"World of Goop","floor":5,"gold_loss":0},{"cards_removed":["Strike_G"],"damage_healed":0,"gold_gain":0,"player_choice":"Forget","damage_taken":0,"max_hp_gain":0,"max_hp_loss":0,"event_name":"Living Wall","floor":7,"gold_loss":0},{"damage_healed":0,"gold_gain":0,"player_choice":"Entered Light","damage_taken":20,"max_hp_gain":0,"max_hp_loss":0,"event_name":"Shining Light","floor":10,"gold_loss":0,"cards_upgraded":["Poisoned Stab","Defend_G"]}],"is_beta":false,"boss_relics":[],"items_purged_floors":[4],"is_endless":false,"potions_floor_spawned":[],"killed_by":"Gremlin Nob","ascension_level":20}}