{"host":"w5vfr18i2ft1pzo2","time":1609681791,"event":{"mods":["Act Like it!","Aspiration","BaseMod","Better Third Choice","BetterRewards","Colored Map","Colored Powertips","Conspire","Curses Come First","DNKmod","Defuse TimeMaze Blight","Dota2Spire","Energized Spire","Evolution","Force Act Four","Friendly Minions","Gensokyo","GifTheSpireLib","Gold Saver","Halation","Hubris","Hyrulean Relics","Infinite Spire","Jedi Mod","Marisa????????","Minty Spire (QoL Compilation)","MostiFishMod","Prisma Mod","Remilia??????","Replay The Spire","SacredBarkPlus","Small Relic Pack","Spicy Shops","Spikes Relics","StSLib","Stuff the Spire","Synergy Search","The Blue Laboratory","The Servant 0.9.4","Trackpad","Treasure Hunter","Uncapped","Wandering Minibosses","Yakumo Yukari mod","noobMod","vexMod","??????REMEMod"],"gold_per_floor":[146,146,146,71,151,183,193,193,193,204,204,204,223,233,233,328,328,507,553,553,553,553,614,614,634,634,667,577,577,593,625,625,625,625,852,852,943,943,1022,1104,1104,1233,1233,1233,1233,1233,1326,1439,1439,1594,1594,1631,1631,1631,1381,1532,1574],"floor_reached":58,"playtime":3888,"items_purged":["PrismaMod:IllyaCommonDefend","PrismaMod:IllyaCommonDefend","PrismaMod:IllyaCommonDefend","PrismaMod:IllyaCommonAttack","PrismaMod:IllyaCommonAttack","PrismaMod:IllyaCommonAttack","PrismaMod:IllyaUncommonAttack","PrismaMod:IllyaCommonAttack+1","PrismaMod:IllyaBerserCAR"],"score":1926,"play_id":"51b180b6-767e-450c-a8c0-8de18f11fcda","local_time":"20210103214951","is_ascension_mode":false,"campfire_choices":[{"floor":8.0,"key":"RECALL"},{"data":"PrismaMod:IllyaSaphire","floor":15.0,"key":"SMITH"},{"data":"PrismaMod:IllyaGrail","floor":34.0,"key":"SMITH"},{"data":"infinitespire:Collect","floor":44.0,"key":"SMITH"},{"data":"hubris:Fate","floor":49.0,"key":"SMITH"},{"data":"PrismaMod:IllyaBride","floor":51.0,"key":"SMITH"},{"data":"PrismaMod:IllyaGrailKun","floor":54.0,"key":"SMITH"}],"circlet_count":0,"master_deck":["PrismaMod:IllyaUncommonDefend","Poison Darts","PrismaMod:IllyaUberChannel","TH:CursedSword","TH:TreasureMap","PrismaMod:IllyaCommandSeal","PrismaMod:IllyaSaphire+1","TH:TreasureMap","PrismaMod:IllyaCommonEvoke","PrismaMod:IllyaGrailKun+1","PrismaMod:IllyaSaphire+1","TH:DeckOfManyThings","PrismaMod:IllyaCarnivalPrismaAstolfo","PrismaMod:IllyaUncommonEvoke+1","PrismaMod:IllyaBride+1","infinitespire:Collect+1","hubris:Fate+1","PrismaMod:IllyaMinorRapidFire","PrismaMod:IllyaPoisonTippedWeapons","PrismaMod:IllyaSaphire","TH:DeckOfManyThings+1","PrismaMod:IllyaUpgradeOrbs","PrismaMod:IllyaGrail+1","TH:DeckOfManyThings+1","TH:CursedSword+1","PrismaMod:IllyaCarnivalPrismaAstolfo+1","PrismaMod:IllyaPoisoningPhantasm+1","TH:CursedSword+1","PrismaMod:IllyaPoisonTippedWeapons","TH:DeckOfManyThings+1","PrismaMod:IllyaInstallArcher","PrismaMod:IllyaGrailKun+1","jedi:forcepull","PrismaMod:IllyaInstallMoonCancer","PrismaMod:IllyaPoisonTippedWeapons","TH:DeckOfManyThings+1","TH:DeckOfManyThings+1","Parasite","Armaments+1","TH:CursedSword+1","Wish+1","TH:CursedSword+1","PrismaMod:ChloeAnyCommonTrace+1","Secret Weapon+1","PrismaMod:IllyaBride","infinitespire:Collect+1","TH:BikiniMail+1","FIFO Queue+1"],"relics":["PrismaMod:PrismaRuby","EVO:Axolotl","DaveBox","ice","REME_ComplimentaryCards","NeowsBlessing","Nloth\u0027s Gift","SynthV:TestCard","hubris:Icosahedron","jedi:gremlinknob","vexMod:InvisibilityCloak","halation:PinkSoulGem","DiscerningMonocle","Dota2Spire:MagicBottle","BrkXgEgg","aspiration:Lifesprig","aspiration:FrozenJewel","Thread and Needle","Molten Egg 2","relicPack:AllForOne","hubris:MedicalManual","Blood Vial","aspiration:FetidBarrel","aspiration:Nostalgia","Uniform","halation:WeightlessCrab","BlackRope","Replay:Lucky Slots","wanderingMiniBosses:LockLocket","infinitespire:CheckeredPen","infinitespire:EvilPickle","Replay:Rubber Ducky","infinitespire:Midas Blood","halation:KoshaPiece","TH:HealthInsurance","hubris:SlimyHat","conspire:Dentures","MealTicket","Replay:Mystery Machine","halation:Sosunser","PrismaticShard","Dream Catcher","jedi:fakemustache","ReplayTheSpireMod:Shallot","Dota2Spire:PowerTreads","hubris:GlazedTorus","halation:Toothbrush","vexMod:BarristanHead","StoneCalendar","DollysMirror","Bottled Lightning","aspiration:VileToxins"],"acts_visited":["Exordium","TheCity","TheBeyond","TheEnding"],"potions_floor_usage":[57,57,57],"damage_taken":[{"damage":0.0,"enemies":"2 Louse","floor":1.0,"turns":1.0},{"damage":0.0,"enemies":"Gremlin Nob","floor":6.0,"turns":1.0},{"damage":0.0,"enemies":"Small Slimes","floor":7.0,"turns":2.0},{"damage":0.0,"enemies":"Jaw Worm","floor":10.0,"turns":3.0},{"damage":0.0,"enemies":"3 Louse","floor":13.0,"turns":2.0},{"damage":1.0,"enemies":"Looter","floor":14.0,"turns":3.0},{"damage":2.0,"enemies":"Hexaghost","floor":16.0,"turns":3.0},{"damage":9.0,"enemies":"Shell Parasite","floor":18.0,"turns":5.0},{"damage":8.0,"enemies":"3 Byrds","floor":19.0,"turns":4.0},{"damage":0.0,"enemies":"Replay:Snechameleon","floor":23.0,"turns":3.0},{"damage":0.0,"enemies":"3 Cultists","floor":25.0,"turns":3.0},{"damage":13.0,"enemies":"Gremlin Leader","floor":27.0,"turns":5.0},{"damage":1.0,"enemies":"Centurion and Healer","floor":30.0,"turns":4.0},{"damage":0.0,"enemies":"Slavers","floor":31.0,"turns":4.0},{"damage":0.0,"enemies":"Pondfish","floor":35.0,"turns":6.0},{"damage":6.0,"enemies":"3 Darklings","floor":37.0,"turns":3.0},{"damage":0.0,"enemies":"3 Shapes","floor":39.0,"turns":3.0},{"damage":0.0,"enemies":"Maw","floor":40.0,"turns":5.0},{"damage":0.0,"enemies":"Nemesis","floor":42.0,"turns":5.0},{"damage":0.0,"enemies":"Writhing Mass","floor":47.0,"turns":4.0},{"damage":5.0,"enemies":"Reptomancer","floor":48.0,"turns":3.0},{"damage":0.0,"enemies":"R_Hoarder","floor":50.0,"turns":5.0},{"damage":3.0,"enemies":"infinitespire:MassOfShapes","floor":52.0,"turns":8.0},{"damage":0.0,"enemies":"Shield and Spear","floor":56.0,"turns":6.0},{"damage":63,"enemies":"The Heart","floor":57,"turns":6}],"seed_played":"3518347802459306887","potions_obtained":[{"floor":7.0,"key":"LifebloodPotion"},{"floor":10.0,"key":"DuplicationPotion"},{"floor":16.0,"key":"AttackPotion"},{"floor":19.0,"key":"blueLaboratory:RecallPotion"},{"floor":23.0,"key":"blueLaboratory:FruitPunch"},{"floor":30.0,"key":"blueLaboratory:ArtificerPotion"},{"floor":37.0,"key":"blueLaboratory:BottledHope"},{"floor":47.0,"key":"blueLaboratory:FruitPreserves"}],"is_trial":false,"path_per_floor":["M","?","?","$","T","E","M","R","T","M","?","?","M","M","R","B",null,"M","M","AVR","?","$","E","?","M","T","E","?","$","M","E","R_BF","PTL","R","B",null,"M","$","M","M","?","E","$","R","T","$","M","E","R","E","R","B",null,"R","$","E","B",null],"character_chosen":"ILLYA","items_purchased":["PrismaMod:IllyaPoisonTippedWeapons","PrismaMod:IllyaSaphire","Dota2Spire:MagicBottle","BrkXgEgg","aspiration:Lifesprig","aspiration:FrozenJewel","Thread and Needle","blueLaboratory:FrostheartPotion","Swift Potion","blueLaboratory:Moonshine","blueLaboratory:HorrorPotion","aspiration:FetidBarrel","aspiration:Nostalgia","halation:WeightlessCrab","BlackRope","Replay:Lucky Slots","blueLaboratory:BottledHope","SteroidPotion","blueLaboratory:BottledHope","blueLaboratory:BottledHope","jedi:forcepull","Replay:Rubber Ducky","infinitespire:Midas Blood","halation:KoshaPiece","TH:HealthInsurance","conspire:Dentures","MealTicket","Replay:Mystery Machine","halation:Sosunser","PrismaticShard","jedi:fakemustache","ReplayTheSpireMod:Shallot","halation:Toothbrush","vexMod:BarristanHead","StoneCalendar","FairyPotion","Explosive Potion","BlessingOfTheForge","PowerPotion","Secret Weapon+1","PrismaMod:IllyaBride","DollysMirror","Bottled Lightning"],"campfire_rested":0,"item_purchase_floors":[22,22,22,22,22,22,22,22,22,22,22,29,29,29,29,29,29,29,29,29,38,38,38,38,38,43,43,43,43,43,46,46,55,55,55,55,55,55,55,55,55,55,55],"current_hp_per_floor":[75,68,68,68,68,68,71,71,71,76,76,76,76,77,77,77,77,70,67,67,67,67,70,70,72,72,61,61,61,67,74,74,74,74,79,83,77,77,82,86,86,86,86,86,86,86,86,81,81,86,86,86,86,86,86,86,54],"gold":1574,"neow_bonus":"THREE_ENEMY_KILL","is_daily":false,"chose_seed":false,"campfire_upgraded":6,"win_rate":0.0,"timestamp":1609681791,"path_taken":["M","?","?","?","?","E","M","R","T","?","?","?","M","M","R","BOSS","M","M","AVR","?","?","E","?","M","T","E","?","$","?","E","R_BF","PTL","R","BOSS","M","?","M","?","?","E","?","R","T","$","M","E","R","E","R","BOSS","R","$","E","BOSS"],"items_purchased_type":["Card","Card","Relic","Relic","Relic","Relic","Relic","Potion","Potion","Potion","Potion","Relic","Relic","Relic","Relic","Relic","Potion","Potion","Potion","Potion","Card","Relic","Relic","Relic","Relic","Relic","Relic","Relic","Relic","Relic","Relic","Relic","Relic","Relic","Relic","Potion","Potion","Potion","Potion","Card","Card","Relic","Relic"],"build_version":"2020-12-22","purchased_purges":9,"victory":true,"max_hp_per_floor":[75,75,75,75,75,75,75,75,75,77,77,77,77,77,77,77,77,77,79,79,79,79,79,79,81,81,83,83,83,83,83,83,83,83,83,83,83,83,83,86,86,86,86,86,86,86,86,86,86,86,86,86,86,86,86,86,89],"card_choices":[{"not_picked":["PrismaMod:IllyaDualEvoke","PrismaMod:IllyaFriendMaker"],"picked":"PrismaMod:IllyaUberChannel","floor":1.0},{"not_picked":["TH:CopperCoins","TH:TreasureMap","TH:Mimic"],"picked":"TH:CursedSword","floor":5.0},{"not_picked":["TH:EnergyPotion","TH:CopperCoins","TH:Mimic"],"picked":"TH:TreasureMap","floor":6.0},{"not_picked":["PrismaMod:IllyaHassanGift","PrismaMod:IllyaPoisonBlock","PrismaMod:IllyaUberAttackChannel","PrismaMod:IllyaUpgradeOrbs"],"picked":"PrismaMod:IllyaCommandSeal","floor":6.0},{"not_picked":["PrismaMod:IllyaPoisonBomb","PrismaMod:IllyaRussianRoulette","PrismaMod:IllyaDetonatingBlow","PrismaMod:IllyaReinForce"],"picked":"PrismaMod:IllyaSaphire","floor":7.0},{"not_picked":["TH:EnergyPotion","TH:ArmorSpikes","TH:Mimic"],"picked":"TH:TreasureMap","floor":9.0},{"not_picked":["PrismaMod:IllyaCheapChannelDefend","PrismaMod:IllyaInstallAvenger","PrismaMod:IllyaCheapChannelAttack","PrismaMod:IllyaGun"],"picked":"PrismaMod:IllyaCommonEvoke","floor":10.0},{"not_picked":["PrismaMod:IllyaPoisonTippedWeapons","PrismaMod:IllyaCheapChannelPoison","PrismaMod:IllyaFeed","PrismaMod:IllyaUncommonAOEAttack"],"picked":"PrismaMod:IllyaGrailKun","floor":13.0},{"not_picked":["PrismaMod:IllyaBlindPoisonToss","PrismaMod:IllyaCheapChannelDefend","PrismaMod:IllyaPoisonBomb","PrismaMod:IllyaPoisonTippedWeapons"],"picked":"PrismaMod:IllyaSaphire","floor":14.0},{"not_picked":["TH:CopperCoins","TH:TreasureMap","TH:PixieDust"],"picked":"TH:DeckOfManyThings","floor":16.0},{"not_picked":["PrismaMod:IllyaCarnivalDefend","PrismaMod:IllyaInstallCaster","PrismaMod:IllyaInstallLancer","PrismaMod:IllyaInstallForeigner"],"picked":"PrismaMod:IllyaCarnivalPrismaAstolfo","floor":16.0},{"not_picked":["PrismaMod:IllyaPoisoningPhantasm","PrismaMod:IllyaCheapDefend","PrismaMod:IllyaCommonEvoke+1","PrismaMod:IllyaAOECommonAttack"],"picked":"PrismaMod:IllyaUncommonEvoke+1","floor":18.0},{"not_picked":["PrismaMod:IllyaFeed+1","PrismaMod:IllyaStunPoison","PrismaMod:IllyaRussianRoulette","PrismaMod:IllyaTestament+1"],"picked":"PrismaMod:IllyaBride","floor":19.0},{"not_picked":["TH:EnergyPotion","TH:CopperCoins","TH:Mimic"],"picked":"TH:DeckOfManyThings","floor":23.0},{"not_picked":["PrismaMod:IllyaHassanGift","PrismaMod:IllyaInstallRider","PrismaMod:IllyaBerserCAR+1","PrismaMod:IllyaUncommonAttack+1"],"picked":"PrismaMod:IllyaUpgradeOrbs","floor":23.0},{"not_picked":["PrismaMod:IllyaUncommonAOEAttack+1","PrismaMod:IllyaMinorReinForce+1","PrismaMod:IllyaPoisonBlock+1","PrismaMod:IllyaPoisonBomb+1"],"picked":"PrismaMod:IllyaGrail","floor":25.0},{"not_picked":["TH:CursedSword","TH:ElvenBoots","TH:EnergyPotion"],"picked":"TH:DeckOfManyThings","floor":26.0},{"not_picked":["TH:TreasureMap","TH:ArmorSpikes","TH:Mimic"],"picked":"TH:CursedSword","floor":27.0},{"not_picked":["PrismaMod:IllyaReinForce","PrismaMod:IllyaPartialInstallAssassin","PrismaMod:IllyaGrail","PrismaMod:IllyaFeed+1"],"picked":"PrismaMod:IllyaCarnivalPrismaAstolfo+1","floor":27.0},{"not_picked":["PrismaMod:IllyaCheapChannelPoison","PrismaMod:IllyaUncommonDefend","PrismaMod:IllyaRubysPotion","PrismaMod:IllyaUncommonAttack+1"],"picked":"PrismaMod:IllyaPoisoningPhantasm+1","floor":30.0},{"not_picked":["TH:CopperCoins","TH:BikiniMail","TH:PixieDust"],"picked":"TH:CursedSword","floor":31.0},{"not_picked":["PrismaMod:IllyaPoisonBomb+1","PrismaMod:IllyaMinorZwei","PrismaMod:IllyaBoysLove+1","PrismaMod:IllyaInstallRider"],"picked":"PrismaMod:IllyaPoisonTippedWeapons","floor":31.0},{"not_picked":["TH:CursedSword","TH:Mimic","TH:PixieDust"],"picked":"TH:DeckOfManyThings","floor":35.0},{"not_picked":["PrismaMod:IllyaInstallLancer","PrismaMod:IllyaInstallAvenger","PrismaMod:IllyaCarnivalAttack+1","PrismaMod:IllyaInstallBerserker"],"picked":"PrismaMod:IllyaInstallArcher","floor":35.0},{"not_picked":["PrismaMod:IllyaGun+1","PrismaMod:IllyaStunPoison+1","PrismaMod:IllyaMinorZwei+1","PrismaMod:IllyaRussianRoulette+1"],"picked":"PrismaMod:IllyaGrailKun+1","floor":37.0},{"not_picked":["PrismaMod:IllyaRussianRoulette+1","PrismaMod:IllyaCarnivalAttack+1","PrismaMod:IllyaGrailKun","PrismaMod:IllyaGun+1"],"picked":"PrismaMod:IllyaInstallMoonCancer","floor":39.0},{"not_picked":["PrismaMod:IllyaCommonEvoke+1","PrismaMod:IllyaPoisoningPhantasm+1","PrismaMod:IllyaCommandSeal","PrismaMod:IllyaUncommonDefend"],"picked":"PrismaMod:IllyaPoisonTippedWeapons","floor":40.0},{"not_picked":["TH:PixieDust","TH:CursedSword","TH:TreasureMap"],"picked":"TH:DeckOfManyThings","floor":42.0},{"not_picked":["PrismaMod:IllyaUberPoisonChannel+1","PrismaMod:IllyaUpgradeOrbs+1","PrismaMod:IllyaPoisoningPhantasm+1","PrismaMod:IllyaInstallCaster","PrismaMod:IllyaUncommonDefend+1"],"picked":"SKIP","floor":42.0},{"not_picked":["TH:CursedSword","TH:ArmorSpikes","TH:TreasureMap"],"picked":"TH:DeckOfManyThings","floor":45.0},{"not_picked":["Turbo","Rebound+1","Heavy Blade+1","PrismaMod:MiyuCommonAOEAttack+1"],"picked":"Armaments+1","floor":47.0},{"not_picked":["TH:ElvenBoots","TH:ArmorSpikes","TH:CopperCoins"],"picked":"TH:CursedSword","floor":48.0},{"not_picked":["PrismaMod:IllyaAOECommonAttack+1","Replay:AtTheReady","Malaise+1","Shrug It Off+1"],"picked":"Wish+1","floor":48.0},{"not_picked":["TH:CopperCoins","TH:ArmorSpikes","TH:Mimic"],"picked":"TH:CursedSword","floor":50.0},{"not_picked":["DarkSpark+1","PrismaMod:MiyuCheapChannelWeak+1","ReplayTheSpireMod:Scrap Shanks","TransientEternity+1"],"picked":"PrismaMod:ChloeAnyCommonTrace+1","floor":50.0},{"not_picked":["TH:Mimic","TH:PixieDust","TH:TreasureMap"],"picked":"TH:BikiniMail","floor":56.0},{"not_picked":["OneTimeOff+1","PanicButton","StuffTheSpire:BumpUp+1","hubris:ReadiedAction+1"],"picked":"FIFO Queue+1","floor":56.0}],"player_experience":193314,"relics_obtained":[{"floor":1.0,"key":"SynthV:TestCard"},{"floor":6.0,"key":"jedi:gremlinknob"},{"floor":9.0,"key":"vexMod:InvisibilityCloak"},{"floor":23.0,"key":"Molten Egg 2"},{"floor":26.0,"key":"hubris:MedicalManual"},{"floor":27.0,"key":"Blood Vial"},{"floor":30.0,"key":"wanderingMiniBosses:LockLocket"},{"floor":31.0,"key":"infinitespire:CheckeredPen"},{"floor":42.0,"key":"hubris:SlimyHat"},{"floor":45.0,"key":"Dream Catcher"},{"floor":48.0,"key":"Dota2Spire:PowerTreads"},{"floor":50.0,"key":"hubris:GlazedTorus"},{"floor":56.0,"key":"aspiration:VileToxins"}],"event_choices":[{"cards_removed":["PrismaMod:IllyaCommonDefend"],"damage_healed":0.0,"max_hp_gain":0.0,"max_hp_loss":0.0,"gold_gain":0.0,"event_name":"Golden Wing","player_choice":"Card Removal","floor":2.0,"gold_loss":0.0,"damage_taken":7.0},{"damage_healed":0.0,"max_hp_gain":0.0,"max_hp_loss":0.0,"gold_gain":0.0,"event_name":"Upgrade Shrine","player_choice":"Upgraded","floor":12.0,"gold_loss":0.0,"damage_taken":0.0,"cards_upgraded":["PrismaMod:IllyaSaphire"]},{"cards_removed":["PrismaMod:IllyaCommonDefend"],"damage_healed":0.0,"max_hp_gain":0.0,"max_hp_loss":0.0,"gold_gain":0.0,"event_name":"Designer","player_choice":"Upgrade and Remove","floor":28.0,"gold_loss":90.0,"damage_taken":0.0,"cards_upgraded":["PrismaMod:IllyaCommonAttack"]},{"damage_healed":0.0,"max_hp_gain":0.0,"max_hp_loss":0.0,"gold_gain":0.0,"event_name":"conspire:Investor","player_choice":"Leave","floor":41.0,"gold_loss":0.0,"damage_taken":0.0}],"is_beta":false,"boss_relics":[{"not_picked":["energizedSpire:OgreHead","Fusion Hammer","Busted Crown"]},{"not_picked":["jedi:paperlyon","Cursed Key","CosmicIsotope"]}],"items_purged_floors":[4,20,22,29,38,43,46,55,55],"is_endless":false,"potions_floor_spawned":[7,10,13,16,19,23,30,37,47],"ascension_level":0}}