{"host":"sav7uxregyirlf69","time":1609676453,"event":{"mods":["AchievementEnabler","BaseMod","Colored Map","DeckTracker","Keyboard Shortcuts","Minty Spire (QoL Compilation)","READ ME - Guardian Mod","StSLib","SuperFastMode"],"gold_per_floor":[109,109,109,124,124,158,181,191,191,218,218,60,72,83,83,162,162,180,180,200,218,218,218],"floor_reached":22,"playtime":626,"items_purged":["Strike_G"],"score":442,"play_id":"129775f2-8487-4a97-8b12-99f4ff498d0c","local_time":"20210103212053","is_ascension_mode":true,"campfire_choices":[{"data":"Phantasmal Killer","floor":15,"key":"SMITH"}],"circlet_count":0,"master_deck":["AscendersBane","Strike_G","Strike_G","Defend_G","Defend_G","Defend_G","Defend_G","Defend_G","Survivor","Neutralize","Dagger Spray","Blade Dance","Escape Plan","Calculated Gamble","Phantasmal Killer+1","Glass Knife+1","Accuracy","Blur","After Image"],"relics":["Ring of the Snake","NeowsBlessing","Molten Egg 2","Vajra","Odd Mushroom","Pear","PreservedInsect","Black Star","Art of War"],"acts_visited":["Exordium","TheCity"],"potions_floor_usage":[10,21,22,22],"damage_taken":[{"damage":0,"enemies":"Cultist","floor":1,"turns":1},{"damage":0,"enemies":"Small Slimes","floor":4,"turns":1},{"damage":0,"enemies":"3 Sentries","floor":6,"turns":1},{"damage":8,"enemies":"The Mushroom Lair","floor":7,"turns":3},{"damage":1,"enemies":"Jaw Worm","floor":8,"turns":2},{"damage":11,"enemies":"Gremlin Nob","floor":10,"turns":3},{"damage":0,"enemies":"Looter","floor":13,"turns":1},{"damage":0,"enemies":"2 Fungi Beasts","floor":14,"turns":2},{"damage":23,"enemies":"Hexaghost","floor":16,"turns":8},{"damage":16,"enemies":"Spheric Guardian","floor":18,"turns":4},{"damage":36,"enemies":"Shell Parasite","floor":20,"turns":6},{"damage":0,"enemies":"Centurion and Healer","floor":21,"turns":4},{"damage":12,"enemies":"Masked Bandits","floor":22,"turns":2}],"seed_played":"3005869735688189791","potions_obtained":[{"floor":4,"key":"CultistPotion"},{"floor":6,"key":"FearPotion"},{"floor":10,"key":"SmokeBomb"},{"floor":13,"key":"BlessingOfTheForge"},{"floor":21,"key":"Energy Potion"}],"is_trial":false,"path_per_floor":["M","?","?","M","?","E","?","M","T","E","?","$","M","M","R","B",null,"M","?","M","M","?"],"character_chosen":"THE_SILENT","items_purchased":["Accuracy"],"campfire_rested":0,"item_purchase_floors":[12],"current_hp_per_floor":[59,64,64,64,38,38,30,29,39,28,28,28,28,28,28,5,62,46,46,10,10,0,0],"gold":218,"neow_bonus":"THREE_ENEMY_KILL","is_daily":false,"chose_seed":false,"campfire_upgraded":1,"win_rate":0.0,"timestamp":1609676453,"path_taken":["M","?","?","?","?","E","?","M","T","E","?","$","M","M","R","BOSS","M","?","?","M","?"],"items_purchased_type":["Card"],"build_version":"2020-12-22","purchased_purges":1,"victory":false,"max_hp_per_floor":[66,71,71,71,71,71,71,71,81,81,81,81,81,81,81,81,81,81,81,81,81,81,81],"card_choices":[{"not_picked":["Slice","Prepared"],"picked":"Dagger Spray","floor":1},{"not_picked":["Riddle With Holes","Concentrate"],"picked":"Blade Dance","floor":4},{"not_picked":["Backflip","Leg Sweep"],"picked":"Escape Plan","floor":6},{"not_picked":["Flying Knee+1","Sucker Punch+1"],"picked":"Poisoned Stab+1","floor":7},{"not_picked":["Acrobatics","Deflect"],"picked":"Calculated Gamble","floor":8},{"not_picked":["Predator+1","Bane+1"],"picked":"Phantasmal Killer","floor":10},{"not_picked":["Flying Knee+1","Poisoned Stab+1","Finisher+1"],"picked":"SKIP","floor":13},{"not_picked":["Deflect","Sucker Punch+1"],"picked":"Blur","floor":14},{"not_picked":["Phantasmal Killer","Venomology"],"picked":"After Image","floor":16},{"not_picked":["Catalyst","Blur","Bane+1"],"picked":"SKIP","floor":18},{"not_picked":["Dagger Spray+1","Sucker Punch+1","Dodge and Roll"],"picked":"SKIP","floor":20},{"not_picked":["Eviscerate+1","Prepared","Bane+1"],"picked":"SKIP","floor":21}],"player_experience":1123153,"relics_obtained":[{"floor":6,"key":"Vajra"},{"floor":7,"key":"Odd Mushroom"},{"floor":9,"key":"Pear"},{"floor":10,"key":"PreservedInsect"}],"event_choices":[{"damage_healed":0,"gold_gain":0,"player_choice":"Donut","damage_taken":0,"max_hp_gain":5,"max_hp_loss":0,"event_name":"Big Fish","floor":2,"gold_loss":0},{"cards_removed":["Strike_G"],"damage_healed":0,"gold_gain":0,"player_choice":"Purged","damage_taken":0,"max_hp_gain":0,"max_hp_loss":0,"event_name":"Purifier","floor":3,"gold_loss":0},{"damage_healed":0,"gold_gain":0,"player_choice":"Success","damage_taken":26,"relics_obtained":["Molten Egg 2"],"max_hp_gain":0,"max_hp_loss":0,"event_name":"Scrap Ooze","floor":5,"gold_loss":0},{"damage_healed":0,"gold_gain":0,"player_choice":"Fought Mushrooms","damage_taken":0,"max_hp_gain":0,"max_hp_loss":0,"event_name":"Mushrooms","floor":7,"gold_loss":0},{"damage_healed":0,"gold_gain":0,"cards_transformed":["Strike_G"],"player_choice":"Transformed","damage_taken":0,"max_hp_gain":0,"max_hp_loss":0,"event_name":"Transmorgrifier","floor":11,"gold_loss":0,"cards_obtained":["Glass Knife"]},{"cards_removed":["Poisoned Stab"],"damage_healed":0,"gold_gain":0,"player_choice":"Gave Card","damage_taken":0,"relics_obtained":["Art of War"],"max_hp_gain":0,"max_hp_loss":0,"event_name":"WeMeetAgain","floor":19,"gold_loss":0},{"damage_healed":0,"gold_gain":0,"player_choice":"Fought Bandits","damage_taken":0,"max_hp_gain":0,"max_hp_loss":0,"event_name":"Masked Bandits","floor":22,"gold_loss":0}],"is_beta":false,"boss_relics":[{"not_picked":["Tiny House","Fusion Hammer"],"picked":"Black Star"}],"items_purged_floors":[12],"is_endless":false,"potions_floor_spawned":[4,6,8,10,13,21],"killed_by":"Masked Bandits","ascension_level":20}}