{"host":"hgkb2zpbo2dcws21","time":1609674488,"event":{"mods":["AchievementEnabler","BaseMod","Colored Map","Colored Powertips","Custom Start","DeckTracker","KOR Keyword Fix","Minty Spire (QoL Compilation)","Relic Stats","StSLib","SuperFastMode"],"gold_per_floor":[14,14,14,26,39,74,74,74,74,103,115,127,139,167,179,191,191],"floor_reached":16,"playtime":235,"items_purged":[],"score":200,"play_id":"66ad9dcd-e536-43a0-96b7-a230b32c6383","local_time":"20210103204808","is_ascension_mode":true,"campfire_choices":[{"data":"Barricade","floor":7,"key":"SMITH"},{"data":"Shrug It Off","floor":11,"key":"SMITH"},{"floor":13,"key":"REST"},{"data":"Flame Barrier","floor":15,"key":"SMITH"}],"circlet_count":0,"master_deck":["AscendersBane","Strike_R","Strike_R","Strike_R","Defend_R","Defend_R","Defend_R","Bash","Wild Strike","Flame Barrier+1","Barricade+1","Shrug It Off+1","Feel No Pain"],"relics":["Burning Blood","Ornamental Fan","MawBank","Molten Egg 2"],"acts_visited":["Exordium"],"potions_floor_usage":[6],"damage_taken":[{"damage":6,"enemies":"Cultist","floor":1,"turns":3},{"damage":10,"enemies":"Small Slimes","floor":4,"turns":4},{"damage":6,"enemies":"2 Louse","floor":5,"turns":3},{"damage":48,"enemies":"3 Sentries","floor":6,"turns":14},{"damage":8,"enemies":"Red Slaver","floor":10,"turns":6},{"damage":29,"enemies":"Gremlin Gang","floor":14,"turns":6},{"damage":0,"enemies":"The Guardian","floor":16,"turns":2}],"seed_played":"-7317648082784051133","potions_obtained":[{"floor":4,"key":"DuplicationPotion"},{"floor":10,"key":"Block Potion"},{"floor":14,"key":"ElixirPotion"}],"is_trial":false,"path_per_floor":["M","$","?","M","M","E","R","?","T","M","R","?","R","M","R","B"],"character_chosen":"IRONCLAD","items_purchased":[],"campfire_rested":1,"item_purchase_floors":[],"current_hp_per_floor":[68,68,68,64,64,22,22,47,47,45,45,19,41,18,18,18,18],"gold":191,"neow_bonus":"REMOVE_TWO","is_daily":false,"chose_seed":true,"campfire_upgraded":3,"win_rate":0.0,"timestamp":1609674488,"path_taken":["M","$","?","?","M","E","R","?","T","M","R","?","R","M","R","BOSS"],"items_purchased_type":[],"build_version":"2020-12-22","purchased_purges":0,"victory":false,"max_hp_per_floor":[75,75,75,75,75,75,75,75,75,75,75,75,75,75,75,75,75],"relic_stats":{"counters":[7,38],"Ornamental Fan":[4],"MawBank":84,"obtain_stats":[{"Ornamental Fan":6,"Molten Egg 2":12,"MawBank":9,"Burning Blood":0},{"Ornamental Fan":4,"Molten Egg 2":5,"MawBank":4,"Burning Blood":0},{"Ornamental Fan":24,"Molten Egg 2":30,"MawBank":24,"Burning Blood":0}],"Burning Blood":36},"card_choices":[{"not_picked":["Havoc","Sword Boomerang","Perfected Strike"],"picked":"SKIP","floor":1},{"not_picked":["Sword Boomerang","Headbutt"],"picked":"Wild Strike","floor":4},{"not_picked":["Rupture","Inflame"],"picked":"Flame Barrier","floor":5},{"not_picked":["Second Wind","Pommel Strike"],"picked":"Barricade","floor":6},{"not_picked":["Perfected Strike","Wild Strike"],"picked":"Shrug It Off","floor":10},{"not_picked":["Warcry","Sentinel"],"picked":"Feel No Pain","floor":14}],"player_experience":1129560,"relics_obtained":[{"floor":6,"key":"Ornamental Fan"},{"floor":9,"key":"MawBank"}],"event_choices":[{"cards_removed":["Strike_R"],"damage_healed":0,"gold_gain":0,"player_choice":"Purged","damage_taken":0,"max_hp_gain":0,"max_hp_loss":0,"event_name":"Purifier","floor":3,"gold_loss":0},{"damage_healed":25,"gold_gain":0,"player_choice":"Banana","damage_taken":0,"max_hp_gain":0,"max_hp_loss":0,"event_name":"Big Fish","floor":8,"gold_loss":0},{"damage_healed":0,"gold_gain":0,"player_choice":"Success","damage_taken":26,"relics_obtained":["Molten Egg 2"],"max_hp_gain":0,"max_hp_loss":0,"event_name":"Scrap Ooze","floor":12,"gold_loss":0}],"is_beta":false,"boss_relics":[],"items_purged_floors":[],"is_endless":false,"potions_floor_spawned":[4,10,14],"killed_by":"The Guardian","ascension_level":20}}