{"host":"p7j7o00jacnw7qzt","time":1609649545,"event":{"mods":["BaseMod","Colored Map","Colored Powertips","DeckTracker","Highlight Path","Minty Spire (QoL Compilation)","Relic Stats"],"gold_per_floor":[110,110,130,141,141,141,170,170,170,170,188,188,217,236,236,313,313,331,331,21,21,21,53,53,53,53],"floor_reached":25,"playtime":938,"items_purged":["Strike_R"],"score":454,"play_id":"bf6f2eb3-f82a-480f-bfb4-6b35aa5b6f17","local_time":"20210102235225","is_ascension_mode":true,"campfire_choices":[{"data":"Spot Weakness","floor":6.0,"key":"SMITH"},{"data":"Limit Break","floor":8.0,"key":"SMITH"},{"data":"True Grit","floor":10.0,"key":"SMITH"},{"floor":12.0,"key":"RECALL"},{"data":"Sword Boomerang","floor":15.0,"key":"SMITH"},{"data":"Feed","floor":24,"key":"SMITH"}],"circlet_count":0,"master_deck":["AscendersBane","Strike_R","Strike_R","Defend_R","Defend_R","Defend_R","Defend_R","Bash","Limit Break+1","True Grit+1","Spot Weakness+1","Sword Boomerang+1","Reaper","CurseOfTheBell","Reaper","Burning Pact","Feed+1"],"relics":["Bag of Marbles","HornCleat","Potion Belt","Calling Bell","Lantern","Ornamental Fan","CaptainsWheel","TheAbacus","Meat on the Bone","Nloth\u0027s Gift","Happy Flower"],"acts_visited":["Exordium","TheCity"],"potions_floor_usage":[23],"damage_taken":[{"damage":4.0,"enemies":"Jaw Worm","floor":1.0,"turns":5.0},{"damage":7.0,"enemies":"2 Louse","floor":3.0,"turns":5.0},{"damage":2.0,"enemies":"Cultist","floor":4.0,"turns":4.0},{"damage":36.0,"enemies":"3 Sentries","floor":7.0,"turns":8.0},{"damage":11.0,"enemies":"Exordium Thugs","floor":11.0,"turns":5.0},{"damage":21.0,"enemies":"Lagavulin","floor":13.0,"turns":5.0},{"damage":0.0,"enemies":"Looter","floor":14.0,"turns":5.0},{"damage":27.0,"enemies":"The Guardian","floor":16.0,"turns":8.0},{"damage":6.0,"enemies":"2 Thieves","floor":18.0,"turns":3.0},{"damage":111,"enemies":"Gremlin Leader","floor":23,"turns":7},{"damage":66,"enemies":"Book of Stabbing","floor":25,"turns":5}],"seed_played":"1531215269579254459","potions_obtained":[{"floor":3.0,"key":"GamblersBrew"},{"floor":4.0,"key":"DuplicationPotion"},{"floor":13.0,"key":"Regen Potion"},{"floor":16.0,"key":"Strength Potion"},{"floor":23,"key":"Explosive Potion"}],"is_trial":false,"path_per_floor":["M","?","M","M","?","R","E","R","T","R","M","R","E","M","R","B",null,"M","?","$","T","?","E","R","E"],"character_chosen":"IRONCLAD","items_purchased":["Burning Pact","TheAbacus"],"campfire_rested":0,"item_purchase_floors":[20,20],"current_hp_per_floor":[68,61,60,64,64,64,34,34,34,34,29,29,14,20,20,13,54,66,66,66,66,66,33,33,0,0],"gold":53,"neow_bonus":"THREE_RARE_CARDS","is_daily":false,"chose_seed":false,"campfire_upgraded":5,"win_rate":0.0,"timestamp":1609649545,"path_taken":["M","?","M","M","?","R","E","R","T","R","M","R","E","M","R","BOSS","M","?","$","?","?","E","R","E"],"items_purchased_type":["Card","Relic"],"build_version":"2020-12-22","purchased_purges":1,"victory":false,"max_hp_per_floor":[68,68,68,68,68,68,68,68,68,68,68,68,68,68,68,68,68,68,68,68,68,68,68,68,68,68],"relic_stats":{"TheAbacus":[18],"Happy Flower":[1],"counters":[11,60],"Ornamental Fan":[0],"Nloth\u0027s Gift":1,"obtain_stats":[{"Potion Belt":13,"Calling Bell":17,"Lantern":17,"CaptainsWheel":17,"HornCleat":9,"TheAbacus":20,"Happy Flower":23,"Ornamental Fan":17,"Bag of Marbles":7,"Nloth\u0027s Gift":22,"Burning Blood":0,"Meat on the Bone":21},{"Potion Belt":6,"Calling Bell":8,"Lantern":8,"CaptainsWheel":8,"HornCleat":4,"TheAbacus":9,"Happy Flower":10,"Ornamental Fan":8,"Bag of Marbles":4,"Nloth\u0027s Gift":9,"Burning Blood":0,"Meat on the Bone":9},{"Potion Belt":32,"Calling Bell":45,"Lantern":45,"CaptainsWheel":45,"HornCleat":22,"TheAbacus":48,"Happy Flower":55,"Ornamental Fan":45,"Bag of Marbles":22,"Nloth\u0027s Gift":48,"Burning Blood":0,"Meat on the Bone":48}],"Meat on the Bone":12},"card_choices":[{"not_picked":["Double Tap","Fiend Fire"],"picked":"Limit Break","floor":0.0},{"not_picked":["Wild Strike","Headbutt"],"picked":"True Grit","floor":1.0},{"not_picked":["Wild Strike","Pommel Strike","Iron Wave"],"picked":"SKIP","floor":3.0},{"not_picked":["Sentinel","Anger"],"picked":"Spot Weakness","floor":4.0},{"not_picked":["True Grit","Feel No Pain","Havoc"],"picked":"SKIP","floor":7.0},{"not_picked":["True Grit","Feel No Pain","Havoc"],"picked":"SKIP","floor":7.0},{"not_picked":["Rage","Pummel","Cleave"],"picked":"SKIP","floor":11.0},{"not_picked":["Rage","Pummel","Cleave"],"picked":"SKIP","floor":11.0},{"not_picked":["Iron Wave","Body Slam","Cleave"],"picked":"SKIP","floor":13.0},{"not_picked":["Perfected Strike","Armaments"],"picked":"Sword Boomerang","floor":14.0},{"not_picked":["Immolate","Berserk"],"picked":"Reaper","floor":16.0},{"not_picked":["Armaments+1","Body Slam","Twin Strike"],"picked":"SKIP","floor":18.0},{"not_picked":["Pummel","Impervious"],"picked":"Feed","floor":23}],"player_experience":950595,"relics_obtained":[{"floor":7.0,"key":"Bag of Marbles"},{"floor":9.0,"key":"HornCleat"},{"floor":13.0,"key":"Potion Belt"},{"floor":17.0,"key":"Lantern"},{"floor":17.0,"key":"Ornamental Fan"},{"floor":17.0,"key":"CaptainsWheel"},{"floor":21.0,"key":"Meat on the Bone"},{"floor":23,"key":"Happy Flower"}],"event_choices":[{"cards_removed":["Strike_R"],"damage_healed":0.0,"max_hp_gain":0.0,"max_hp_loss":0.0,"gold_gain":0.0,"event_name":"Golden Wing","player_choice":"Card Removal","floor":2.0,"gold_loss":0.0,"damage_taken":7.0},{"cards_removed":["Strike_R"],"damage_healed":0.0,"max_hp_gain":0.0,"max_hp_loss":0.0,"gold_gain":0.0,"event_name":"Purifier","player_choice":"Purged","floor":5.0,"gold_loss":0.0,"damage_taken":0.0},{"damage_healed":0.0,"max_hp_gain":0.0,"max_hp_loss":0.0,"gold_gain":0.0,"event_name":"Duplicator","player_choice":"Copied","floor":19.0,"gold_loss":0.0,"damage_taken":0.0,"cards_obtained":["Reaper"]},{"damage_healed":0.0,"max_hp_gain":0.0,"max_hp_loss":0.0,"gold_gain":0.0,"event_name":"N\u0027loth","player_choice":"Traded Relic","floor":22.0,"relics_lost":["Burning Blood"],"gold_loss":0.0,"damage_taken":0.0,"relics_obtained":["Nloth\u0027s Gift"]}],"is_beta":false,"boss_relics":[{"not_picked":["Velvet Choker","Fusion Hammer"],"picked":"Calling Bell"}],"items_purged_floors":[20],"is_endless":false,"potions_floor_spawned":[3,4,13,16,23],"killed_by":"Book of Stabbing","ascension_level":20}}