{"host":"w5vfr18i2ft1pzo2","time":1609685655,"event":{"mods":["Act Like it!","Aspiration","BaseMod","Better Third Choice","BetterRewards","Colored Map","Colored Powertips","Conspire","Curses Come First","DNKmod","Defuse TimeMaze Blight","Dota2Spire","Energized Spire","Evolution","Force Act Four","Friendly Minions","Gensokyo","GifTheSpireLib","Gold Saver","Halation","Hubris","Hyrulean Relics","Infinite Spire","Jedi Mod","Marisa????????","Minty Spire (QoL Compilation)","MostiFishMod","Prisma Mod","Remilia??????","Replay The Spire","SacredBarkPlus","Small Relic Pack","Spicy Shops","Spikes Relics","StSLib","Stuff the Spire","Synergy Search","The Blue Laboratory","The Servant 0.9.4","Trackpad","Treasure Hunter","Uncapped","Wandering Minibosses","Yakumo Yukari mod","noobMod","vexMod","??????REMEMod"],"gold_per_floor":[2046,2058,2058,1241,1265,1265,1314,1314,1350,1350,1370,1396,1396,1418,1418,1538,1538,1563,1584,988,1007,1026,1026,1077,1102,1111,1158,1186,1211,1240,1298,1307,1423,1423,1444,1460,1475,1502,1564,1609,1662,1687,1696,1781,1792,1868,1543,1569,1569,1599,1599,1599,1599,1681,1681],"floor_reached":56,"playtime":2296,"items_purged":["Pain","PrismaMod:MiyuCommonDefend","PrismaMod:MiyuCommonDefend","PrismaMod:MiyuEvokeBuffDex","PrismaMod:MiyuCheapChannelRandom+1","PrismaMod:MiyuCommonDefend"],"score":1659,"play_id":"e865b244-158b-4aa6-9046-829870893d49","local_time":"20210103225415","is_ascension_mode":false,"campfire_choices":[{"floor":6.0,"key":"RECALL"},{"data":"Poison Darts","floor":8.0,"key":"SMITH"},{"data":"PrismaMod:MiyuCheapChannelDefend","floor":10.0,"key":"SMITH"},{"data":"PrismaMod:MiyuUncommonStrBuff","floor":13.0,"key":"SMITH"},{"data":"PrismaMod:MiyuCheapChannelAttack","floor":15.0,"key":"SMITH"},{"data":"PrismaMod:MiyuBride","floor":23,"key":"SMITH"},{"data":"PrismaMod:MiyuBride","floor":52,"key":"SMITH"}],"circlet_count":0,"master_deck":["PrismaMod:MiyuCommonDefend","PrismaMod:MiyuCommonDefend","PrismaMod:MiyuEvokeCheapAttack","PrismaMod:MiyuCommonAttack","PrismaMod:MiyuCommonAttack","PrismaMod:MiyuCommonAttack","PrismaMod:MiyuCheapChannelAttack+1","PrismaMod:MiyuCheapChannelDefend+1","relicPack:TruthCard","Poison Darts+1","PrismaMod:MiyuCheapEvoke","PrismaMod:MiyuCommonAOEAttack","TH:CursedSword","PrismaMod:MiyuUncommonStrBuff+1","TH:BikiniMail","PrismaMod:MiyuCheapDexBuff","PrismaMod:MiyuCheapEvoke","PrismaMod:MiyuEvokeAll","TH:DeckOfManyThings","PrismaMod:MiyuBride+1","PrismaMod:MiyuChristmas+1","PrismaMod:MiyuCarnivalAttack+1","PrismaMod:MiyuDevil+1","PrismaMod:MiyuCheapDexBuff+1","TH:TreasureMap","PrismaMod:MiyuCheapChannelDefend","TH:DeckOfManyThings","TH:DeckOfManyThings","PrismaMod:MiyuCheapDexBuff","PrismaMod:MiyuUncommonDexBuff","PrismaMod:MiyuUncommonDexBuff+1","PrismaMod:MiyuDefendChannelDefend","TH:PixieDust","TH:TreasureMap","PrismaMod:MiyuBride+1","PrismaMod:MiyuCheapDexBuff+1","Flash of Steel","conspire:Banana","MostiFishMod:ButterFly","PrismaMod:MiyuOrbIncreasePerm","TH:DeckOfManyThings","PrismaMod:MiyuUberDefend","PrismaMod:MiyuUncommonDefend","PrismaMod:MiyuEvokeAllAttack","TH:CursedSword","PrismaMod:MiyuCheapDefend1","TH:DeckOfManyThings","PrismaMod:MiyuCheapDefend1","PrismaMod:MiyuCheapChannelVul+1","TH:DeckOfManyThings","PrismaMod:MiyuOrbIncreasePerm+1"],"relics":["PrismaMod:PrismaSapphire","EVO:Axolotl","DaveBox","ice","REME_ComplimentaryCards","Dota2Spire:RefresherOrb","CombinedTypeHook","SynthV:TestCard","WarpedTongs","trackpad:BiPhaseBiplane","CeramicFish","OrangePellets","jedi:shrinkray","Orichalcum","RhineFirstAidKit","Technique","Vajra","conspire:DeflatedDodgeball","ReplayTheSpireMod:Ninjato","RoseTintedShades","trackpad:Mousetrap","halation:Prosthetics","Dota2Spire:PowerTreads","Dota2Spire:HandOfMidas","Mirror","REME_HandOfSuture","BargainBundle","Sling","Dota2Spire:ArmletOfMordiggian","trackpad:AdjectivePendant","Strawberry"],"acts_visited":["Exordium","TheCity","TheBeyond","TheEnding"],"potions_floor_usage":[44,44,44,46,46,46,46,46],"damage_taken":[{"damage":11.0,"enemies":"Jaw Worm","floor":1.0,"turns":2.0},{"damage":0.0,"enemies":"Cultist","floor":2.0,"turns":2.0},{"damage":1.0,"enemies":"conspire:RoseBush","floor":5.0,"turns":2.0},{"damage":0.0,"enemies":"Gremlin Nob","floor":7.0,"turns":2.0},{"damage":0.0,"enemies":"Exordium Thugs","floor":11.0,"turns":2.0},{"damage":0.0,"enemies":"Blue Slaver","floor":12.0,"turns":2.0},{"damage":0.0,"enemies":"3 Louse","floor":14.0,"turns":2.0},{"damage":1,"enemies":"Fading Forest","floor":16,"turns":6},{"damage":0,"enemies":"Spheric Guardian","floor":18,"turns":2},{"damage":0,"enemies":"3 Byrds","floor":19,"turns":2},{"damage":0,"enemies":"Snecko","floor":21,"turns":2},{"damage":1,"enemies":"conspire:HollyBat","floor":22,"turns":5},{"damage":1,"enemies":"conspire:SneckoGhost","floor":24,"turns":2},{"damage":10,"enemies":"Snake Plant","floor":25,"turns":2},{"damage":8,"enemies":"Slavers","floor":27,"turns":2},{"damage":1,"enemies":"Snecko","floor":28,"turns":2},{"damage":0,"enemies":"Centurion and Healer","floor":29,"turns":2},{"damage":0,"enemies":"Cultist and Chosen","floor":30,"turns":2},{"damage":12,"enemies":"hubris:MusketHawk","floor":33,"turns":4},{"damage":1,"enemies":"3 Shapes","floor":35,"turns":2},{"damage":0,"enemies":"3 Darklings","floor":36,"turns":2},{"damage":10,"enemies":"Maw","floor":37,"turns":3},{"damage":1,"enemies":"Reptomancer","floor":40,"turns":2},{"damage":0,"enemies":"Jaw Worm Horde","floor":41,"turns":2},{"damage":0,"enemies":"4 Shapes","floor":42,"turns":2},{"damage":8,"enemies":"Transient","floor":44,"turns":11},{"damage":15,"enemies":"Writhing Mass","floor":45,"turns":2},{"damage":0,"enemies":"Nightmare","floor":46,"turns":3},{"damage":0,"enemies":"Maw","floor":48,"turns":2},{"damage":10,"enemies":"hubris:GrandSnecko","floor":50,"turns":4},{"damage":1,"enemies":"Shield and Spear","floor":54,"turns":6},{"damage":35,"enemies":"The Heart","floor":55,"turns":4}],"seed_played":"-899489884893072715","potions_obtained":[{"floor":1.0,"key":"Adrenaline Potion"},{"floor":7.0,"key":"blueLaboratory:Moonshine"},{"floor":12.0,"key":"LifebloodPotion"},{"floor":21,"key":"LifebloodPotion"},{"floor":24,"key":"AttackPotion"},{"floor":44,"key":"Weak Potion"},{"floor":46,"key":"LiquidBronze"},{"floor":54,"key":"blueLaboratory:BottleOfVodka"}],"is_trial":false,"path_per_floor":["M","M","?","$","M","R","E","R","T","R","M","M","R","M","R","B",null,"M","M","$","M","M","R","E","M","T","E","M","M","M","T","R_BF","B",null,"M","M","M","?","?","E","M","M","T","M","M","NM","$","M","R_BF","B",null,"R","$","E","B",null],"character_chosen":"MIYU","items_purchased":["trackpad:BiPhaseBiplane","CeramicFish","OrangePellets","jedi:shrinkray","Orichalcum","PrismaMod:MiyuDevil","Technique","Vajra","BargainBundle","Sling","Dota2Spire:ArmletOfMordiggian","trackpad:AdjectivePendant","SneckoOil","DistilledChaos"],"campfire_rested":0,"item_purchase_floors":[4,4,4,4,4,20,20,20,53,53,53,53,53,53],"current_hp_per_floor":[64,64,64,64,63,63,63,63,63,63,63,63,63,63,63,62,75,75,75,75,75,74,74,73,63,63,55,54,54,54,54,54,42,40,39,39,29,19,9,40,40,40,40,34,41,41,41,41,41,34,44,44,44,51,53],"gold":1681,"neow_bonus":"CURSED_BOSS_RELIC","is_daily":false,"chose_seed":false,"campfire_upgraded":6,"win_rate":0.0,"timestamp":1609685655,"path_taken":["M","M","?","$","?","R","E","R","T","R","M","M","R","M","R","BOSS","M","M","$","M","M","R","E","M","T","E","M","?","M","?","R_BF","BOSS","M","M","M","?","?","E","?","M","T","M","M","NM","?","M","R_BF","BOSS","R","$","E","BOSS"],"items_purchased_type":["Relic","Relic","Relic","Relic","Relic","Card","Relic","Relic","Relic","Relic","Relic","Relic","Potion","Potion"],"build_version":"2020-12-22","purchased_purges":6,"victory":true,"max_hp_per_floor":[75,75,75,75,75,75,75,75,75,75,75,75,75,75,75,75,75,75,75,75,75,75,75,75,75,75,75,75,75,75,75,75,75,40,40,40,40,40,40,40,40,40,40,41,41,41,41,41,41,44,44,44,44,52,53],"card_choices":[{"not_picked":["PrismaMod:MiyuUberAttack","PrismaMod:MiyuCheapAttack2","PrismaMod:MiyuAttackChannelVul"],"picked":"SKIP","floor":1.0},{"not_picked":["PrismaMod:MiyuUberAttack","PrismaMod:MiyuCheapAttack2","PrismaMod:MiyuAttackChannelVul"],"picked":"SKIP","floor":1.0},{"not_picked":["PrismaMod:MiyuCheapAttack1","PrismaMod:MiyuCarnivalAttack","PrismaMod:MiyuMaid","PrismaMod:MiyuAttackChannelWeak"],"picked":"PrismaMod:MiyuCheapEvoke","floor":2.0},{"not_picked":["PrismaMod:MiyuCheapChannelWeak","PrismaMod:MiyuUberAttack","PrismaMod:MiyuEvokeBuffDex","PrismaMod:MiyuAttackChannelAttack"],"picked":"PrismaMod:MiyuCommonAOEAttack","floor":5.0},{"not_picked":["TH:CopperCoins","TH:ArmorSpikes","TH:EnergyPotion"],"picked":"TH:CursedSword","floor":7.0},{"not_picked":["PrismaMod:MiyuCheapChannelHeal","PrismaMod:MiyuAttackChannelVul","PrismaMod:MiyuCheapChannelWeak","PrismaMod:MiyuCheapAttack2"],"picked":"PrismaMod:MiyuUncommonStrBuff","floor":7.0},{"not_picked":["TH:EnergyPotion","TH:ArmorSpikes","TH:TreasureMap"],"picked":"TH:BikiniMail","floor":9.0},{"not_picked":["PrismaMod:MiyuUberDefend","PrismaMod:MiyuCheapChannelWeak","PrismaMod:MiyuEvokeCheapDefend","PrismaMod:MiyuCheapStrBuff"],"picked":"PrismaMod:MiyuCheapDexBuff","floor":11.0},{"not_picked":["PrismaMod:MiyuCommonAOEAttack","PrismaMod:MiyuUberAOEAttack","PrismaMod:MiyuCheapStrBuff","PrismaMod:MiyuCheapDexBuff"],"picked":"PrismaMod:MiyuCheapEvoke","floor":12.0},{"not_picked":["PrismaMod:MiyuEvokeBuffStr","PrismaMod:MiyuUncommonAOEAttack","PrismaMod:MiyuAttackChannelVul","PrismaMod:MiyuCheapDexBuff"],"picked":"PrismaMod:MiyuEvokeAll","floor":14.0},{"not_picked":["TH:TreasureMap","TH:BikiniMail","TH:ArmorSpikes"],"picked":"TH:DeckOfManyThings","floor":16},{"not_picked":["PrismaMod:MiyuDefendChannelDefend","PrismaMod:MiyuEvokeAllDefend","PrismaMod:MiyuCheapDefend2","PrismaMod:MiyuChannelDefendEvoke"],"picked":"PrismaMod:MiyuBride","floor":16},{"not_picked":["PrismaMod:MiyuCheapChannelVul","PrismaMod:MiyuCheapAttack2","PrismaMod:MiyuEvokeBuffDex","PrismaMod:MiyuAttackChannelAttack"],"picked":"PrismaMod:MiyuChristmas","floor":18},{"not_picked":["PrismaMod:MiyuCheapAttack2","PrismaMod:MiyuCommonAOEAttack+1","PrismaMod:MiyuEvokeBuffDex+1","PrismaMod:MiyuCheapDefend1"],"picked":"PrismaMod:MiyuCarnivalAttack+1","floor":19},{"not_picked":["PrismaMod:MiyuEvokeCheapAttack+1","PrismaMod:MiyuUberAOEAttack","PrismaMod:MiyuUncommonStrBuff","PrismaMod:MiyuCheapPlate"],"picked":"PrismaMod:MiyuCheapDexBuff","floor":21},{"not_picked":["PrismaMod:MiyuUncommonPlate","PrismaMod:MiyuUncommonAttack","PrismaMod:MiyuUncommonAOEAttack+1","PrismaMod:MiyuEvokeBuffDex","PrismaMod:MiyuEvokeAll"],"picked":"SKIP","floor":22},{"not_picked":["TH:BikiniMail","TH:CopperCoins","TH:PixieDust"],"picked":"TH:TreasureMap","floor":24},{"not_picked":["PrismaMod:MiyuOrbIncreasePerm+1","PrismaMod:MiyuCheapEvoke","PrismaMod:MiyuEvokeBuffDex","PrismaMod:MiyuCheapChannelVul"],"picked":"PrismaMod:MiyuCheapChannelRandom+1","floor":24},{"not_picked":["PrismaMod:MiyuCheapAttack2+1","PrismaMod:MiyuCheapChannelAttack","PrismaMod:MiyuDefenseExplosion","PrismaMod:MiyuCommonAOEAttack"],"picked":"PrismaMod:MiyuCheapChannelDefend","floor":25},{"not_picked":["TH:EnergyPotion","TH:BikiniMail","TH:ElvenBoots"],"picked":"TH:DeckOfManyThings","floor":26},{"not_picked":["TH:CursedSword","TH:Mimic","TH:ArmorSpikes"],"picked":"TH:DeckOfManyThings","floor":27},{"not_picked":["PrismaMod:MiyuEvokeBuffStr","PrismaMod:MiyuCheapDefend1+1","PrismaMod:MiyuCheapChannelVul","PrismaMod:MiyuCheapChannelWeak"],"picked":"PrismaMod:MiyuCheapDexBuff","floor":27},{"not_picked":["PrismaMod:MiyuCheapDefend1","PrismaMod:MiyuUberAOEAttack+1","PrismaMod:MiyuAttackChannelVul+1","PrismaMod:MiyuMaid"],"picked":"PrismaMod:MiyuUncommonDexBuff","floor":28},{"not_picked":["PrismaMod:MiyuCheapAttack1+1","PrismaMod:MiyuCheapChannelWeak","PrismaMod:MiyuUberAttack","PrismaMod:MiyuChristmas"],"picked":"PrismaMod:MiyuUncommonDexBuff+1","floor":29},{"not_picked":["PrismaMod:MiyuUncommonDexBuff","PrismaMod:MiyuUncommonAttack","PrismaMod:MiyuEvokeBuffStr","PrismaMod:MiyuCheapChannelVul+1"],"picked":"PrismaMod:MiyuDefendChannelDefend","floor":30},{"not_picked":["TH:TreasureMap","TH:ArmorSpikes","TH:Mimic"],"picked":"TH:PixieDust","floor":31},{"not_picked":["TH:Mimic","TH:PixieDust","TH:CopperCoins"],"picked":"TH:TreasureMap","floor":33},{"not_picked":["PrismaMod:MiyuDefendChannelDefend","PrismaMod:MiyuEvokeAllDefend","PrismaMod:MiyuChannelAttackEvoke","PrismaMod:MiyuCarnivalDefend"],"picked":"PrismaMod:MiyuBride","floor":33},{"not_picked":["PrismaMod:MiyuDefenseExplosion","PrismaMod:MiyuEvokeAll","PrismaMod:MiyuUberAOEAttack","PrismaMod:MiyuUberAttack+1"],"picked":"PrismaMod:MiyuCheapDexBuff+1","floor":35},{"not_picked":["PrismaMod:MiyuUncommonAttack","PrismaMod:MiyuCarnivalAttack+1","PrismaMod:MiyuCheapEvoke+1","PrismaMod:MiyuAttackChannelVul+1","PrismaMod:MiyuCommonAOEAttack"],"picked":"SKIP","floor":36},{"not_picked":["PrismaMod:MiyuCarnivalAttack","PrismaMod:MiyuUberAttack","PrismaMod:MiyuCheapAttack2","PrismaMod:MiyuEvokeCheapDefend","PrismaMod:MiyuDefenseExplosion+1"],"picked":"SKIP","floor":37},{"not_picked":["Jack Of All Trades","MostiFishMod:SupremeArchaeology","ReplayTheSpireMod:Uncanny Aura","Swift Strike"],"picked":"Flash of Steel","floor":38},{"not_picked":["Mind Blast","jedi:forcepull","Finesse","Sadistic Nature"],"picked":"conspire:Banana","floor":38},{"not_picked":["Dramatic Entrance","REME_TheoryOfElimination","Forethought","Blind"],"picked":"MostiFishMod:ButterFly","floor":38},{"not_picked":["PrismaMod:MiyuUncommonPlate+1","PrismaMod:MiyuCheapDexBuff+1","PrismaMod:MiyuCarnivalAttack+1","PrismaMod:MiyuCheapEvoke"],"picked":"PrismaMod:MiyuOrbIncreasePerm","floor":39},{"not_picked":["TH:TreasureMap","TH:ArmorSpikes","TH:CopperCoins"],"picked":"TH:DeckOfManyThings","floor":40},{"not_picked":["PrismaMod:MiyuCarnivalAttack","PrismaMod:MiyuUncommonStrBuff","PrismaMod:MiyuCheapAttack1+1","PrismaMod:MiyuDefenseAbsorbMinor"],"picked":"PrismaMod:MiyuUberDefend","floor":40},{"not_picked":["PrismaMod:MiyuUncommonDexBuff+1","PrismaMod:MiyuCheapStrBuff+1","PrismaMod:MiyuUberAttack","PrismaMod:MiyuCheapAttack1+1"],"picked":"PrismaMod:MiyuUncommonDefend","floor":41},{"not_picked":["PrismaMod:MiyuCarnivalAttack+1","PrismaMod:MiyuMaid+1","PrismaMod:MiyuEvokeCheapAttack+1","PrismaMod:MiyuCheapEvoke"],"picked":"PrismaMod:MiyuEvokeAllAttack","floor":42},{"not_picked":["TH:ElvenBoots","TH:Mimic","TH:EnergyPotion"],"picked":"TH:CursedSword","floor":43},{"not_picked":["PrismaMod:MiyuCommonAOEAttack","PrismaMod:MiyuEvokeBuffStr","PrismaMod:MiyuUncommonDefend+1","PrismaMod:MiyuAttackChannelWeak"],"picked":"PrismaMod:MiyuCheapDefend1","floor":44},{"not_picked":["PrismaMod:MiyuEvokeBuffDex+1","PrismaMod:MiyuCheapChannelRandom","PrismaMod:MiyuUncommonPlate","PrismaMod:MiyuDefenseExplosion","PrismaMod:MiyuUncommonStrBuff"],"picked":"SKIP","floor":45},{"not_picked":["TH:PixieDust","TH:CopperCoins","TH:ElvenBoots"],"picked":"TH:DeckOfManyThings","floor":46},{"not_picked":["PrismaMod:MiyuUncommonStrBuff","PrismaMod:MiyuDefenseExplosion+1","PrismaMod:MiyuCheapPlate","PrismaMod:MiyuCommonAOEAttack"],"picked":"PrismaMod:MiyuCheapDefend1","floor":46},{"not_picked":["PrismaMod:MiyuAttackChannelAttack+1","PrismaMod:MiyuUberAttack+1","PrismaMod:MiyuCommonAOEAttack","PrismaMod:MiyuEvokeBuffStr"],"picked":"PrismaMod:MiyuCheapChannelVul+1","floor":48},{"not_picked":["TH:CopperCoins","TH:ArmorSpikes","TH:TreasureMap"],"picked":"TH:DeckOfManyThings","floor":54},{"not_picked":["PrismaMod:MiyuCarnivalAttack+1","PrismaMod:MiyuUncommonDefend","PrismaMod:MiyuUncommonPlate","PrismaMod:MiyuMaid"],"picked":"PrismaMod:MiyuOrbIncreasePerm+1","floor":54}],"player_experience":198597,"relics_obtained":[{"floor":1.0,"key":"SynthV:TestCard"},{"floor":24,"key":"conspire:DeflatedDodgeball"},{"floor":26,"key":"ReplayTheSpireMod:Ninjato"},{"floor":27,"key":"RoseTintedShades"},{"floor":31,"key":"trackpad:Mousetrap"},{"floor":39,"key":"Dota2Spire:PowerTreads"},{"floor":40,"key":"Dota2Spire:HandOfMidas"},{"floor":43,"key":"Mirror"},{"floor":46,"key":"REME_HandOfSuture"},{"floor":54,"key":"Strawberry"}],"event_choices":[{"damage_healed":0.0,"max_hp_gain":0.0,"max_hp_loss":0.0,"gold_gain":0.0,"event_name":"Accursed Blacksmith","player_choice":"Rummage","floor":3.0,"gold_loss":0.0,"damage_taken":0.0,"relics_obtained":["WarpedTongs"],"cards_obtained":["Pain"]},{"damage_healed":0,"gold_gain":0,"player_choice":"Memory 3","damage_taken":10,"max_hp_gain":0,"max_hp_loss":0,"event_name":"SensoryStone","floor":38,"gold_loss":0}],"is_beta":false,"boss_relics":[{"not_picked":["vexMod:RockOfEvil","trackpad:Trackpad"],"picked":"RhineFirstAidKit"},{"not_picked":["StuffTheSpire:RunicHypercube","hubris:GrandSneckoEye"],"picked":"halation:Prosthetics"}],"items_purged_floors":[4,20,20,47,47,53],"is_endless":false,"potions_floor_spawned":[1,7,12,16,19,21,24,27,28,30,35,37,44,46,54],"ascension_level":0}}