{"host":"0yig8d1fjk7bod2i","time":1609674269,"event":{"mods":["ATMod(阿瑾Mod)","Act Like it!","Ascension Reborn","BaseMod","CapriCore","Gensokyo","GifTheSpireLib","Hallownest","KomeijiMod","Minty Spire (QoL Compilation)","MostiFishMod","Prisma Mod","Replay The Spire","RumiaBox-露米娅的神秘盒子","SIMod","StSLib","The Administrix","The Alterego","The Saiyan","UnlockEverythingMod","WarShipGirlsR/战舰少女R mod","Yakumo Yukari mod","[IsaacMod]以撒尖塔","【功能Mod】混沌之环修复补丁","【功能Mod】聪明的最终Boss","【遗物卡牌】REMEMod","篝火指南"],"gold_per_floor":[91,81,81,94,156,190,205,236,236,236,251,299,299,299],"floor_reached":13,"playtime":894,"items_purged":[],"score":118,"play_id":"20ef3513-99f8-4954-8a93-5d3aa75e61d0","local_time":"20210103194429","is_ascension_mode":true,"campfire_choices":[{"data":"Saiyan:SenzuBean","floor":10,"key":"SMITH"}],"circlet_count":0,"master_deck":["Saiyan:SAIYA_Strike","Saiyan:SAIYA_Strike","Saiyan:SAIYA_Strike","Saiyan:SAIYA_Strike","Saiyan:SAIYA_Defend","Saiyan:SAIYA_Defend","Saiyan:SAIYA_Defend","Saiyan:SAIYA_Defend","Saiyan:EnergyBlast","Saiyan:KaioKen","Saiyan:RuthlessBlow","Saiyan:DragonRadar","AT_FamilyPortrait","Saiyan:ExpandingShockwave","Saiyan:Quickening","Saiyan:SuperSaiyanForm","Saiyan:RemoveWeights","Saiyan:BurningSoul","Saiyan:FinalFlash","Saiyan:UltraInstinct","Saiyan:SenzuBean+1","Saiyan:KiExplosion"],"relics":["SaiyanSoul","SaiyanHeart","HushsDoor","DaveBox","AT_ATBox","REME_ComplimentaryCards","NeowsBlessing","ExusiaiGun","UnicornStump","SynthV:TestCard","Baka","GodSword1","InkBottle","Replay:Accelerometer","AT_BladeRuinedKing","Lantern"],"acts_visited":["Hallownest:Greenpath"],"potions_floor_usage":[8,8,13],"damage_taken":[{"damage":0,"enemies":"Hallownest:monsterHuskWarrior","floor":1,"turns":1},{"damage":0,"enemies":"2_ Uuma","floor":4,"turns":1},{"damage":0,"enemies":"Hallownest:eliteMossKnight","floor":6,"turns":1},{"damage":6,"enemies":"Hallownest:2_Tiktiks_and_1_Crawlid","floor":7,"turns":1},{"damage":5,"enemies":"Hallownest:eliteCrystalGuardian","floor":8,"turns":4},{"damage":25,"enemies":"Hallownest:Guard_and_Warrior","floor":11,"turns":8},{"damage":10,"enemies":"Hallownest:eliteMossKnight","floor":13,"turns":3}],"seed_played":"7562467502569673236","potions_obtained":[{"floor":5,"key":"SneckoOil"},{"floor":6,"key":"Adrenaline Potion"},{"floor":7,"key":"DistilledChaos"},{"floor":11,"key":"Elixir"}],"is_trial":false,"path_per_floor":["M","?","?","M","?","E","M","E","T","R","M","T","E"],"character_chosen":"SAIYAJIN","items_purchased":[],"campfire_rested":0,"item_purchase_floors":[],"current_hp_per_floor":[61,61,61,61,37,37,31,27,27,27,3,3,0,0],"gold":299,"neow_bonus":"THREE_ENEMY_KILL","is_daily":false,"chose_seed":false,"campfire_upgraded":1,"win_rate":0.0,"timestamp":1609674269,"path_taken":["M","?","?","M","?","E","M","E","T","R","M","?","E"],"items_purchased_type":[],"build_version":"2020-12-22","purchased_purges":0,"victory":false,"max_hp_per_floor":[61,61,61,61,61,61,61,62,62,62,63,63,63,63],"card_choices":[{"not_picked":["Saiyan:KameHameHa","Saiyan:DoubleMasenko"],"picked":"Saiyan:ExpandingShockwave","floor":1},{"not_picked":[],"picked":"Saiyan:Quickening","floor":2},{"not_picked":["Saiyan:KiExplosion","Saiyan:AugmentedBlast","Saiyan:PowerUp","Saiyan:FinalFlash"],"picked":"Saiyan:SuperSaiyanForm","floor":4},{"not_picked":["Saiyan:PowerStance","Saiyan:BurningSoul","Saiyan:Quickening","Saiyan:ConcussiveBlow"],"picked":"Saiyan:RemoveWeights","floor":5},{"not_picked":["Saiyan:KiStrike","Saiyan:ExpandingShockwave","Saiyan:Scouter","Saiyan:ReverberatingForce"],"picked":"Saiyan:BurningSoul","floor":6},{"not_picked":["Saiyan:Pacing","Saiyan:SuperSaiyanForm","Saiyan:DoubleMasenko","Saiyan:Endure"],"picked":"Saiyan:UltraInstinct","floor":7},{"not_picked":["Saiyan:MonkeyTail","Saiyan:PlotArmor","Saiyan:BigBangAttack","Saiyan:Afterimage"],"picked":"Saiyan:SenzuBean","floor":8},{"not_picked":["Saiyan:BigBangAttack","Saiyan:PlotArmor","Saiyan:Planning","Saiyan:Scouter"],"picked":"Saiyan:KiExplosion","floor":11}],"player_experience":262656,"relics_obtained":[{"floor":1,"key":"SynthV:TestCard"},{"floor":1,"key":"Baka"},{"floor":5,"key":"GodSword1"},{"floor":6,"key":"InkBottle"},{"floor":8,"key":"Replay:Accelerometer"},{"floor":11,"key":"AT_BladeRuinedKing"},{"floor":12,"key":"Lantern"}],"event_choices":[],"is_beta":false,"boss_relics":[],"items_purged_floors":[],"is_endless":false,"potions_floor_spawned":[6,7,11],"killed_by":"Hallownest:eliteMossKnight","ascension_level":0}}