{"host":"armnliea5o2aqs4b","time":1609662389,"event":{"mods":["BaseMod","Hubris","Infinite Spire","Minty Spire (QoL Compilation)","Quick Restart","StSLib"],"gold_per_floor":[113,113,188,188,198,198,198,233,233,265,440,450,450,330,330,431,431,448,448,448,448,448],"floor_reached":21,"playtime":440,"items_purged":["Doubt"],"score":229,"play_id":"f37c8afd-190f-4fb4-b073-18d5bfacdc25","local_time":"20210103192629","is_ascension_mode":true,"campfire_choices":[{"data":"Inflame","floor":6,"key":"SMITH"},{"floor":15,"key":"REST"}],"circlet_count":0,"master_deck":["Strike_R+1","Defend_R","Defend_R","Defend_R","Defend_R","Cleave","hubris:DuctTapeCard","Bloodletting","Limit Break+1","Flex","Bludgeon+1","Pommel Strike+1","Dropkick+1","Fire Breathing+1"],"relics":["Burning Blood","NeowsBlessing","hubris:Towel","hubris:DuctTape","Molten Egg 2","hubris:CuriousFeather","Astrolabe","Medical Kit"],"acts_visited":["Exordium","TheCity"],"potions_floor_usage":[],"damage_taken":[{"damage":0,"enemies":"Jaw Worm","floor":1,"turns":1},{"damage":0,"enemies":"2 Louse","floor":5,"turns":1},{"damage":0,"enemies":"Gremlin Nob","floor":8,"turns":1},{"damage":40,"enemies":"3 Sentries","floor":10,"turns":6},{"damage":3,"enemies":"Small Slimes","floor":12,"turns":2},{"damage":45,"enemies":"Hexaghost","floor":16,"turns":6},{"damage":14,"enemies":"Spheric Guardian","floor":18,"turns":3},{"damage":3,"enemies":"Masked Bandits","floor":21,"turns":2}],"seed_played":"7444281327079998282","potions_obtained":[{"floor":8,"key":"Swift Potion"},{"floor":16,"key":"ElixirPotion"}],"is_trial":false,"path_per_floor":["M","?","?","?","M","R","?","E","T","E","?","M","?","$","R","B",null,"M","AVR","?","?"],"character_chosen":"IRONCLAD","items_purchased":["Flex"],"campfire_rested":1,"item_purchase_floors":[14],"current_hp_per_floor":[80,80,69,69,75,75,75,80,80,46,46,49,33,33,57,18,80,72,72,18,15,15],"gold":448,"neow_bonus":"THREE_ENEMY_KILL","is_daily":false,"chose_seed":false,"campfire_upgraded":1,"win_rate":0.0,"timestamp":1609662389,"path_taken":["M","?","?","?","M","R","?","E","T","E","?","?","?","$","R","BOSS","M","AVR","?","?"],"items_purchased_type":["Card"],"build_version":"2020-12-22","purchased_purges":1,"victory":false,"max_hp_per_floor":[80,80,80,80,80,80,80,80,80,80,80,80,80,80,80,80,80,80,80,80,80,80],"card_choices":[{"not_picked":["Heavy Blade","Havoc","Twin Strike"],"picked":"SKIP","floor":1},{"not_picked":["Clash","Anger","Armaments"],"picked":"SKIP","floor":5},{"not_picked":["Dark Embrace","Armaments","Rupture"],"picked":"SKIP","floor":8},{"not_picked":["Dark Embrace","Armaments","Rupture"],"picked":"SKIP","floor":8},{"not_picked":["Cleave+1","Shrug It Off"],"picked":"Bloodletting","floor":10},{"not_picked":["Twin Strike+1","Whirlwind+1"],"picked":"Limit Break","floor":12},{"not_picked":["Barricade","Exhume"],"picked":"Bludgeon+1","floor":16},{"not_picked":["Carnage+1","Feel No Pain","Fire Breathing+1"],"picked":"SKIP","floor":18}],"player_experience":139451,"relics_obtained":[{"floor":8,"key":"hubris:DuctTape"},{"floor":9,"key":"Molten Egg 2"},{"floor":10,"key":"hubris:CuriousFeather"}],"event_choices":[{"damage_healed":0,"gold_gain":0,"cards_transformed":["Strike_R"],"player_choice":"Change","damage_taken":0,"max_hp_gain":0,"max_hp_loss":0,"event_name":"Living Wall","floor":2,"gold_loss":0,"cards_obtained":["Cleave"]},{"damage_healed":0,"gold_gain":75,"player_choice":"Gather Gold","damage_taken":11,"max_hp_gain":0,"max_hp_loss":0,"event_name":"World of Goop","floor":3,"gold_loss":0},{"damage_healed":0,"gold_gain":175,"player_choice":"AGREE","damage_taken":0,"max_hp_gain":0,"max_hp_loss":0,"event_name":"Liars Game","floor":11,"gold_loss":0,"cards_obtained":["Doubt"]},{"damage_healed":0,"gold_gain":0,"player_choice":"Entered Light","damage_taken":16,"max_hp_gain":0,"max_hp_loss":0,"event_name":"Shining Light","floor":13,"gold_loss":0,"cards_upgraded":["Strike_R","Limit Break"]},{"damage_healed":0,"gold_gain":0,"player_choice":"Fought Bandits","damage_taken":0,"max_hp_gain":0,"max_hp_loss":0,"event_name":"Masked Bandits","floor":21,"gold_loss":0}],"is_beta":false,"boss_relics":[{"not_picked":["SacredBark","hubris:BlackHole"],"picked":"Astrolabe"}],"items_purged_floors":[14],"is_endless":false,"potions_floor_spawned":[8,16],"killed_by":"Masked Bandits","ascension_level":2}}