{"host":"acpsw8r33r8788yr","time":1609642079,"event":{"mods":["Act Like it!","BaseMod","Better Altar","Better Skull","Better Third Choice","BetterRewards","ChefMod","Colored Map","Downfall","Gensokyo","Hermit","Highlight Path","Hubris","Infinite Spire","Jorbs\u0027s Wanderer Trilogy","Minty Spire (QoL Compilation)","Quick Restart","Replay The Spire","Shop Mod","StSLib","The Animator","The Bug Knight","The Cursed","The Disciple","The Hierophant","The Runesmith","The Senshi"],"gold_per_floor":[111,111,19,19,19,34,44,44,44,44,67,85,113,130,130,130,130],"floor_reached":16,"playtime":862,"items_purged":[],"score":102,"play_id":"b94943f1-56cc-40ea-a794-6e8bac9db254","local_time":"20210102184759","is_ascension_mode":false,"campfire_choices":[{"data":"infinitespire:Menacing","floor":8.0,"key":"SMITH"},{"data":"stsjorbsmod:EyeOfTheStorm","floor":10.0,"key":"SMITH"},{"data":"stsjorbsmod:Banish","floor":15.0,"key":"SMITH"}],"circlet_count":0,"master_deck":["stsjorbsmod:ForbiddenGrimoire+1","stsjorbsmod:Strike_Wanderer","stsjorbsmod:Strike_Wanderer+1","stsjorbsmod:Strike_Wanderer","stsjorbsmod:Strike_Wanderer","stsjorbsmod:Defend_Wanderer+1","stsjorbsmod:Defend_Wanderer+1","stsjorbsmod:Defend_Wanderer+1","stsjorbsmod:Defend_Wanderer","stsjorbsmod:FreshAdventure","stsjorbsmod:EyeOfTheStorm+1","infinitespire:Menacing+1","stsjorbsmod:Firebolt","stsjorbsmod:FindFamiliar","stsjorbsmod:Materialize","stsjorbsmod:Banish+1","stsjorbsmod:ParryingBlow"],"relics":["stsjorbsmod:GrimoireRelic","NeowsBlessing","Pear","Gensokyo:OccultBall","hubris:Reverence","War Paint","hubris:TenFootPole","Simple Rune"],"acts_visited":["Exordium"],"potions_floor_usage":[],"damage_taken":[{"damage":0.0,"enemies":"Gensokyo:Python","floor":1.0,"turns":1.0},{"damage":0.0,"enemies":"Gensokyo:3_Fairies","floor":6.0,"turns":1.0},{"damage":0.0,"enemies":"Gensokyo:2_Kodama","floor":7.0,"turns":2.0},{"damage":12.0,"enemies":"Gensokyo:LivingMonolith","floor":11.0,"turns":5.0},{"damage":4.0,"enemies":"Gensokyo:CorruptedTreant","floor":12.0,"turns":5.0},{"damage":21.0,"enemies":"Gensokyo:Cirno","floor":13.0,"turns":7.0},{"damage":4.0,"enemies":"Gensokyo:VengefulSpirit","floor":14.0,"turns":5.0},{"damage":19,"enemies":"Gensokyo:Yukari","floor":16,"turns":10}],"seed_played":"-7079345945134430832","potions_obtained":[{"floor":6.0,"key":"LiquidMemories"},{"floor":7.0,"key":"Weak Potion"},{"floor":14.0,"key":"Death Potion"}],"is_trial":false,"path_per_floor":["M","?","COS","?","?","M","M","R","T","R","M","M","E","M","R","B"],"character_chosen":"WANDERER","items_purchased":[],"campfire_rested":0,"item_purchase_floors":[],"current_hp_per_floor":[68,63,63,63,44,45,45,45,45,45,38,36,15,16,16,0,0],"gold":130,"neow_bonus":"THREE_ENEMY_KILL","is_daily":false,"chose_seed":false,"campfire_upgraded":3,"win_rate":0.0,"timestamp":1609642079,"path_taken":["M","?","COS","?","?","M","M","R","T","R","M","M","E","M","R","BOSS"],"items_purchased_type":[],"build_version":"2020-12-22","purchased_purges":0,"victory":false,"max_hp_per_floor":[68,78,78,78,78,78,78,78,78,78,80,80,80,82,82,82,82],"card_choices":[{"not_picked":["stsjorbsmod:Index","stsjorbsmod:Prestidigitation"],"picked":"stsjorbsmod:BurningFlask","floor":1.0},{"not_picked":["infinitespire:SealOfDarkness+","infinitespire:Fortify"],"picked":"infinitespire:Menacing","floor":5.0},{"not_picked":["stsjorbsmod:Mindworm","stsjorbsmod:Stalwart"],"picked":"stsjorbsmod:Firebolt","floor":6.0},{"not_picked":["stsjorbsmod:FracturedMind","stsjorbsmod:Prepare"],"picked":"stsjorbsmod:FindFamiliar","floor":7.0},{"not_picked":["stsjorbsmod:DisguiseSelf","stsjorbsmod:RayOfFrost","stsjorbsmod:Firebolt"],"picked":"SKIP","floor":11.0},{"not_picked":["stsjorbsmod:BlackTentacles","stsjorbsmod:ParryingBlow"],"picked":"stsjorbsmod:Materialize","floor":12.0},{"not_picked":["stsjorbsmod:Mania","stsjorbsmod:SmithingStrike"],"picked":"stsjorbsmod:Banish","floor":13.0},{"not_picked":["stsjorbsmod:Channel","stsjorbsmod:Hibernate"],"picked":"stsjorbsmod:ParryingBlow","floor":14.0}],"player_experience":407663,"relics_obtained":[{"floor":9.0,"key":"hubris:Reverence"},{"floor":13.0,"key":"Simple Rune"}],"event_choices":[],"is_beta":false,"boss_relics":[],"items_purged_floors":[],"is_endless":false,"potions_floor_spawned":[6,7,14],"killed_by":"Gensokyo:Yukari","ascension_level":0}}