{"host":"btkahjvw3wdsn6lk","time":1609665880,"event":{"mods":["ATMod(阿瑾Mod)","Act Like it!","BaseMod","Dota2Spire","Gensokyo","Highlight Path","Minty Spire (QoL Compilation)","RumiaBox-露米娅的神秘盒子","Spicy Shops","StSLib","The Dragon Tamer"],"gold_per_floor":[114,124,135,145,157,157,189,712,712,727,742,742,742,760,760,863,863,883,820,835,835,631,631,663,663,689,689,700,712,327,337,337,435,435,452,263,313,325,341,341,368,368,368,170,186,213,213,224,224,224,224,224,25,54,54],"floor_reached":56,"playtime":5241,"items_purged":["DTMod:TargetDefense","DTMod:Strike","DTMod:TargetDefense","DTMod:Strike","DTMod:Strike","DTMod:TargetDefense","DTMod:Strike","DTMod:TargetDefense"],"score":1506,"play_id":"b355c617-5abb-42eb-bd63-076c6b2f6a7e","local_time":"20210103172440","is_ascension_mode":false,"metric_token":727,"campfire_choices":[{"data":"AT_FamilyPortrait","floor":6.0,"key":"SMITH"},{"data":"AT_LightSaberMaster","floor":12.0,"key":"SMITH"},{"data":"DTMod:Safeguard","floor":15.0,"key":"SMITH"},{"data":"DTMod:SealedStrike","floor":23,"key":"SMITH"},{"data":"DTMod:SealedStrike+1","floor":25,"key":"SMITH"},{"data":"DTMod:SealedStrike+2","floor":27,"key":"SMITH"},{"data":"DTMod:SealedStrike+3","floor":32,"key":"SMITH"},{"floor":40,"key":"RECALL"},{"data":"DTMod:SealedStrike+4","floor":47,"key":"SMITH"}],"dtmod_dragon_data":[50,50,3,3,6,6],"circlet_count":0,"master_deck":["DTMod:DoubleHit+1","DTMod:SwitchingTactic+1","AT_FamilyPortrait+1","DTMod:InvisibleFlame+1","DTMod:WarmUp+1","DTMod:GearUp+1","DTMod:MagiciansMark+1","DTMod:Training+1","DTMod:DragonDance+1","DTMod:InvisibleFlame+1","AT_LightSaberMaster+1","DTMod:Training+1","Dark Shackles+1","DTMod:Safeguard+1","DTMod:SwitchingTactic+1","DTMod:TagTeam+1","DTMod:SealedStrike+5","DTMod:Conduct+1","DTMod:CrossStep+1","DTMod:Cover+1","DTMod:LightShield+1","AT_FamilyPortrait+1","Discovery+1","DTMod:DragonDance"],"relics":["DTMod:PactStone","AT_ATBox","Dota2Spire:ArcaneBoots","Membership Card","Mummified Hand","Orrery","Toxic Egg 2","Coffee Dripper","MoreBug","Dota2Spire:OrchidMalevolence","Letter Opener","GodSword7","Omamori","Sozu","DollysMirror","Lizard Tail","MagicDraw2","Dota2Spire:DivineRapier","Bag of Preparation","Dota2Spire:PowerTreads","Dota2Spire:PhaseBoots","Toolbox","AT_EbonyIvory"],"acts_visited":["Exordium","TheCity","TheBeyond","TheEnding"],"potions_floor_usage":[55,55,55],"damage_taken":[{"damage":0.0,"enemies":"Small Slimes","floor":1.0,"turns":4.0},{"damage":0.0,"enemies":"Cultist","floor":2.0,"turns":4.0},{"damage":0.0,"enemies":"2 Louse","floor":3.0,"turns":3.0},{"damage":5.0,"enemies":"Large Slime","floor":4.0,"turns":5.0},{"damage":3.0,"enemies":"Red Slaver","floor":5.0,"turns":4.0},{"damage":2.0,"enemies":"Lagavulin","floor":7.0,"turns":8.0},{"damage":1.0,"enemies":"2 Fungi Beasts","floor":10.0,"turns":4.0},{"damage":0.0,"enemies":"Exordium Wildlife","floor":11.0,"turns":2.0},{"damage":0.0,"enemies":"Exordium Thugs","floor":14.0,"turns":4.0},{"damage":0,"enemies":"The Guardian","floor":16,"turns":8},{"damage":0,"enemies":"Shell Parasite","floor":18,"turns":5},{"damage":0,"enemies":"Chosen","floor":20,"turns":4},{"damage":0,"enemies":"Gremlin Leader","floor":24,"turns":6},{"damage":0,"enemies":"Sentry and Sphere","floor":28,"turns":3},{"damage":0,"enemies":"Snake Plant","floor":29,"turns":3},{"damage":0,"enemies":"Snecko","floor":31,"turns":4},{"damage":1,"enemies":"Champ","floor":33,"turns":9},{"damage":0,"enemies":"Orb Walker","floor":35,"turns":3},{"damage":0,"enemies":"Mind Bloom Boss Battle","floor":37,"turns":5},{"damage":0,"enemies":"3 Darklings","floor":38,"turns":3},{"damage":0,"enemies":"Writhing Mass","floor":39,"turns":4},{"damage":0,"enemies":"Giant Head","floor":41,"turns":5},{"damage":0,"enemies":"4 Shapes","floor":45,"turns":2},{"damage":0,"enemies":"Reptomancer","floor":46,"turns":4},{"damage":0,"enemies":"3 Darklings","floor":48,"turns":2},{"damage":0,"enemies":"Time Eater","floor":50,"turns":4},{"damage":0,"enemies":"Shield and Spear","floor":54,"turns":3},{"damage":0,"enemies":"The Heart","floor":55,"turns":5}],"seed_played":"-1527865304739393343","potions_obtained":[{"floor":1.0,"key":"Strength Potion"},{"floor":4.0,"key":"Ancient Potion"},{"floor":7.0,"key":"FearPotion"},{"floor":16,"key":"Ancient Potion"},{"floor":28,"key":"Fire Potion"},{"floor":29,"key":"Block Potion"},{"floor":33,"key":"DistilledChaos"}],"is_trial":false,"path_per_floor":["M","M","M","M","M","R","E","$","T","M","M","R","?","M","R","B",null,"M","$","M","T","$","R","E","R","T","R","M","M","$","M","R","B",null,"M","$","?","M","M","R","E","?","T","$","M","E","R","M","R","B",null,"R","$","E","B",null],"character_chosen":"THE_DT","items_purchased":["Membership Card","Mummified Hand","Orrery","AT_LightSaberMaster","Dota2Spire:OrchidMalevolence","GodSword7","Omamori","DollysMirror","Bag of Preparation","Dota2Spire:PhaseBoots","Discovery+1","Toolbox"],"campfire_rested":0,"item_purchase_floors":[8,8,8,8,22,30,30,36,44,53,53,53],"current_hp_per_floor":[49,49,49,44,41,41,39,39,39,38,38,38,38,38,38,38,49,49,49,49,49,49,49,49,49,49,49,49,49,49,49,49,49,49,49,49,49,49,49,49,49,49,49,49,49,49,49,49,49,49,49,49,49,49,49],"gold":54,"neow_bonus":"TEN_PERCENT_HP_BONUS","is_daily":false,"chose_seed":false,"campfire_upgraded":8,"win_rate":0.0,"timestamp":1609665880,"path_taken":["M","M","M","M","M","R","E","$","T","M","M","R","?","M","R","BOSS","M","?","M","?","$","R","E","R","T","R","M","M","$","?","R","BOSS","M","$","?","M","M","R","E","?","T","$","M","E","R","M","R","BOSS","R","$","E","BOSS"],"items_purchased_type":["Relic","Relic","Relic","Card","Relic","Relic","Relic","Relic","Relic","Relic","Card","Relic"],"build_version":"2020-12-22","purchased_purges":8,"victory":true,"max_hp_per_floor":[49,49,49,49,49,49,49,49,49,49,49,49,49,49,49,49,49,49,49,49,49,49,49,49,49,49,49,49,49,49,49,49,49,49,49,49,49,49,49,49,49,49,49,49,49,49,49,49,49,49,49,49,49,49,49],"card_choices":[{"not_picked":["DTMod:FlameSlash","DTMod:LastStand","DTMod:MasterPlan"],"picked":"SKIP","floor":1.0},{"not_picked":["DTMod:ComboAttack","DTMod:BizarreTactic"],"picked":"DTMod:InvisibleFlame","floor":2.0},{"not_picked":["DTMod:HeatWave","DTMod:LowKick","DTMod:QuickFly"],"picked":"SKIP","floor":3.0},{"not_picked":["DTMod:MagicField","DTMod:BlueScale"],"picked":"DTMod:WarmUp","floor":4.0},{"not_picked":["DTMod:QuickFly","DTMod:HeatWave"],"picked":"DTMod:Shift","floor":5.0},{"not_picked":["DTMod:Cover","DTMod:Overwhelm"],"picked":"DTMod:GearUp","floor":7.0},{"not_picked":["DTMod:Feint","DTMod:SneakAttack"],"picked":"DTMod:MagiciansMark","floor":8.0},{"not_picked":["DTMod:QuickFly","DTMod:Overwhelm"],"picked":"DTMod:Training","floor":8.0},{"not_picked":["DTMod:CalculatedDefense","DTMod:Haste"],"picked":"DTMod:DragonDance","floor":8.0},{"not_picked":["DTMod:Feint","DTMod:BlazingStrike"],"picked":"DTMod:InvisibleFlame","floor":8.0},{"not_picked":["DTMod:BlazingStrike","DTMod:QuickFly"],"picked":"DTMod:Training+1","floor":10.0},{"not_picked":["DTMod:BreakAttack","DTMod:Punisher","DTMod:GhostSkin+1"],"picked":"SKIP","floor":11.0},{"not_picked":["DTMod:Threaten+1","DTMod:HeatWave"],"picked":"DTMod:TagTeam+1","floor":14.0},{"not_picked":["DTMod:OpeningTactic","DTMod:HeadStart+1"],"picked":"DTMod:SealedStrike","floor":16},{"not_picked":["DTMod:Observe+1","DTMod:StarRain+1"],"picked":"DTMod:Conduct+1","floor":18},{"not_picked":["DTMod:BlazingStrike+1","DTMod:MagicField+1","DTMod:BizarreTactic+1"],"picked":"SKIP","floor":20},{"not_picked":["DTMod:TauntingStrike","DTMod:Training+1"],"picked":"DTMod:CrossStep+1","floor":24},{"not_picked":["DTMod:FlameSlash+1","DTMod:Haste+1"],"picked":"DTMod:Cover+1","floor":28},{"not_picked":["DTMod:BlueScale+1","DTMod:ComboAttack","DTMod:MasterPlan+1"],"picked":"SKIP","floor":29},{"not_picked":["DTMod:Haste+1","DTMod:Threaten+1","DTMod:Feint"],"picked":"SKIP","floor":31},{"not_picked":["DTMod:OpeningTactic","DTMod:RepeatStrike"],"picked":"DTMod:LightShield+1","floor":33},{"not_picked":["DTMod:RecklessFlurry","DTMod:BuildUp","DTMod:BlazingStrike+1"],"picked":"SKIP","floor":35},{"not_picked":["DTMod:HeatWave+1","DTMod:BizarreTactic+1","DTMod:CleansingStrike+1"],"picked":"SKIP","floor":38},{"not_picked":["DTMod:LowKick","DTMod:MagicField+1","DTMod:GhostSkin+1"],"picked":"SKIP","floor":39},{"not_picked":["DTMod:Threaten+1","DTMod:ForkedFire+1","DTMod:MasterPlan+1"],"picked":"SKIP","floor":41},{"not_picked":["DTMod:Prediction+1","DTMod:QuickFly+1","DTMod:HeatWave"],"picked":"SKIP","floor":45},{"not_picked":["DTMod:ComboAttack","DTMod:RecklessFlurry","DTMod:Haste+1"],"picked":"SKIP","floor":46},{"not_picked":["DTMod:BurningForce","DTMod:TagTeam+1","DTMod:BreakAttack+1"],"picked":"SKIP","floor":48},{"not_picked":["DTMod:BreakAttack","DTMod:GhostSkin+1"],"picked":"DTMod:DragonDance","floor":54}],"player_experience":386320,"relics_obtained":[{"floor":7.0,"key":"Dota2Spire:ArcaneBoots"},{"floor":9.0,"key":"Toxic Egg 2"},{"floor":21,"key":"MoreBug"},{"floor":24,"key":"Letter Opener"},{"floor":37,"key":"Lizard Tail"},{"floor":41,"key":"MagicDraw2"},{"floor":43,"key":"Dota2Spire:DivineRapier"},{"floor":46,"key":"Dota2Spire:PowerTreads"},{"floor":54,"key":"AT_EbonyIvory"}],"event_choices":[{"damage_healed":0.0,"max_hp_gain":0.0,"max_hp_loss":0.0,"gold_gain":0.0,"event_name":"Match and Keep!","player_choice":"3 cards matched","floor":13.0,"gold_loss":0.0,"damage_taken":0.0,"cards_obtained":["Dark Shackles","DTMod:Safeguard","DTMod:SwitchingTactic"]},{"damage_healed":0,"gold_gain":0,"player_choice":"Fight","damage_taken":0,"max_hp_gain":0,"max_hp_loss":0,"event_name":"MindBloom","floor":37,"gold_loss":0},{"cards_removed":["DTMod:Shift"],"damage_healed":0,"gold_gain":0,"player_choice":"Offered Uncommon","damage_taken":0,"max_hp_gain":0,"max_hp_loss":0,"event_name":"Bonfire Elementals","floor":42,"gold_loss":0}],"is_beta":false,"boss_relics":[{"not_picked":["DTMod:TheChair","Fusion Hammer"],"picked":"Coffee Dripper"},{"not_picked":["Velvet Choker","Snecko Eye"],"picked":"Sozu"}],"items_purged_floors":[8,8,19,22,30,30,36,44],"is_endless":false,"potions_floor_spawned":[1,4,7,16,28,29,33,35,39,41,48],"ascension_level":0}}