{"host":"na09lpbrez4gbfiz","time":1609640795,"event":{"mods":["Act Like it!","BaseMod","BetterRewards","Colored Map","Colored Powertips","DeckTracker","Googly Eyes","Highlight Path","Minty Spire (QoL Compilation)","Quick Restart","Spicy Shops","StSLib","SuperFastMode","Synergy Search"],"gold_per_floor":[15,15,32,32,32,32,32,66,90,90,110,139,239,255,255,356,356,328,34,34,34,34,34,34],"floor_reached":23,"playtime":522,"items_purged":["Strike_R"],"score":312,"play_id":"2fc2d150-5146-4187-813b-6303cbd485a6","local_time":"20210103032635","is_ascension_mode":true,"campfire_choices":[{"data":"Inflame","floor":6,"key":"SMITH"},{"data":"Bash","floor":10,"key":"SMITH"},{"floor":15,"key":"REST"}],"circlet_count":0,"master_deck":["AscendersBane","Strike_R","Strike_R","Strike_R","Defend_R","Defend_R","Defend_R","Defend_R","Bash+1","Inflame+1","Seeing Red","Shrug It Off","Flex","Feed","Heavy Blade","Demon Form","True Grit","Shame"],"relics":["Burning Blood","Ice Cream","Eternal Feather","MealTicket","Juzu Bracelet","Snecko Eye","Pocketwatch","Red Skull","Ancient Tea Set"],"acts_visited":["Exordium","TheCity"],"potions_floor_usage":[8,16],"damage_taken":[{"damage":1,"enemies":"Cultist","floor":1,"turns":3},{"damage":14,"enemies":"Small Slimes","floor":3,"turns":4},{"damage":31,"enemies":"Lagavulin","floor":8,"turns":7},{"damage":4,"enemies":"2 Louse","floor":11,"turns":3},{"damage":42,"enemies":"3 Sentries","floor":12,"turns":10},{"damage":0,"enemies":"Large Slime","floor":14,"turns":4},{"damage":53,"enemies":"Hexaghost","floor":16,"turns":10},{"damage":53,"enemies":"2 Thieves","floor":18,"turns":5},{"damage":21,"enemies":"Book of Stabbing","floor":23,"turns":2}],"seed_played":"6403945668790588219","potions_obtained":[{"floor":2,"key":"SneckoOil"},{"floor":2,"key":"Ancient Potion"},{"floor":2,"key":"EssenceOfSteel"},{"floor":14,"key":"BlessingOfTheForge"},{"floor":18,"key":"LiquidMemories"}],"is_trial":false,"path_per_floor":["M","?","M","?","$","R","$","E","T","R","M","E","?","M","R","B",null,"M","$","?","?","?","E"],"character_chosen":"IRONCLAD","items_purchased":["Pocketwatch","Red Skull"],"campfire_rested":1,"item_purchase_floors":[19,19],"current_hp_per_floor":[77,77,69,69,69,69,69,44,44,50,52,16,16,22,55,8,62,15,30,15,15,15,0,0],"gold":34,"neow_bonus":"ONE_RARE_RELIC","is_daily":false,"chose_seed":false,"campfire_upgraded":2,"win_rate":0.0,"timestamp":1609640795,"path_taken":["M","?","?","?","?","R","$","E","T","R","M","E","?","M","R","BOSS","M","$","?","?","?","E"],"items_purchased_type":["Relic","Relic"],"build_version":"2020-12-22","purchased_purges":1,"victory":false,"max_hp_per_floor":[80,80,80,80,80,80,80,80,80,80,80,80,80,80,80,80,80,80,80,85,85,85,85,85],"card_choices":[{"not_picked":["Perfected Strike","Clash"],"picked":"Inflame","floor":1},{"not_picked":["Clothesline","Shockwave"],"picked":"Seeing Red","floor":3},{"not_picked":["Shockwave","Blood for Blood"],"picked":"Shrug It Off","floor":8},{"not_picked":["Anger","Sentinel"],"picked":"Flex","floor":11},{"not_picked":["Pummel","Pommel Strike"],"picked":"Feed","floor":12},{"not_picked":["Body Slam","Disarm"],"picked":"Heavy Blade","floor":14},{"not_picked":["Exhume","Fiend Fire"],"picked":"Demon Form","floor":16},{"not_picked":["Wild Strike","Headbutt"],"picked":"True Grit","floor":18}],"player_experience":263135,"relics_obtained":[{"floor":8,"key":"Eternal Feather"},{"floor":9,"key":"MealTicket"},{"floor":12,"key":"Juzu Bracelet"}],"event_choices":[{"damage_healed":0,"gold_gain":0,"player_choice":"Got Potions","damage_taken":0,"max_hp_gain":0,"max_hp_loss":0,"event_name":"Lab","floor":2,"gold_loss":0},{"cards_removed":["Strike_R"],"damage_healed":0,"gold_gain":0,"player_choice":"Offered Basic","damage_taken":0,"max_hp_gain":0,"max_hp_loss":0,"event_name":"Bonfire Elementals","floor":4,"gold_loss":0},{"damage_healed":0,"gold_gain":100,"player_choice":"Pray","damage_taken":0,"max_hp_gain":0,"max_hp_loss":0,"event_name":"Golden Shrine","floor":13,"gold_loss":0},{"damage_healed":0,"gold_gain":0,"player_choice":"Shed Blood","damage_taken":20,"max_hp_gain":5,"max_hp_loss":0,"event_name":"Forgotten Altar","floor":20,"gold_loss":0},{"damage_healed":0,"gold_gain":0,"player_choice":"Stole Relic","damage_taken":0,"relics_obtained":["Ancient Tea Set"],"max_hp_gain":0,"max_hp_loss":0,"event_name":"Addict","floor":21,"gold_loss":0,"cards_obtained":["Shame"]},{"damage_healed":0,"gold_gain":0,"player_choice":"Ignored","damage_taken":0,"max_hp_gain":0,"max_hp_loss":0,"event_name":"Ghosts","floor":22,"gold_loss":0}],"is_beta":false,"boss_relics":[{"not_picked":["SacredBark","Coffee Dripper"],"picked":"Snecko Eye"}],"items_purged_floors":[19],"is_endless":false,"potions_floor_spawned":[3,14,18],"killed_by":"Book of Stabbing","ascension_level":12}}