{"host":"cmyud3of70k6t1eo","time":1609706653,"event":{"mods":["BaseMod","Clawfect","Colored Map","Conspire","Disable Question Mark Monsters","Gremlin Mod","GungeonMod","Hyrulean Relics","Minty Spire (QoL Compilation)","Quick Restart","Replay The Spire","StSLib"],"gold_per_floor":[166,11,22,40,40,40,72,72,72,72,92,103,122,122,122,218,218,235,235,254,16,34,62,62,73,73,73,23,38,58,91,91,192,192,208,208,228,242,254,254,280,280,303,313,313,323,336,370,370,370],"floor_reached":51,"playtime":3074,"items_purged":[],"score":883,"play_id":"9840bf6e-f8a7-4baa-8b46-cbc7b4e9c437","local_time":"20210103154413","is_ascension_mode":false,"campfire_choices":[{"floor":6,"key":"REST"},{"floor":8,"key":"REST"},{"data":"ReplayGash","floor":10,"key":"SMITH"},{"data":"Clawfect:ClawingBeam","floor":15,"key":"SMITH"},{"floor":24,"key":"REST"},{"floor":27,"key":"REST"},{"floor":42,"key":"REST"},{"floor":45,"key":"REST"},{"floor":49,"key":"REST"}],"circlet_count":0,"master_deck":["Gash","Gash","Gash","Gash","Gash+1","Defend_B","Defend_B","Defend_B+1","Defend_B","Clawfect:ClawSnap","ReplayGash+1","Clawfect:ClawAndGloom","Blizzard","Clawfect:Clawter","Clawfect:ClawForTheEyes","Panic Button","Gash","Clawfect:ClawingBeam+1","Conserve Battery","Reboot","Clawfect:ScrapingClaw","Seek","Gash","Clawfect:ClawForTheEyes","Clawfect:ClawpileDriver","Clawfect:ClawpileDriver","ReplaySort+1","Clawfect:ClawCell","ReplayRNGCard","Clawfect:ClawCell","Clawfect:Clawline","Gash+1","Clawfect:ClawpileDriver","Buffer+1","Clawfect:ClawLightning+1","Finesse","Clawfect:ClawingBeam+1","Hologram+1","Gash+1","Turbo+1","Gash+1","Clawfect:ClawForTheEyes+1","Clawfect:ClawForTheEyes+1","Clawfect:ClawingBeam+1"],"relics":["Tiny House","DemoMod:VorpalBullet","conspire:DecoderRing","TheAbacus","Ancient Tea Set","Geode","InkBottle","Regal Pillow","Bag of Preparation","DemoMod:ChaffGrenade"],"acts_visited":["Exordium","TheCity","TheBeyond"],"potions_floor_usage":[16,16,16,29,33,33,41,41,46],"damage_taken":[{"damage":3,"enemies":"Jaw Worm","floor":1,"turns":4},{"damage":13,"enemies":"conspire:RoseBush","floor":3,"turns":4},{"damage":7,"enemies":"2 Louse","floor":4,"turns":4},{"damage":18,"enemies":"3 Sentries","floor":7,"turns":7},{"damage":21,"enemies":"Lots of Slimes","floor":11,"turns":3},{"damage":10,"enemies":"conspire:2 RoseBushes","floor":12,"turns":3},{"damage":0,"enemies":"Looter","floor":13,"turns":3},{"damage":0,"enemies":"Slime Boss","floor":16,"turns":5},{"damage":22,"enemies":"conspire:FuzzyDice","floor":18,"turns":5},{"damage":7,"enemies":"Shell Parasite","floor":20,"turns":4},{"damage":18,"enemies":"Snake Plant","floor":22,"turns":3},{"damage":29,"enemies":"Gremlin Leader","floor":23,"turns":5},{"damage":9,"enemies":"conspire:HollyBat","floor":25,"turns":5},{"damage":7,"enemies":"Chosen and Byrds","floor":29,"turns":4},{"damage":18,"enemies":"Snake Plant","floor":30,"turns":3},{"damage":8,"enemies":"conspire:MimicChest","floor":31,"turns":4},{"damage":15,"enemies":"Champ","floor":33,"turns":4},{"damage":10,"enemies":"3 Darklings","floor":35,"turns":4},{"damage":15,"enemies":"Orb Walker","floor":37,"turns":4},{"damage":35,"enemies":"4 Shapes","floor":38,"turns":3},{"damage":12,"enemies":"Spire Growth","floor":39,"turns":2},{"damage":0,"enemies":"Nemesis","floor":41,"turns":3},{"damage":1,"enemies":"Writhing Mass","floor":44,"turns":4},{"damage":19,"enemies":"4 Shapes","floor":46,"turns":4},{"damage":0,"enemies":"Spire Growth","floor":47,"turns":3},{"damage":3,"enemies":"Giant Head","floor":48,"turns":3},{"damage":31,"enemies":"Time Eater","floor":50,"turns":6}],"seed_played":"2089625825389181219","potions_obtained":[{"floor":0,"key":"BlessingOfTheForge"},{"floor":4,"key":"BlessingOfTheForge"},{"floor":7,"key":"Toxic Potion"},{"floor":11,"key":"Fire Potion"},{"floor":13,"key":"DistilledChaos"},{"floor":18,"key":"Weak Potion"},{"floor":23,"key":"FocusPotion"},{"floor":29,"key":"Fire Potion"},{"floor":33,"key":"DistilledChaos"},{"floor":37,"key":"Adrenaline Potion"},{"floor":38,"key":"SkillPotion"},{"floor":46,"key":"FairyPotion"},{"floor":47,"key":"Elixir"}],"is_trial":false,"path_per_floor":["M","$","M","M","?","R","E","R","T","R","M","M","M","?","R","B",null,"M","?","M","$","M","E","R","M","T","R","$","M","M","?","R_BF","B",null,"M","?","M","M","M","?","E","R","T","M","R","M","M","E","R","B",null],"character_chosen":"DEFECT","items_purchased":["Clawfect:ClawAndGloom","Blizzard","Clawfect:ClawForTheEyes","TheAbacus","Clawfect:ClawpileDriver","Clawfect:ClawCell"],"campfire_rested":7,"item_purchase_floors":[2,2,21,21,21,28],"current_hp_per_floor":[77,77,64,57,57,80,62,80,80,80,59,49,49,75,75,75,80,58,58,51,51,33,4,28,19,19,43,43,36,18,10,34,19,80,70,70,55,20,8,8,8,47,47,46,80,61,61,58,80,49],"gold":370,"neow_bonus":"BOSS_RELIC","is_daily":false,"chose_seed":false,"campfire_upgraded":2,"win_rate":0.0,"timestamp":1609706653,"path_taken":["M","$","M","M","?","R","E","R","T","R","M","M","M","?","R","BOSS","M","?","M","$","M","E","R","?","T","R","$","M","M","?","R_BF","BOSS","M","?","M","M","M","?","E","R","T","?","R","M","M","E","R","BOSS"],"items_purchased_type":["Card","Card","Card","Relic","Card","Card"],"build_version":"2020-12-22","purchased_purges":0,"victory":true,"max_hp_per_floor":[80,80,80,80,80,80,80,80,80,80,80,80,80,80,80,80,80,80,80,80,80,80,80,80,80,80,80,80,80,80,80,80,80,80,80,80,80,80,80,80,80,80,80,80,80,80,80,80,80,80],"card_choices":[{"not_picked":["Panic Button","Capacitor"],"picked":"Clawfect:ClawSnap","floor":0},{"not_picked":["Conserve Battery","Steam Power"],"picked":"ReplayGash","floor":1},{"not_picked":["Fusion","ReplaySolidLightProjector"],"picked":"Clawfect:Clawter","floor":3},{"not_picked":["Seek","Stack"],"picked":"Clawfect:ClawForTheEyes","floor":4},{"not_picked":["Rainbow","Self Repair"],"picked":"Panic Button","floor":7},{"not_picked":["ReplayTheSpireMod:System Scan","ReplayTheSpireMod:GoodbyeWorld"],"picked":"Gash","floor":11},{"not_picked":["FTL","Undo"],"picked":"Clawfect:ClawingBeam","floor":12},{"not_picked":["Panic Button","Hologram"],"picked":"Conserve Battery","floor":13},{"not_picked":["Amplify","ReplayTheSpireMod:Omega Cannon"],"picked":"Reboot","floor":16},{"not_picked":["Clawfect:ClawSnap+1","Clawfect:ClawingBeam"],"picked":"Clawfect:ScrapingClaw","floor":18},{"not_picked":["Panic Button","Double Energy"],"picked":"Gash","floor":20},{"not_picked":["Reprogram","Steam Power"],"picked":"ReplaySort+1","floor":22},{"not_picked":["Gash","Clawfect:ClawSnap"],"picked":"Clawfect:ClawCell","floor":23},{"not_picked":["Panic Button+1","Clawfect:ClawpileDriver"],"picked":"ReplayRNGCard","floor":25},{"not_picked":["BasicCrystalCard","Coolheaded"],"picked":"Clawfect:Clawline","floor":29},{"not_picked":["Rebound+1","FTL"],"picked":"Gash+1","floor":30},{"not_picked":["Leap","Chill"],"picked":"Clawfect:ClawpileDriver","floor":31},{"not_picked":["Seek","Core Surge"],"picked":"Buffer","floor":33},{"not_picked":["Redo+1","Clawfect:Clawter+1"],"picked":"Clawfect:ClawLightning+1","floor":35},{"not_picked":["ReplayTheSpireMod:Trickstab","Replay:Parry"],"picked":"Finesse","floor":36},{"not_picked":["Clawfect:Clawline","Steam+1"],"picked":"Clawfect:ClawingBeam+1","floor":37},{"not_picked":["FTL+1","FIFO Queue+1"],"picked":"Hologram+1","floor":38},{"not_picked":["Electrodynamics","Clawfect:Clawter"],"picked":"Gash+1","floor":39},{"not_picked":["Genetic Algorithm","Hologram+1"],"picked":"Turbo+1","floor":41},{"not_picked":["ReplaySolidLightProjector+1","Reprogram"],"picked":"Gash+1","floor":44},{"not_picked":["Clawfect:ClawLightning+1","Skim+1"],"picked":"Clawfect:ClawForTheEyes+1","floor":46},{"not_picked":["Double Energy","Panic Button"],"picked":"Clawfect:ClawForTheEyes+1","floor":47},{"not_picked":["Panic Button","Loop"],"picked":"Clawfect:ClawingBeam+1","floor":48}],"player_experience":148132,"relics_obtained":[{"floor":7,"key":"DemoMod:VorpalBullet"},{"floor":9,"key":"conspire:DecoderRing"},{"floor":23,"key":"Ancient Tea Set"},{"floor":26,"key":"Geode"},{"floor":31,"key":"InkBottle"},{"floor":41,"key":"Regal Pillow"},{"floor":43,"key":"Bag of Preparation"},{"floor":48,"key":"DemoMod:ChaffGrenade"}],"event_choices":[{"damage_healed":0,"gold_gain":0,"player_choice":"Ignored","damage_taken":0,"max_hp_gain":0,"max_hp_loss":0,"event_name":"Golden Idol","floor":5,"gold_loss":0},{"damage_healed":26,"gold_gain":0,"player_choice":"Banana","damage_taken":0,"max_hp_gain":0,"max_hp_loss":0,"event_name":"Big Fish","floor":14,"gold_loss":0},{"damage_healed":0,"gold_gain":0,"cards_transformed":["Defend_B"],"player_choice":"Transformed","damage_taken":0,"max_hp_gain":0,"max_hp_loss":0,"event_name":"Transmorgrifier","floor":19,"gold_loss":0,"cards_obtained":["Seek"]},{"damage_healed":0,"gold_gain":0,"player_choice":"Memory 1","damage_taken":0,"max_hp_gain":0,"max_hp_loss":0,"event_name":"SensoryStone","floor":36,"gold_loss":0},{"damage_healed":0,"gold_gain":0,"player_choice":"Forge","damage_taken":0,"max_hp_gain":0,"max_hp_loss":0,"event_name":"Accursed Blacksmith","floor":40,"gold_loss":0,"cards_upgraded":["Buffer"]}],"is_beta":false,"boss_relics":[{"not_picked":["Ectoplasm","Ring of Chaos","Astrolabe"]},{"not_picked":["Cursed Key","Fusion Hammer","Replay:Bronze Core"]}],"items_purged_floors":[],"is_endless":false,"potions_floor_spawned":[4,7,11,12,13,18,23,29,33,37,38,46,47],"ascension_level":0}}