{"host":"xjyie0ctswsml60g","time":1609710289,"event":{"mods":["AchievementEnabler","BaseMod","Colored Map","Minty Spire (QoL Compilation)","Quick Restart","SuperFastMode"],"gold_per_floor":[117,117,135,146,159,187,197,224,224,224,234,265,265,281,281,383,383,397,410,610,624,539,539,539,539,539],"floor_reached":25,"playtime":773,"items_purged":[],"score":315,"play_id":"3bd331e2-a80f-4914-8531-d5f479dc7021","local_time":"20210103234449","is_ascension_mode":true,"campfire_choices":[{"data":"CrushJoints","floor":10.0,"key":"SMITH"},{"data":"Eruption","floor":13.0,"key":"SMITH"},{"floor":15.0,"key":"REST"},{"floor":23,"key":"RECALL"}],"circlet_count":0,"master_deck":["Strike_P","Strike_P","Defend_P","Defend_P","Defend_P","Defend_P","Eruption+1","Vigilance","SashWhip+1","SignatureMove","Swivel","EmptyMind","CrushJoints+1","EmptyMind+1","Wallop","Halt+1","RitualDagger"],"relics":["PureWater","Shuriken","Orichalcum","Omamori","Empty Cage","Gremlin Horn"],"acts_visited":["Exordium","TheCity"],"potions_floor_usage":[19],"damage_taken":[{"damage":0.0,"enemies":"Jaw Worm","floor":1.0,"turns":4.0},{"damage":0.0,"enemies":"Cultist","floor":3.0,"turns":2.0},{"damage":0.0,"enemies":"2 Louse","floor":4.0,"turns":2.0},{"damage":4.0,"enemies":"Red Slaver","floor":5.0,"turns":5.0},{"damage":15.0,"enemies":"Lagavulin","floor":6.0,"turns":3.0},{"damage":0.0,"enemies":"Blue Slaver","floor":7.0,"turns":3.0},{"damage":0.0,"enemies":"Gremlin Nob","floor":8.0,"turns":2.0},{"damage":14.0,"enemies":"Looter","floor":11.0,"turns":2.0},{"damage":35.0,"enemies":"Lagavulin","floor":12.0,"turns":4.0},{"damage":0.0,"enemies":"Large Slime","floor":14.0,"turns":5.0},{"damage":0.0,"enemies":"Slime Boss","floor":16.0,"turns":3.0},{"damage":4.0,"enemies":"Chosen","floor":18.0,"turns":3.0},{"damage":25,"enemies":"3 Byrds","floor":19,"turns":5},{"damage":24,"enemies":"Snake Plant","floor":21,"turns":3},{"damage":20,"enemies":"Slavers","floor":25,"turns":2}],"seed_played":"1601979560064285083","potions_obtained":[{"floor":3.0,"key":"Block Potion"},{"floor":6.0,"key":"BottledMiracle"},{"floor":11.0,"key":"GamblersBrew"},{"floor":18.0,"key":"ColorlessPotion"}],"is_trial":false,"path_per_floor":["M","?","M","M","M","E","M","E","T","R","M","E","R","M","R","B",null,"M","M","?","M","?","R","?","E"],"character_chosen":"WATCHER","items_purchased":[],"campfire_rested":1,"item_purchase_floors":[],"current_hp_per_floor":[79,79,79,79,75,60,60,60,60,60,46,11,11,11,34,34,79,75,50,50,26,26,26,20,0,0],"gold":539,"neow_bonus":"TEN_PERCENT_HP_BONUS","is_daily":false,"chose_seed":false,"campfire_upgraded":2,"win_rate":0.0,"timestamp":1609710289,"path_taken":["M","?","?","M","M","E","M","E","T","R","M","E","R","M","R","BOSS","M","M","?","?","?","R","?","E"],"items_purchased_type":[],"build_version":"2020-12-22","purchased_purges":0,"victory":false,"max_hp_per_floor":[79,79,79,79,79,79,79,79,79,79,79,79,79,79,79,79,79,79,79,79,79,79,79,79,79,79],"card_choices":[{"not_picked":["Halt","BowlingBash"],"picked":"SashWhip","floor":1.0},{"not_picked":["Pray","CutThroughFate","Halt"],"picked":"SKIP","floor":3.0},{"not_picked":["Protect","Indignation"],"picked":"SignatureMove","floor":4.0},{"not_picked":["Consecrate","PathToVictory","FlyingSleeves"],"picked":"SKIP","floor":5.0},{"not_picked":["InnerPeace","CutThroughFate"],"picked":"Swivel","floor":6.0},{"not_picked":["ClearTheMind","BowlingBash"],"picked":"EmptyMind","floor":7.0},{"not_picked":["JustLucky","FlurryOfBlows"],"picked":"CrushJoints","floor":8.0},{"not_picked":["JustLucky","Vault","Consecrate"],"picked":"SKIP","floor":11.0},{"not_picked":["Worship","Crescendo","JustLucky"],"picked":"SKIP","floor":12.0},{"not_picked":["Wireheading","BattleHymn","FollowUp"],"picked":"SKIP","floor":14.0},{"not_picked":["PathToVictory","EmptyFist+1"],"picked":"EmptyMind+1","floor":18.0},{"not_picked":["PathToVictory","CrushJoints"],"picked":"Wallop","floor":19},{"not_picked":["Vengeance","CarveReality"],"picked":"Halt+1","floor":21}],"player_experience":512943,"relics_obtained":[{"floor":6.0,"key":"Shuriken"},{"floor":8.0,"key":"Orichalcum"},{"floor":12.0,"key":"Omamori"}],"event_choices":[{"damage_healed":0.0,"max_hp_gain":0.0,"max_hp_loss":0.0,"gold_gain":0.0,"event_name":"Upgrade Shrine","player_choice":"Upgraded","floor":2.0,"gold_loss":0.0,"damage_taken":0.0,"cards_upgraded":["SashWhip"]},{"damage_healed":0,"gold_gain":250,"player_choice":"Bet on Owner","damage_taken":0,"max_hp_gain":0,"max_hp_loss":0,"event_name":"The Joust","floor":20,"gold_loss":50},{"damage_healed":0,"gold_gain":0,"player_choice":"Obtained Relic","damage_taken":0,"relics_obtained":["Gremlin Horn"],"max_hp_gain":0,"max_hp_loss":0,"event_name":"Addict","floor":22,"gold_loss":85},{"damage_healed":0,"gold_gain":0,"player_choice":"Joined the Cult","damage_taken":6,"max_hp_gain":0,"max_hp_loss":0,"event_name":"Nest","floor":24,"gold_loss":0,"cards_obtained":["RitualDagger"]}],"is_beta":false,"boss_relics":[{"not_picked":["SacredBark","Sozu"],"picked":"Empty Cage"}],"items_purged_floors":[],"is_endless":false,"potions_floor_spawned":[3,6,11,18],"killed_by":"Slavers","ascension_level":1}}