{"host":"h3c6rtdc4153hgw2","time":1609704185,"event":{"mods":["AchievementEnabler","Aspiration","BaseMod","Beaked The Cultist","Colored Map","Colored Powertips","Googly Eyes","Hermit","Hubris","Marisa????????","Minty Spire (QoL Compilation)","Permanent Neow","Quick Restart","StSLib","The Construct","The Cursed","The Hierophant","The Necromancer"],"gold_per_floor":[110,110,110,123,142,186,171,271,271,284,132,307,330,351,351,476,476,489,579,600,600,600],"floor_reached":21,"playtime":1124,"items_purged":[],"score":183,"play_id":"87f3d934-e9dd-456f-9ffa-f6fbd6e390c9","local_time":"20210103200305","is_ascension_mode":false,"campfire_choices":[{"data":"beaked:Brace","floor":15,"key":"SMITH"}],"circlet_count":0,"master_deck":["beaked:Strike_Y","beaked:Strike_Y","beaked:Strike_Y","beaked:Strike_Y","beaked:Strike_Y","beaked:Strike_Y","beaked:Defend_Y","beaked:Defend_Y","beaked:Defend_Y","beaked:Defend_Y","beaked:Ceremony","beaked:Ceremony","beaked:Ceremony","beaked:Brace+1","Injury","beaked:SurvivalInstinct","beaked:BloodForTheGods","beaked:TuckingFeathers","beaked:DesperateSwing","Doubt","beaked:Evade","beaked:Daydream","beaked:Foresight+1"],"relics":["beaked:BlessedCoat","aspiration:Nostalgia","Burning Blood","hubris:Towel","Golden Idol","Bottled Tornado","Mummified Hand","Bag of Marbles"],"acts_visited":["Exordium","TheCity"],"potions_floor_usage":[7,16,16,20,21],"damage_taken":[{"damage":22,"enemies":"Small Slimes","floor":1,"turns":5},{"damage":5,"enemies":"2 Louse","floor":4,"turns":5},{"damage":10,"enemies":"Cultist","floor":5,"turns":4},{"damage":22,"enemies":"Lagavulin","floor":6,"turns":8},{"damage":30,"enemies":"Exordium Thugs","floor":7,"turns":4},{"damage":13,"enemies":"2 Fungi Beasts","floor":10,"turns":5},{"damage":34,"enemies":"3 Louse","floor":13,"turns":4},{"damage":30,"enemies":"Blue Slaver","floor":14,"turns":6},{"damage":40,"enemies":"The Guardian","floor":16,"turns":8},{"damage":54,"enemies":"Spheric Guardian","floor":18,"turns":8},{"damage":40,"enemies":"Chosen","floor":20,"turns":8},{"damage":45,"enemies":"Snake Plant","floor":21,"turns":6}],"seed_played":"-95761993316374126","potions_obtained":[{"floor":4,"key":"SteroidPotion"},{"floor":6,"key":"Fruit Juice"},{"floor":13,"key":"DuplicationPotion"},{"floor":14,"key":"DistilledChaos"},{"floor":20,"key":"Energy Potion"}],"is_trial":false,"path_per_floor":["M","?","?","M","M","E","M","?","T","M","$","?","M","M","R","B",null,"M","?","M","M"],"character_chosen":"BEAKED_THE_CULTIST","items_purchased":["Bag of Marbles"],"campfire_rested":0,"item_purchase_floors":[11],"current_hp_per_floor":[43,43,43,50,50,46,35,35,35,42,42,42,45,52,52,38,55,30,18,11,0,0],"gold":600,"neow_bonus":"NOSTALGIA","is_daily":false,"chose_seed":false,"campfire_upgraded":1,"win_rate":0.0,"timestamp":1609704185,"path_taken":["M","?","?","M","M","E","M","?","T","?","?","?","M","M","R","BOSS","M","?","M","M"],"items_purchased_type":["Relic"],"build_version":"2020-12-22","purchased_purges":0,"victory":false,"max_hp_per_floor":[50,50,50,50,50,50,55,55,55,55,55,55,55,55,55,55,55,55,55,55,55,55],"card_choices":[{"not_picked":["beaked:CursingBlood","beaked:WarriorEssence"],"picked":"beaked:Brace","floor":1},{"not_picked":["beaked:TuckingFeathers","beaked:Tweet"],"picked":"beaked:SurvivalInstinct","floor":4},{"not_picked":["beaked:Resilience","beaked:Tradeoff"],"picked":"beaked:BloodForTheGods","floor":5},{"not_picked":["beaked:TuckingFeathers","beaked:Redirect","beaked:DigDeeper"],"picked":"SKIP","floor":6},{"not_picked":["beaked:CursingBlood","beaked:BraceForImpact"],"picked":"beaked:TuckingFeathers","floor":7},{"not_picked":["beaked:BounceBack","beaked:Negation"],"picked":"beaked:DesperateSwing","floor":10},{"not_picked":["beaked:Poke","beaked:BraceForImpact"],"picked":"beaked:Evade","floor":13},{"not_picked":["beaked:BraceForImpact","beaked:Flinch"],"picked":"beaked:Daydream","floor":14},{"not_picked":["beaked:CursingBlood","beaked:Brace","beaked:FeelMyPain"],"picked":"SKIP","floor":18},{"not_picked":["beaked:StunningBlow+1","beaked:Molting"],"picked":"beaked:Foresight+1","floor":20}],"player_experience":119078,"relics_obtained":[{"floor":6,"key":"Bottled Tornado"},{"floor":9,"key":"Mummified Hand"}],"event_choices":[{"damage_healed":0,"gold_gain":0,"player_choice":"Take Wound","damage_taken":0,"relics_obtained":["Golden Idol"],"max_hp_gain":0,"max_hp_loss":0,"event_name":"Golden Idol","floor":3,"gold_loss":0,"cards_obtained":["Injury"]},{"damage_healed":0,"gold_gain":100,"player_choice":"Pray","damage_taken":0,"max_hp_gain":0,"max_hp_loss":0,"event_name":"Golden Shrine","floor":8,"gold_loss":0},{"damage_healed":0,"gold_gain":175,"player_choice":"AGREE","damage_taken":0,"max_hp_gain":0,"max_hp_loss":0,"event_name":"Liars Game","floor":12,"gold_loss":0,"cards_obtained":["Doubt"]},{"damage_healed":0,"gold_gain":90,"player_choice":"GOLD ","damage_taken":12,"max_hp_gain":0,"max_hp_loss":0,"event_name":"Knowing Skull","floor":19,"potions_obtained":[],"gold_loss":0,"cards_obtained":[]}],"is_beta":false,"boss_relics":[{"not_picked":["hubris:HollowSoul","SacredBark"],"picked":"beaked:BlessedCoat"}],"items_purged_floors":[],"is_endless":false,"potions_floor_spawned":[4,6,13,14,20],"killed_by":"Snake Plant","ascension_level":0}}