{"host":"8lgo2trwv2o0qyml","time":1609639625,"event":{"mods":["BaseMod","Colored Map","Colored Powertips","DeckTracker","Highlight Path","Hubris","Infinite Spire","Minty Spire (QoL Compilation)","Quick Restart","Random Character Button","Relic Sorter","Replay The Spire","StSLib","SuperFastMode","Synergy Search","The Jungle"],"gold_per_floor":[117,183,198,198,66,91,91,91,117,131,143,159,186,209,209,319,319,351,399,424,64,0,12,12],"floor_reached":23,"playtime":2015,"items_purged":["Regret"],"score":203,"play_id":"2574c9e9-e37f-49dc-ac36-6a6fe6a8ea48","local_time":"20210102210705","is_ascension_mode":false,"campfire_choices":[{"floor":7,"key":"REST"},{"floor":15,"key":"REST"}],"circlet_count":0,"master_deck":["Strike_R","Strike_R","Strike_R","Strike_R","Strike_R","Defend_R","Defend_R","Defend_R","Defend_R","Bash","Warcry","Whirlwind","Cleave","Metamorphosis","Metamorphosis","ReplayTheSpireMod:Strike From Hell","Warcry","infinitespire:Collect","Headbutt","Anger","ReplayTheSpireMod:Stacked","Flex","Flex","Demon Form","Replay:Undeath\u0027s Touch","Headbutt","Headbutt","Flex+1"],"relics":["Burning Blood","Dream Catcher","Snack Pack","Blue Doll","Bronze Scales","hubris:ChampionShield","Replay:Bandana","Runic Pyramid","Kunai"],"acts_visited":["Exordium","TheCity"],"potions_floor_usage":[6,13,16,16,19,23],"damage_taken":[{"damage":12,"enemies":"Small Slimes","floor":1,"turns":5},{"damage":1,"enemies":"Jaw Worm","floor":3,"turns":5},{"damage":37,"enemies":"Lagavulin","floor":6,"turns":6},{"damage":18,"enemies":"2 Louse","floor":10,"turns":3},{"damage":2,"enemies":"Looter","floor":11,"turns":4},{"damage":6,"enemies":"3 Louse","floor":12,"turns":2},{"damage":22,"enemies":"3 Sentries","floor":13,"turns":4},{"damage":13,"enemies":"Large Slime","floor":14,"turns":4},{"damage":26,"enemies":"Fading Forest","floor":16,"turns":11},{"damage":10,"enemies":"Chosen","floor":18,"turns":4},{"damage":0,"enemies":"3 Byrds","floor":19,"turns":3},{"damage":63,"enemies":"Centurion and Healer","floor":20,"turns":9},{"damage":25,"enemies":"Gremlin Leader","floor":23,"turns":4}],"seed_played":"-3133295420640148712","potions_obtained":[{"floor":2,"key":"Energy Potion"},{"floor":3,"key":"BloodPotion"},{"floor":6,"key":"Fire Potion"},{"floor":11,"key":"Swift Potion"},{"floor":16,"key":"BlessingOfTheForge"},{"floor":18,"key":"Venom Potion"}],"is_trial":false,"path_per_floor":["M","?","M","?","$","E","R","?","T","M","M","M","E","M","R","B",null,"M","M","M","$","?","E"],"character_chosen":"IRONCLAD","items_purchased":["Metamorphosis","Kunai","Flex+1"],"campfire_rested":2,"item_purchase_floors":[5,21,21],"current_hp_per_floor":[74,54,59,59,59,34,58,38,38,26,30,30,16,11,35,55,80,78,80,23,23,23,0,0],"gold":12,"neow_bonus":"RANDOM_COMMON_RELIC","is_daily":false,"chose_seed":false,"campfire_upgraded":0,"win_rate":0.0,"timestamp":1609639625,"path_taken":["M","?","M","?","$","E","R","?","T","M","M","M","E","M","R","BOSS","M","M","M","$","?","E"],"items_purchased_type":["Card","Relic","Card"],"build_version":"2020-12-22","purchased_purges":1,"victory":false,"max_hp_per_floor":[80,80,80,80,80,80,80,80,80,80,80,80,80,80,80,80,80,80,80,80,80,80,80,80],"card_choices":[{"not_picked":["Twin Strike","Abandon"],"picked":"Warcry","floor":1},{"not_picked":["hubris:CleavingFinish","Clothesline"],"picked":"Whirlwind","floor":2},{"not_picked":["Blood for Blood","Burning Pact"],"picked":"Cleave","floor":3},{"not_picked":["Flex","Iron Wave"],"picked":"ReplayTheSpireMod:Strike From Hell","floor":6},{"not_picked":["Offering","Clothesline"],"picked":"Warcry","floor":7},{"not_picked":["infinitespire:Menacing","infinitespire:NeuralNetwork"],"picked":"infinitespire:Collect","floor":8},{"not_picked":["ReplayTheSpireMod:Muscle Training","Hemokinesis","hubris:CleavingFinish"],"picked":"SKIP","floor":10},{"not_picked":["Second Wind","Cleave"],"picked":"Headbutt","floor":11},{"not_picked":["Battle Trance","Sever Soul"],"picked":"Anger","floor":12},{"not_picked":["Iron Wave","Feel No Pain"],"picked":"ReplayTheSpireMod:Stacked","floor":13},{"not_picked":["Brutality","Pommel Strike"],"picked":"Flex","floor":14},{"not_picked":["True Grit","Body Slam"],"picked":"Flex","floor":15},{"not_picked":["Corruption","Reaper"],"picked":"Demon Form","floor":16},{"not_picked":["Entrench+1","ReplayTheSpireMod:Strike From Hell"],"picked":"Replay:Undeath\u0027s Touch","floor":18},{"not_picked":["Body Slam","Dropkick"],"picked":"Headbutt","floor":19},{"not_picked":["Carnage+1","Intimidate"],"picked":"Headbutt","floor":20}],"player_experience":0,"relics_obtained":[{"floor":2,"key":"Snack Pack"},{"floor":6,"key":"Bronze Scales"},{"floor":9,"key":"hubris:ChampionShield"},{"floor":13,"key":"Replay:Bandana"}],"event_choices":[{"damage_healed":0,"gold_gain":0,"player_choice":"Box","damage_taken":0,"relics_obtained":["Blue Doll"],"max_hp_gain":0,"max_hp_loss":0,"event_name":"Big Fish","floor":4,"gold_loss":0,"cards_obtained":["Regret"]},{"damage_healed":0,"gold_gain":0,"player_choice":"Paid Fearfully","damage_taken":0,"max_hp_gain":0,"max_hp_loss":0,"event_name":"Masked Bandits","floor":22,"gold_loss":64}],"is_beta":false,"boss_relics":[{"not_picked":["Kintsugi","ReplayTheSpireMod:DimensionalGlitch"],"picked":"Runic Pyramid"}],"items_purged_floors":[21],"is_endless":false,"potions_floor_spawned":[3,6,11,12,16,18],"killed_by":"Gremlin Leader","ascension_level":0}}