{"host":"g76rhe4j5kh9hdf9","time":1609661360,"event":{"mods":["Act Like it!","BaseMod","Better Third Choice","GifTheSpireLib","Minty Spire (QoL Compilation)","Relic Stats","Spicy Shops","StSLib","The Marked"],"gold_per_floor":[110,130,130,130,145,178,178,188,188,218,218,43,43,77,77,182,182,198,209,222,70,88,123,123,134,160,160,160,160,160,9,9,105,105,121,121,83,95,108,108,138,138,218,253,269,319,329,329,329,329,329,329,116,146,146,146],"floor_reached":55,"playtime":2923,"items_purged":["theMarked:Strike","theMarked:Strike","theMarked:BanishingStrike+1"],"score":922,"play_id":"d2c1ba21-77c1-4202-866a-99e68f86704e","local_time":"20210103000920","is_ascension_mode":true,"campfire_choices":[{"data":"theMarked:Abjuration","floor":7,"key":"SMITH"},{"data":"theMarked:WardOff","floor":11,"key":"SMITH"},{"data":"theMarked:KeepCalmAndFightOn","floor":13,"key":"SMITH"},{"data":"theMarked:Defend","floor":15,"key":"SMITH"},{"data":"theMarked:Seal","floor":24,"key":"SMITH"},{"data":"theMarked:Levitate","floor":27,"key":"SMITH"},{"data":"theMarked:DeterminationOfTheMarked","floor":30,"key":"SMITH"},{"data":"theMarked:HeritageOfTheMarked","floor":32,"key":"SMITH"},{"data":"Bandage Up","floor":40,"key":"SMITH"},{"floor":42,"key":"RECALL"},{"data":"theMarked:HeritageOfTheMarked","floor":49,"key":"SMITH"},{"data":"theMarked:Defend","floor":52,"key":"SMITH"}],"circlet_count":0,"master_deck":["theMarked:Defend+1","theMarked:Defend","theMarked:Defend+1","theMarked:SoldierOfQuellstein+1","theMarked:Abjuration+1","theMarked:KeepCalmAndFightOn+1","theMarked:WardOff+1","theMarked:TwofoldDefense+1","theMarked:Levitate+1","theMarked:HeritageOfTheMarked+1","theMarked:Seal+1","theMarked:HeritageOfTheMarked+1","theMarked:DeterminationOfTheMarked+1","theMarked:WardOff+1","theMarked:Levitate+1","theMarked:Abjuration+1","theMarked:Levitate+1","theMarked:SummonStrength+1","theMarked:TwofoldDefense+1","Bandage Up+1","theMarked:BanishingWave+1","theMarked:TwofoldDefense+1","Finesse"],"relics":["theMarked:ArtifactOfAir","Happy Flower","InkBottle","Pantograph","War Paint","Molten Egg 2","Sozu","Omamori","Akabeko","DollysMirror","Astrolabe","Blue Candle","Mercury Hourglass","theMarked:DemonDagger","Prayer Wheel","Bottled Tornado"],"acts_visited":["Exordium","TheCity","TheBeyond","TheEnding"],"potions_floor_usage":[6,6,23,41,55],"damage_taken":[{"damage":2.0,"enemies":"Jaw Worm","floor":1.0,"turns":4.0},{"damage":0.0,"enemies":"Small Slimes","floor":2.0,"turns":3.0},{"damage":0.0,"enemies":"Cultist","floor":5.0,"turns":3.0},{"damage":0,"enemies":"3 Sentries","floor":6,"turns":3},{"damage":0,"enemies":"Lots of Slimes","floor":8,"turns":1},{"damage":14,"enemies":"Gremlin Nob","floor":10,"turns":3},{"damage":0,"enemies":"Lagavulin","floor":14,"turns":3},{"damage":0,"enemies":"Slime Boss","floor":16,"turns":4},{"damage":0,"enemies":"Chosen","floor":18,"turns":4},{"damage":4,"enemies":"Spheric Guardian","floor":19,"turns":4},{"damage":2,"enemies":"Centurion and Healer","floor":20,"turns":4},{"damage":0,"enemies":"Cultist and Chosen","floor":22,"turns":4},{"damage":0,"enemies":"Gremlin Leader","floor":23,"turns":4},{"damage":3,"enemies":"Snecko","floor":25,"turns":4},{"damage":60,"enemies":"Champ","floor":33,"turns":10},{"damage":10,"enemies":"3 Darklings","floor":35,"turns":5},{"damage":0,"enemies":"3 Shapes","floor":38,"turns":2},{"damage":0,"enemies":"Transient","floor":39,"turns":5},{"damage":36,"enemies":"Nemesis","floor":41,"turns":7},{"damage":10,"enemies":"Giant Head","floor":44,"turns":7},{"damage":0,"enemies":"Jaw Worm Horde","floor":45,"turns":1},{"damage":0,"enemies":"Mind Bloom Boss Battle","floor":46,"turns":4},{"damage":17,"enemies":"Spire Growth","floor":47,"turns":4},{"damage":15,"enemies":"Time Eater","floor":50,"turns":13},{"damage":22,"enemies":"Shield and Spear","floor":54,"turns":4},{"damage":65,"enemies":"The Heart","floor":55,"turns":3}],"seed_played":"-7942548262952078549","potions_obtained":[{"floor":4.0,"key":"ColorlessPotion"},{"floor":4.0,"key":"Dexterity Potion"},{"floor":4.0,"key":"Explosive Potion"},{"floor":5.0,"key":"LiquidMemories"},{"floor":10,"key":"Energy Potion"},{"floor":16,"key":"EssenceOfSteel"}],"is_trial":false,"path_per_floor":["M","M","?","?","M","E","R","M","T","E","R","$","R","E","R","B",null,"M","M","M","$","M","E","R","M","T","R","?","?","R","$","R","B",null,"M","?","$","M","M","R","E","R","T","E","M","?","M","?","R","B",null,"R","$","E","B"],"character_chosen":"THE_DEFAULT","items_purchased":["Omamori","DollysMirror","theMarked:BanishingWave+1","Finesse"],"campfire_rested":0,"item_purchase_floors":[21,31,37,53],"current_hp_per_floor":[61,61,58,58,58,58,58,58,58,44,44,44,44,44,44,63,63,63,59,57,57,57,57,57,54,54,54,54,54,54,54,54,3,63,53,43,43,43,47,47,17,17,17,13,13,44,33,33,33,48,63,63,63,47,0,0],"gold":146,"neow_bonus":"THREE_RARE_CARDS","is_daily":false,"chose_seed":false,"campfire_upgraded":11,"win_rate":0.0,"timestamp":1609661360,"path_taken":["M","M","?","?","?","E","R","M","T","E","R","$","R","E","R","BOSS","M","M","?","$","M","E","R","M","T","R","?","?","R","?","R","BOSS","M","?","$","M","M","R","E","R","T","E","M","?","M","?","R","BOSS","R","$","E","BOSS"],"items_purchased_type":["Relic","Relic","Card","Card"],"build_version":"2020-12-22","purchased_purges":3,"victory":false,"max_hp_per_floor":[63,63,63,63,63,63,63,63,63,63,63,63,63,63,63,63,63,63,63,63,63,63,63,63,63,63,63,63,63,63,63,63,63,63,63,63,63,63,63,63,63,63,63,63,63,63,63,63,63,63,63,63,63,63,63,63],"relic_stats":{"Sozu":7,"Happy Flower":[35],"counters":[26,110],"Pantograph":94,"Astrolabe":["theMarked:Levitate","theMarked:SummonStrength","theMarked:TwofoldDefense"],"Blue Candle":[0],"Prayer Wheel":1,"War Paint":["theMarked:TwofoldDefense","theMarked:SoldierOfQuellstein"],"obtain_stats":[{"theMarked:DemonDagger":44,"Happy Flower":3,"Astrolabe":34,"Blue Candle":41,"Omamori":21,"War Paint":10,"Bottled Tornado":54,"Akabeko":23,"Mercury Hourglass":43,"Sozu":17,"theMarked:ArtifactOfAir":0,"DollysMirror":31,"Pantograph":9,"Molten Egg 2":14,"Prayer Wheel":46,"InkBottle":6},{"theMarked:DemonDagger":20,"Happy Flower":2,"Astrolabe":15,"Blue Candle":19,"Omamori":11,"War Paint":6,"Bottled Tornado":25,"Akabeko":13,"Mercury Hourglass":19,"Sozu":8,"theMarked:ArtifactOfAir":0,"DollysMirror":14,"Pantograph":5,"Molten Egg 2":7,"Prayer Wheel":22,"InkBottle":4},{"theMarked:DemonDagger":83,"Happy Flower":7,"Astrolabe":58,"Blue Candle":76,"Omamori":36,"War Paint":17,"Bottled Tornado":107,"Akabeko":44,"Mercury Hourglass":76,"Sozu":24,"theMarked:ArtifactOfAir":0,"DollysMirror":48,"Pantograph":14,"Molten Egg 2":20,"Prayer Wheel":88,"InkBottle":13}],"InkBottle":[37],"Mercury Hourglass":[102]},"card_choices":[{"not_picked":["theMarked:MuscleMemory","theMarked:FavorableWinds"],"picked":"theMarked:Abjuration","floor":0.0},{"not_picked":["theMarked:EmpowerWeapon","theMarked:Improvise","theMarked:Parry"],"picked":"SKIP","floor":1.0},{"not_picked":["theMarked:Overcharge","theMarked:RepellingDischarge"],"picked":"theMarked:KeepCalmAndFightOn","floor":2.0},{"not_picked":["theMarked:RepellingDischarge","theMarked:WastefulDefense","theMarked:Static"],"picked":"SKIP","floor":5.0},{"not_picked":["theMarked:SoldierForm","theMarked:Indomitable","theMarked:WastefulAttack"],"picked":"SKIP","floor":6},{"not_picked":["theMarked:RepellingDischarge","theMarked:ElectricStrings"],"picked":"theMarked:WardOff","floor":8},{"not_picked":["theMarked:Panic","theMarked:Parry"],"picked":"theMarked:TwofoldDefense","floor":10},{"not_picked":["theMarked:Electrify","theMarked:Electrocute+1","theMarked:Opportunist"],"picked":"SKIP","floor":14},{"not_picked":["theMarked:Snap+1","theMarked:MagicAdept"],"picked":"theMarked:Levitate","floor":16},{"not_picked":["theMarked:Parkour+1","theMarked:ResourceFulStrike+1","theMarked:ElectricStrings+1"],"picked":"SKIP","floor":18},{"not_picked":["theMarked:SelfDefenseTraining+1","theMarked:HeightenedSenses+1"],"picked":"theMarked:HeritageOfTheMarked","floor":19},{"not_picked":["theMarked:EmpowerWeapon","theMarked:HeritageOfTheMarked"],"picked":"theMarked:Seal","floor":20},{"not_picked":["theMarked:Improvise","theMarked:Convert+1"],"picked":"theMarked:HeritageOfTheMarked","floor":22},{"not_picked":["theMarked:WastefulAttack+1","theMarked:BanishingStrike+1"],"picked":"theMarked:DeterminationOfTheMarked","floor":23},{"not_picked":["theMarked:ContemptForTheProud+1","theMarked:Static+1"],"picked":"theMarked:WardOff+1","floor":25},{"not_picked":["theMarked:ThrowWeapon+1","theMarked:Snap+1"],"picked":"theMarked:Abjuration+1","floor":33},{"not_picked":["theMarked:SwordAndMagic+1","theMarked:Aftermath","theMarked:Polarize"],"picked":"SKIP","floor":35},{"not_picked":["Metamorphosis","Mind Blast+1"],"picked":"Bandage Up","floor":36},{"not_picked":["theMarked:Frustration+1","theMarked:SelfDefenseTraining+1","theMarked:Aftermath"],"picked":"SKIP","floor":38},{"not_picked":["theMarked:HeightenedSenses+1","theMarked:RogueSparks","theMarked:BanishingStrike+1"],"picked":"SKIP","floor":39},{"not_picked":["theMarked:FavorableWinds","theMarked:ResourceFulStrike+1","theMarked:ContemptForTheProud+1"],"picked":"SKIP","floor":41},{"not_picked":["theMarked:AttractMetal","theMarked:RepellingDischarge","theMarked:Frustration+1"],"picked":"SKIP","floor":44},{"not_picked":["theMarked:Aftermath+1","theMarked:WastefulDefense","theMarked:SwordAndMagic+1"],"picked":"SKIP","floor":45},{"not_picked":["theMarked:WastefulAttack+1","theMarked:Improvise"],"picked":"theMarked:TwofoldDefense+1","floor":47},{"not_picked":["theMarked:ElectricStrings+1","theMarked:Static","theMarked:Parry+1"],"picked":"SKIP","floor":47},{"not_picked":["theMarked:Opportunist+1","theMarked:Overthink","theMarked:SwordAndMagic+1"],"picked":"SKIP","floor":54}],"player_experience":461059,"relics_obtained":[{"floor":6,"key":"InkBottle"},{"floor":9,"key":"Pantograph"},{"floor":10,"key":"War Paint"},{"floor":14,"key":"Molten Egg 2"},{"floor":23,"key":"Akabeko"},{"floor":41,"key":"Blue Candle"},{"floor":43,"key":"Mercury Hourglass"},{"floor":44,"key":"theMarked:DemonDagger"},{"floor":46,"key":"Prayer Wheel"},{"floor":54,"key":"Bottled Tornado"}],"event_choices":[{"damage_healed":0.0,"max_hp_gain":0.0,"max_hp_loss":0.0,"gold_gain":0.0,"event_name":"betterThird:BetterScrap","player_choice":"Relic ","floor":3.0,"gold_loss":0.0,"damage_taken":3.0,"cards_obtained":["Recycle"]},{"damage_healed":0.0,"max_hp_gain":0.0,"max_hp_loss":0.0,"gold_gain":0.0,"event_name":"Lab","player_choice":"Got Potions","floor":4.0,"gold_loss":0.0,"damage_taken":0.0},{"cards_removed":["theMarked:Strike"],"damage_healed":0,"gold_gain":0,"player_choice":"Elegance","damage_taken":0,"max_hp_gain":0,"max_hp_loss":0,"event_name":"betterThird:BetterWriting","floor":28,"gold_loss":0},{"damage_healed":0,"gold_gain":0,"player_choice":"Read","damage_taken":0,"max_hp_gain":0,"max_hp_loss":0,"event_name":"The Library","floor":29,"gold_loss":0,"cards_obtained":["theMarked:BanishingStrike"]},{"damage_healed":0,"gold_gain":0,"player_choice":"Memory 3","damage_taken":10,"max_hp_gain":0,"max_hp_loss":0,"event_name":"SensoryStone","floor":36,"gold_loss":0},{"damage_healed":0,"gold_gain":0,"player_choice":"Fight","damage_taken":0,"max_hp_gain":0,"max_hp_loss":0,"event_name":"MindBloom","floor":46,"gold_loss":0},{"damage_healed":0,"gold_gain":0,"player_choice":"Ignored","damage_taken":0,"max_hp_gain":0,"max_hp_loss":0,"event_name":"Tomb of Lord Red Mask","floor":48,"gold_loss":0}],"is_beta":false,"boss_relics":[{"not_picked":["Philosopher\u0027s Stone","SacredBark"],"picked":"Sozu"},{"not_picked":["Pandora\u0027s Box","Runic Dome"],"picked":"Astrolabe"}],"items_purged_floors":[12,12,53],"is_endless":false,"potions_floor_spawned":[5,10,16,18,20,25,45,46,47,54],"killed_by":"The Heart","ascension_level":2}}