{"host":"gsmj583br51y3r1c","time":1609683871,"event":{"mods":["AchievementEnabler","BaseMod","Better Note","Colored Map","Downfall","Hermit","Highlight Path","Hubris","Infinite Spire","Marisa????????","Minty Spire (QoL Compilation)","Quick Restart","StSLib","The Administrix","The Bug Knight","The Cursed","The Disciple","The Hierophant","The Marked","The Necromancer","The Runesmith","The Servant 0.9.4","Unceasing Turn Reminder","everything is the same but u backflip on backflip"],"gold_per_floor":[113,113,128,144,161,172,24,24,24],"floor_reached":8,"playtime":623,"items_purged":[],"score":50,"play_id":"bdde8081-31a4-4c9d-8bfe-7d97570fc52a","local_time":"20210103162431","is_ascension_mode":false,"campfire_choices":[],"circlet_count":0,"master_deck":["Strike_MRS","Strike_MRS","Strike_MRS","Strike_MRS","Defend_MRS","Defend_MRS","Defend_MRS","Defend_MRS","MasterSpark","UpSweep","GalacticHalo","PulseMagic","LuminesStrike","SuperNova","SprinkleStarSeal"],"relics":["MiniHakkero","NeowsBlessing","Membership Card"],"acts_visited":["Exordium"],"potions_floor_usage":[8],"damage_taken":[{"damage":0,"enemies":"Small Slimes","floor":1,"turns":1},{"damage":0,"enemies":"Jaw Worm","floor":3,"turns":1},{"damage":0,"enemies":"2 Louse","floor":4,"turns":1},{"damage":19,"enemies":"Blue Slaver","floor":5,"turns":3},{"damage":7,"enemies":"Exordium Wildlife","floor":6,"turns":4},{"damage":0,"enemies":"3 Sentries","floor":8,"turns":2}],"seed_played":"-7274017530519702169","potions_obtained":[{"floor":3,"key":"Ancient Potion"},{"floor":5,"key":"BottledSpark"}],"is_trial":false,"path_per_floor":["M","?","M","M","M","M","$","E"],"character_chosen":"MARISA","items_purchased":["Membership Card"],"campfire_rested":0,"item_purchase_floors":[7],"current_hp_per_floor":[75,75,75,75,56,49,49,49,49],"gold":24,"neow_bonus":"THREE_ENEMY_KILL","is_daily":false,"chose_seed":false,"campfire_upgraded":0,"win_rate":0.0,"timestamp":1609683871,"path_taken":["M","?","M","M","M","M","$","E"],"items_purchased_type":["Relic"],"build_version":"2020-12-22","purchased_purges":0,"victory":false,"max_hp_per_floor":[75,75,75,75,75,75,75,75,75],"card_choices":[{"not_picked":["NonDirectionalLaser","SporeBomb"],"picked":"GalacticHalo","floor":1},{"not_picked":["Acceleration","WitchLeyline"],"picked":"PulseMagic","floor":3},{"not_picked":["MysteriousBeam","UnstableBomb"],"picked":"LuminesStrike","floor":4},{"not_picked":["GasGiant","WitchOfGreed"],"picked":"SuperNova","floor":5},{"not_picked":["WitchOfGreed","DC"],"picked":"SprinkleStarSeal","floor":6}],"player_experience":291690,"relics_obtained":[],"event_choices":[],"is_beta":false,"boss_relics":[],"items_purged_floors":[],"is_endless":false,"potions_floor_spawned":[3,5],"killed_by":"3 Sentries","ascension_level":0}}