{"host":"obbn5gje3893ci3z","time":1609691557,"event":{"mods":["BaseMod","Colored Powertips","Minty Spire (QoL Compilation)","Remilia£®¿Ÿ√◊¿Ú—«£©"],"gold_per_floor":[119,119,119,119,294,320,330,330,330,330,348,348,348,361,361,466,466,480,579,603,636,457,503,503,539,539,539,146,186,16,27,27,147,147,165,165,182,214,249,249,249,249,249,99,99,134,154,202,202,222],"floor_reached":51,"playtime":4549,"items_purged":["Strike_RM","Strike_RM","Defend_RM","Strike_RM"],"score":819,"play_id":"d3b4e424-cd6e-41de-a80d-f7a4d46c96c9","local_time":"20210104003237","is_ascension_mode":false,"campfire_choices":[{"data":"TwelveNightmare","floor":8.0,"key":"SMITH"},{"data":"RedMagic","floor":10.0,"key":"SMITH"},{"data":"MillenniumVampire","floor":13.0,"key":"SMITH"},{"data":"NightDance","floor":15.0,"key":"SMITH"},{"data":"VampireClaw","floor":24.0,"key":"SMITH"},{"data":"UnstableMagic","floor":27.0,"key":"SMITH"},{"data":"RedMoon","floor":32.0,"key":"SMITH"},{"data":"ScarletMeister","floor":40,"key":"SMITH"},{"data":"NightDance","floor":42,"key":"SMITH"},{"floor":45,"key":"DIG"},{"floor":49,"key":"DIG"}],"circlet_count":0,"master_deck":["Strike_RM","Defend_RM","Defend_RM","Defend_RM","RedMoon+1","ScarletShoot","TwelveNightmare+1","RedMagic+1","MillenniumVampire+1","NightDance+1","ScarletMeister+1","FavorOfDestiny+1","EternalNight+1","NightDance+1","VampireClaw+1","UnstableMagic+1","RedRainbow","RedRainbow+1","Master of Strategy","Parasite"],"relics":["ScarletHat","NeowsBlessing","Kunai","InkBottle","Incense Burner","Shovel","Spirit Poop","APieceOfRedMist","Regal Pillow","White Beast Statue","Darkstone Periapt","FairyMaid","Cursed Key","Bottled Tornado","PreservedInsect","CaptainsWheel","ScarletDevilRocket"],"acts_visited":["Exordium","TheCity","TheBeyond"],"potions_floor_usage":[38,46,47,48,50,50,50,50],"damage_taken":[{"damage":0.0,"enemies":"Small Slimes","floor":1.0,"turns":1.0},{"damage":0.0,"enemies":"Lagavulin","floor":6.0,"turns":1.0},{"damage":0.0,"enemies":"2 Louse","floor":7.0,"turns":1.0},{"damage":0.0,"enemies":"Jaw Worm","floor":11.0,"turns":6.0},{"damage":0.0,"enemies":"2 Fungi Beasts","floor":14.0,"turns":5.0},{"damage":35.0,"enemies":"Slime Boss","floor":16.0,"turns":14.0},{"damage":0.0,"enemies":"Shell Parasite","floor":18.0,"turns":11.0},{"damage":18.0,"enemies":"3 Byrds","floor":21.0,"turns":3.0},{"damage":17.0,"enemies":"Slavers","floor":23.0,"turns":5.0},{"damage":9.0,"enemies":"Snake Plant","floor":25.0,"turns":6.0},{"damage":7.0,"enemies":"Chosen and Byrds","floor":29.0,"turns":7.0},{"damage":1.0,"enemies":"3 Cultists","floor":31.0,"turns":4.0},{"damage":9.0,"enemies":"Automaton","floor":33.0,"turns":7.0},{"damage":8,"enemies":"Orb Walker","floor":35,"turns":4},{"damage":0,"enemies":"3 Shapes","floor":37,"turns":4},{"damage":4,"enemies":"3 Darklings","floor":38,"turns":3},{"damage":7,"enemies":"Spire Growth","floor":39,"turns":5},{"damage":11,"enemies":"Transient","floor":46,"turns":5},{"damage":7,"enemies":"Jaw Worm Horde","floor":47,"turns":2},{"damage":0,"enemies":"Giant Head","floor":48,"turns":6},{"damage":0,"enemies":"Time Eater","floor":50,"turns":7}],"seed_played":"-7458470774877807261","potions_obtained":[{"floor":1.0,"key":"AttackPotion"},{"floor":7.0,"key":"FearPotion"},{"floor":14.0,"key":"DestinyDice"},{"floor":21.0,"key":"BlessingOfTheForge"},{"floor":25.0,"key":"GamblersBrew"},{"floor":29.0,"key":"Strength Potion"},{"floor":31.0,"key":"Fire Potion"},{"floor":33,"key":"LiquidMemories"},{"floor":46,"key":"DistilledChaos"},{"floor":47,"key":"DistilledChaos"}],"is_trial":false,"path_per_floor":["M","?","?","T","?","E","M","R","T","R","M","?","R","M","R","B",null,"M","?","T","M","$","E","R","M","T","R","$","M","$","M","R","B",null,"M","?","M","M","M","R","?","R","T","$","R","M","M","E","R","B",null],"character_chosen":"REMILIA","items_purchased":["NightDance","VampireClaw","FairyMaid","RedRainbow"],"campfire_rested":0,"item_purchase_floors":[22,22,28,30],"current_hp_per_floor":[75,57,62,62,62,62,62,62,62,62,64,64,64,64,64,34,80,80,80,80,66,66,63,63,60,60,60,60,56,56,71,71,91,91,91,91,95,92,99,99,99,99,105,105,105,105,99,109,109,109],"gold":222,"neow_bonus":"THREE_ENEMY_KILL","is_daily":false,"chose_seed":false,"campfire_upgraded":9,"win_rate":0.0,"timestamp":1609691557,"path_taken":["M","?","?","?","?","E","?","R","T","R","M","?","R","M","R","BOSS","M","?","?","?","$","E","R","?","T","R","$","M","$","M","R","BOSS","BOSS","M","?","M","M","M","R","?","R","T","$","R","?","M","E","R","BOSS"],"items_purchased_type":["Card","Card","Relic","Card"],"build_version":"2020-12-22","purchased_purges":4,"victory":true,"max_hp_per_floor":[75,75,80,80,80,80,80,80,80,80,80,80,80,80,80,80,80,80,80,80,80,80,83,83,83,83,83,83,83,83,87,87,91,91,95,95,95,95,99,99,99,99,105,105,105,105,105,109,109,109],"card_choices":[{"not_picked":["MastersStateliness","ReincarnationDial"],"picked":"TwelveNightmare","floor":1.0},{"not_picked":["NightDance","GlobalNightmare","EndlessAdversity"],"picked":"SKIP","floor":6.0},{"not_picked":["UnderTheZenith","UnstableMagic"],"picked":"RedMagic","floor":7.0},{"not_picked":["TwelveNightmare","EndlessAdversity"],"picked":"MillenniumVampire","floor":11.0},{"not_picked":["Septette","BloodHunter"],"picked":"NightDance","floor":14.0},{"not_picked":["BloodySeventeenLaser","TransientEternity"],"picked":"ScarletMeister","floor":16.0},{"not_picked":["Stigmanizer","BloodHunter+1"],"picked":"FavorOfDestiny+1","floor":18.0},{"not_picked":["NightDance+1","ForbiddenFruit+1"],"picked":"EternalNight+1","floor":21.0},{"not_picked":["ScarletDevil","ScarletGensokyo+1","TwelveNightmare"],"picked":"SKIP","floor":23.0},{"not_picked":["UnderTheZenith","RedRainbow"],"picked":"UnstableMagic","floor":25.0},{"not_picked":["MastersStateliness+1","UnderTheZenith","CharismaGuard"],"picked":"SKIP","floor":29.0},{"not_picked":["ScarletDevil+1","ScarletNetherworld","VampireKiss"],"picked":"SKIP","floor":31.0},{"not_picked":["RedMagic","StarOfDavid+1"],"picked":"RedRainbow+1","floor":35},{"not_picked":["Bandage Up","Metamorphosis"],"picked":"Master of Strategy","floor":36},{"not_picked":["RedRainbow","MastersStateliness+1","ScarletImprint"],"picked":"SKIP","floor":37},{"not_picked":["MastersStateliness+1","BloodAndWine+1","EndlessAdversity+1"],"picked":"SKIP","floor":38},{"not_picked":["Stigmanizer+1","BadLadyScramble+1","UltimateOffering"],"picked":"SKIP","floor":39},{"not_picked":["Septette+1","Maim+1","CharismaGuard+1"],"picked":"SKIP","floor":46},{"not_picked":["UnstableMagic","VampireKiss","StarOfDavid"],"picked":"SKIP","floor":47},{"not_picked":["FavorOfDestiny","DiffusionOfMisfortune","MastersStateliness"],"picked":"SKIP","floor":48}],"player_experience":32770,"relics_obtained":[{"floor":4.0,"key":"InkBottle"},{"floor":6.0,"key":"Incense Burner"},{"floor":9.0,"key":"Shovel"},{"floor":20.0,"key":"Regal Pillow"},{"floor":23.0,"key":"White Beast Statue"},{"floor":26.0,"key":"Darkstone Periapt"},{"floor":43,"key":"Bottled Tornado"},{"floor":45,"key":"PreservedInsect"},{"floor":48,"key":"CaptainsWheel"},{"floor":49,"key":"ScarletDevilRocket"}],"event_choices":[{"damage_healed":0.0,"max_hp_gain":0.0,"max_hp_loss":0.0,"gold_gain":0.0,"event_name":"Scrap Ooze","player_choice":"Success","floor":2.0,"gold_loss":0.0,"damage_taken":18.0,"relics_obtained":["Kunai"]},{"damage_healed":0.0,"max_hp_gain":5.0,"max_hp_loss":0.0,"gold_gain":0.0,"event_name":"Big Fish","player_choice":"Donut","floor":3.0,"gold_loss":0.0,"damage_taken":0.0},{"damage_healed":0.0,"max_hp_gain":0.0,"max_hp_loss":0.0,"gold_gain":175.0,"event_name":"Liars Game","player_choice":"AGREE","floor":5.0,"gold_loss":0.0,"damage_taken":0.0,"cards_obtained":["Doubt"]},{"cards_removed":["Doubt"],"damage_healed":0.0,"max_hp_gain":0.0,"max_hp_loss":0.0,"gold_gain":0.0,"event_name":"Bonfire Elementals","player_choice":"Offered Curse","floor":12.0,"gold_loss":0.0,"damage_taken":0.0,"relics_obtained":["Spirit Poop"]},{"damage_healed":0.0,"max_hp_gain":0.0,"max_hp_loss":0.0,"gold_gain":99.0,"event_name":"Nest","player_choice":"Stole From Cult","floor":19.0,"gold_loss":0.0,"damage_taken":0.0},{"damage_healed":0,"gold_gain":0,"player_choice":"Memory 1","damage_taken":0,"max_hp_gain":0,"max_hp_loss":0,"event_name":"SensoryStone","floor":36,"gold_loss":0},{"damage_healed":0,"gold_gain":0,"player_choice":"Ignored","damage_taken":0,"max_hp_gain":0,"max_hp_loss":0,"event_name":"SecretPortal","floor":41,"gold_loss":0}],"is_beta":false,"boss_relics":[{"not_picked":["Calling Bell","ScarletEmblem"],"picked":"APieceOfRedMist"},{"not_picked":["Philosopher\u0027s Stone","Runic Dome"],"picked":"Cursed Key"}],"items_purged_floors":[22,28,30,44],"is_endless":false,"potions_floor_spawned":[1,7,14,16,18,21,25,29,31,33,35,37,38,39,46,47,48],"ascension_level":0}}