{"host":"1q1wpq6df472foxy","time":1609648046,"event":{"mods":["BaseMod","DeckTracker","Highlight Path","Minty Spire (QoL Compilation)","Quick Restart","StSLib","SuperFastMode"],"gold_per_floor":[112,112,125,138,61,61,96,96,96,96,115,115,115,40,40,140,140,150,150,170,170,170,170,198,198,198,198,213,213,213,227,227,227,227],"floor_reached":33,"playtime":738,"items_purged":["Strike_R"],"score":405,"play_id":"cc0dac98-8eba-4945-a055-7e2281e2c50a","local_time":"20210103132726","is_ascension_mode":true,"campfire_choices":[{"floor":6,"key":"RECALL"},{"floor":8,"key":"REST"},{"data":"Whirlwind","floor":12,"key":"SMITH"},{"data":"Spot Weakness","floor":15,"key":"SMITH"},{"floor":23,"key":"REST"},{"data":"Metallicize","floor":25,"key":"SMITH"},{"floor":27,"key":"REST"},{"data":"Metallicize","floor":30,"key":"SMITH"},{"floor":32,"key":"REST"}],"circlet_count":0,"master_deck":["AscendersBane","Strike_R+1","Strike_R","Strike_R","Strike_R","Defend_R","Defend_R","Defend_R","Defend_R","Bash+1","Spot Weakness+1","Whirlwind+1","Metallicize+1","Reaper","Metallicize+1"],"relics":["Burning Blood","NeowsBlessing","Singing Bowl","Whetstone","Velvet Choker","MutagenicStrength","Toxic Egg 2","Oddly Smooth Stone"],"acts_visited":["Exordium","TheCity"],"potions_floor_usage":[7,33,33],"damage_taken":[{"damage":0,"enemies":"Small Slimes","floor":1,"turns":1},{"damage":0,"enemies":"Cultist","floor":3,"turns":1},{"damage":0,"enemies":"Jaw Worm","floor":4,"turns":1},{"damage":66,"enemies":"Gremlin Nob","floor":7,"turns":6},{"damage":22,"enemies":"Large Slime","floor":11,"turns":6},{"damage":54,"enemies":"Hexaghost","floor":16,"turns":9},{"damage":26,"enemies":"Chosen","floor":18,"turns":6},{"damage":22,"enemies":"2 Thieves","floor":20,"turns":3},{"damage":27,"enemies":"Gremlin Leader","floor":24,"turns":4},{"damage":8,"enemies":"Chosen and Byrds","floor":28,"turns":4},{"damage":15,"enemies":"Centurion and Healer","floor":31,"turns":5},{"damage":103,"enemies":"Collector","floor":33,"turns":11}],"seed_played":"-4763276136038599206","potions_obtained":[{"floor":1,"key":"Swift Potion"},{"floor":4,"key":"Weak Potion"},{"floor":16,"key":"Block Potion"},{"floor":24,"key":"Ancient Potion"}],"is_trial":false,"path_per_floor":["M","?","M","M","$","R","E","R","T","?","M","R","?","$","R","B",null,"M","?","M","?","?","R","E","R","T","R","M","?","R","M","R","B"],"character_chosen":"IRONCLAD","items_purchased":["Spot Weakness"],"campfire_rested":4,"item_purchase_floors":[5],"current_hp_per_floor":[78,78,82,84,84,84,24,49,49,49,35,35,63,63,63,17,70,50,50,36,36,20,47,26,26,26,53,67,67,67,60,87,0,0],"gold":227,"neow_bonus":"THREE_ENEMY_KILL","is_daily":false,"chose_seed":false,"campfire_upgraded":4,"win_rate":0.0,"timestamp":1609648046,"path_taken":["M","?","M","?","$","R","E","R","T","?","M","R","?","$","R","BOSS","M","?","?","?","?","R","E","R","T","R","M","?","R","M","R","BOSS"],"items_purchased_type":["Card"],"build_version":"2020-12-22","purchased_purges":1,"victory":false,"max_hp_per_floor":[80,80,82,84,84,84,84,84,84,84,86,86,86,86,86,88,88,88,88,90,90,90,90,90,90,90,90,90,90,90,92,92,92,92],"card_choices":[{"not_picked":["Heavy Blade","True Grit","Pommel Strike"],"picked":"SKIP","floor":1},{"not_picked":["Headbutt","Sword Boomerang","Searing Blow"],"picked":"Singing Bowl","floor":3},{"not_picked":["Anger","Headbutt","Thunderclap"],"picked":"Singing Bowl","floor":4},{"not_picked":["Wild Strike","Dark Embrace"],"picked":"Whirlwind","floor":7},{"not_picked":["Bloodletting","Twin Strike","Evolve"],"picked":"Singing Bowl","floor":11},{"not_picked":["Fiend Fire","Bludgeon","Brutality"],"picked":"Singing Bowl","floor":16},{"not_picked":["True Grit","Clothesline"],"picked":"Metallicize","floor":18},{"not_picked":["Iron Wave","Sword Boomerang+1","Armaments"],"picked":"Singing Bowl","floor":20},{"not_picked":["Fiend Fire","Sword Boomerang"],"picked":"Reaper","floor":24},{"not_picked":["Shockwave+1","Iron Wave"],"picked":"Metallicize","floor":28},{"not_picked":["Inflame","True Grit+1","Pommel Strike"],"picked":"Singing Bowl","floor":31}],"player_experience":374310,"relics_obtained":[{"floor":7,"key":"Whetstone"},{"floor":24,"key":"Toxic Egg 2"},{"floor":26,"key":"Oddly Smooth Stone"}],"event_choices":[{"damage_healed":0,"gold_gain":0,"player_choice":"Gave Potion","damage_taken":0,"relics_obtained":["Singing Bowl"],"max_hp_gain":0,"max_hp_loss":0,"event_name":"WeMeetAgain","floor":2,"gold_loss":0},{"damage_healed":0,"gold_gain":0,"player_choice":"Fled","damage_taken":0,"max_hp_gain":0,"max_hp_loss":0,"event_name":"Scrap Ooze","floor":10,"gold_loss":0},{"damage_healed":28,"gold_gain":0,"player_choice":"Banana","damage_taken":0,"max_hp_gain":0,"max_hp_loss":0,"event_name":"Big Fish","floor":13,"gold_loss":0},{"damage_healed":0,"gold_gain":0,"player_choice":"Ignored","damage_taken":0,"max_hp_gain":0,"max_hp_loss":0,"event_name":"Transmorgrifier","floor":19,"gold_loss":0},{"damage_healed":0,"gold_gain":0,"player_choice":"Inject Mutagens","damage_taken":0,"relics_obtained":["MutagenicStrength"],"max_hp_gain":0,"max_hp_loss":0,"event_name":"Drug Dealer","floor":21,"gold_loss":0},{"damage_healed":0,"gold_gain":0,"player_choice":"Obtained Book","damage_taken":16,"max_hp_gain":0,"max_hp_loss":0,"event_name":"Cursed Tome","floor":22,"gold_loss":0},{"damage_healed":0,"gold_gain":0,"player_choice":"Ignored","damage_taken":0,"max_hp_gain":0,"max_hp_loss":0,"event_name":"Vampires","floor":29,"gold_loss":0}],"is_beta":false,"boss_relics":[{"not_picked":["Mark of Pain","Busted Crown"],"picked":"Velvet Choker"}],"items_purged_floors":[14],"is_endless":false,"potions_floor_spawned":[1,4,16,24],"killed_by":"Collector","ascension_level":11}}