{"host":"uxq2rly8rxtwffuf","time":1609654244,"event":{"mods":["BaseMod","Koishi","Minty Spire (QoL Compilation)","StSLib","The Judge","The Servant 0.9.4"],"gold_per_floor":[111,124,124,124,8,52,52,52,77,100,100,122,152,178,187,269,269,279,305,305,25,25,65,85,85,85],"floor_reached":25,"playtime":1077,"items_purged":["Defend_S","Strike_S"],"score":447,"play_id":"88323d9a-f3a0-45cf-a029-a0f1d7fa057a","local_time":"20210103091044","is_ascension_mode":true,"campfire_choices":[{"floor":7,"key":"REST"},{"data":"FloweringNight","floor":11,"key":"SMITH"},{"floor":15,"key":"REST"}],"circlet_count":0,"master_deck":["AscendersBane","Strike_S","Defend_S","Defend_S","Defend_S","KidneyShot","Exchange","Potential","ShatteredReality","DualDimension","FloweringNight+1","ShatteredReality","Alleviate","Potential","FlawlessForm","Advance","Panache","Alleviate"],"relics":["SplendidAttire","CeramicFish","Dream Catcher","Blood Vial","Boot","Ancient Tea Set"],"acts_visited":["Exordium","TheCity"],"potions_floor_usage":[6,13,13,25],"damage_taken":[{"damage":10,"enemies":"Cultist","floor":1,"turns":5},{"damage":0,"enemies":"2 Louse","floor":2,"turns":3},{"damage":17,"enemies":"Lagavulin","floor":6,"turns":7},{"damage":2,"enemies":"Jaw Worm","floor":12,"turns":2},{"damage":7,"enemies":"3 Sentries","floor":13,"turns":4},{"damage":7,"enemies":"Blue Slaver","floor":14,"turns":3},{"damage":16,"enemies":"Hexaghost","floor":16,"turns":8},{"damage":24,"enemies":"2 Thieves","floor":18,"turns":3},{"damage":2,"enemies":"Spheric Guardian","floor":19,"turns":4},{"damage":36,"enemies":"Book of Stabbing","floor":23,"turns":5},{"damage":1,"enemies":"Centurion and Healer","floor":24,"turns":5},{"damage":23,"enemies":"Slavers","floor":25,"turns":3}],"seed_played":"8640029658867914137","potions_obtained":[{"floor":1,"key":"Explosive Potion"},{"floor":2,"key":"Swift Potion"},{"floor":12,"key":"DistilledChaos"},{"floor":23,"key":"Explosive Potion"}],"is_trial":false,"path_per_floor":["M","M","?","?","$","E","R","$","T","T","R","M","E","M","R","B",null,"M","M","?","$","?","E","M","E"],"character_chosen":"THE_SERVANT","items_purchased":["DualDimension","Panache"],"campfire_rested":2,"item_purchase_floors":[5,21],"current_hp_per_floor":[50,50,50,43,43,26,45,45,45,45,45,45,40,35,54,40,60,38,38,51,51,51,17,18,0,0],"gold":85,"neow_bonus":"TEN_PERCENT_HP_BONUS","is_daily":false,"chose_seed":false,"campfire_upgraded":1,"win_rate":0.0,"timestamp":1609654244,"path_taken":["M","M","?","?","?","E","R","$","T","?","R","M","E","M","R","BOSS","M","M","?","$","?","E","M","E"],"items_purchased_type":["Card","Card"],"build_version":"2020-12-22","purchased_purges":2,"victory":false,"max_hp_per_floor":[66,66,66,66,66,66,66,66,66,66,66,66,66,66,66,66,66,66,66,66,66,66,66,66,66,66],"card_choices":[{"not_picked":["Replace","Hightail"],"picked":"Potential","floor":1},{"not_picked":["GearUp","Ricochet"],"picked":"ShatteredReality","floor":2},{"not_picked":["Manipulate","TimeTheft"],"picked":"FloweringNight","floor":6},{"not_picked":["SilverBlades","Ricochet"],"picked":"ShatteredReality","floor":12},{"not_picked":["FastForward","MurderousAura","Replace"],"picked":"SKIP","floor":13},{"not_picked":["Reset","ShatteredReality"],"picked":"Alleviate","floor":14},{"not_picked":["Spin","Moonlight"],"picked":"Potential","floor":15},{"not_picked":["Duplication","FloweringNight"],"picked":"FlawlessForm","floor":16},{"not_picked":["Ricochet","FanOfKnives","Replace"],"picked":"SKIP","floor":18},{"not_picked":["Ricochet","Revamp"],"picked":"Advance","floor":19},{"not_picked":["Contraction","Defy"],"picked":"Alleviate","floor":23},{"not_picked":["Spin","Ricochet","Revamp+1"],"picked":"SKIP","floor":24}],"player_experience":1374810,"relics_obtained":[{"floor":6,"key":"CeramicFish"},{"floor":9,"key":"Dream Catcher"},{"floor":10,"key":"Blood Vial"},{"floor":13,"key":"Boot"},{"floor":23,"key":"Ancient Tea Set"}],"event_choices":[{"cards_removed":["Strike_S"],"damage_healed":0,"gold_gain":0,"player_choice":"Forget","damage_taken":0,"max_hp_gain":0,"max_hp_loss":0,"event_name":"Living Wall","floor":3,"gold_loss":0},{"cards_removed":["Strike_S"],"damage_healed":0,"gold_gain":0,"player_choice":"Card Removal","damage_taken":7,"max_hp_gain":0,"max_hp_loss":0,"event_name":"Golden Wing","floor":4,"gold_loss":0},{"damage_healed":13,"gold_gain":0,"player_choice":"Heal","damage_taken":0,"max_hp_gain":0,"max_hp_loss":0,"event_name":"The Library","floor":20,"gold_loss":0},{"damage_healed":0,"gold_gain":0,"player_choice":"Ignored","damage_taken":0,"max_hp_gain":0,"max_hp_loss":0,"event_name":"The Mausoleum","floor":22,"gold_loss":0}],"is_beta":false,"boss_relics":[{"not_picked":["Runic Pyramid","Tiny House"],"picked":"SplendidAttire"}],"items_purged_floors":[5,21],"is_endless":false,"potions_floor_spawned":[1,2,12,23],"killed_by":"Slavers","ascension_level":19}}