{"host":"c3lc60y5x60jlt1y","time":1609692958,"event":{"mods":["AchievementEnabler","BaseMod","Colored Map","Minty Spire (QoL Compilation)","Quick Restart","StSLib"],"gold_per_floor":[117,42,57,57,57,57,57,72,96,96,126,126,153,153,153,226,226,236,236,74,88,88,88,88,88],"floor_reached":24,"playtime":18558,"items_purged":["Strike_G"],"score":400,"play_id":"2ba324ce-71b8-465c-969d-e218291bcf13","local_time":"20210103185558","is_ascension_mode":true,"campfire_choices":[{"data":"Neutralize","floor":7,"key":"SMITH"},{"data":"Poisoned Stab","floor":10,"key":"SMITH"},{"data":"Phantasmal Killer","floor":12,"key":"SMITH"},{"floor":15,"key":"REST"},{"data":"Ghostly","floor":23,"key":"SMITH"}],"circlet_count":0,"master_deck":["AscendersBane","Defend_G+1","Defend_G","Defend_G","Defend_G","Survivor","Neutralize+1","Dagger Spray+1","Noxious Fumes+1","Envenom+1","Endless Agony+1","Deadly Poison+1","Poisoned Stab+1","Phantasmal Killer+1","Footwork","A Thousand Cuts","Dagger Throw+1","Blur","Prepared","Ghostly+1","Ghostly","Ghostly"],"relics":["Astrolabe","Art of War","Vajra","Blood Vial","HoveringKite","White Beast Statue"],"acts_visited":["Exordium","TheCity"],"potions_floor_usage":[13,16,16],"damage_taken":[{"damage":12,"enemies":"Jaw Worm","floor":1,"turns":4},{"damage":0,"enemies":"2 Louse","floor":3,"turns":2},{"damage":0,"enemies":"Small Slimes","floor":8,"turns":3},{"damage":7,"enemies":"3 Sentries","floor":11,"turns":5},{"damage":9,"enemies":"Lagavulin","floor":13,"turns":8},{"damage":5,"enemies":"Hexaghost","floor":16,"turns":6},{"damage":20,"enemies":"Shell Parasite","floor":18,"turns":5},{"damage":34,"enemies":"Chosen","floor":21,"turns":6},{"damage":22,"enemies":"Gremlin Leader","floor":24,"turns":4}],"seed_played":"-6258644240579299252","potions_obtained":[{"floor":3,"key":"ColorlessPotion"},{"floor":8,"key":"FearPotion"},{"floor":13,"key":"Dexterity Potion"},{"floor":18,"key":"FearPotion"},{"floor":21,"key":"Strength Potion"}],"is_trial":false,"path_per_floor":["M","?","M","?","?","?","R","M","T","R","E","R","E","?","R","B",null,"M","?","$","M","?","R","E"],"character_chosen":"THE_SILENT","items_purchased":["Blur"],"campfire_rested":1,"item_purchase_floors":[20],"current_hp_per_floor":[47,47,47,47,40,45,45,45,45,45,38,38,29,8,29,26,60,42,42,42,10,10,10,0,0],"gold":88,"neow_bonus":"BOSS_RELIC","is_daily":false,"chose_seed":false,"campfire_upgraded":4,"win_rate":0.0,"timestamp":1609692958,"path_taken":["M","?","M","?","?","?","R","M","T","R","E","R","E","?","R","BOSS","M","?","?","?","?","R","E"],"items_purchased_type":["Card"],"build_version":"2020-12-22","purchased_purges":1,"victory":false,"max_hp_per_floor":[66,66,66,66,66,71,71,71,71,71,71,71,71,71,71,71,71,71,71,71,71,35,35,35,35],"card_choices":[{"not_picked":["Dodge and Roll","Dagger Throw"],"picked":"Endless Agony","floor":1},{"not_picked":["PiercingWail","Expertise"],"picked":"Deadly Poison","floor":3},{"not_picked":["Underhanded Strike","Sucker Punch"],"picked":"Poisoned Stab","floor":8},{"not_picked":["Backflip","Dagger Throw"],"picked":"Phantasmal Killer","floor":11},{"not_picked":["Bane","Dagger Spray"],"picked":"Footwork","floor":13},{"not_picked":["Adrenaline","Bullet Time"],"picked":"A Thousand Cuts","floor":16},{"not_picked":["Acrobatics","Bane"],"picked":"Dagger Throw+1","floor":18},{"not_picked":["Flying Knee","Flechettes"],"picked":"Prepared","floor":21}],"player_experience":7443720,"relics_obtained":[{"floor":9,"key":"Art of War"},{"floor":11,"key":"Vajra"},{"floor":13,"key":"Blood Vial"}],"event_choices":[{"cards_removed":["Strike_G"],"damage_healed":0,"gold_gain":0,"player_choice":"Card Removal","damage_taken":0,"max_hp_gain":0,"max_hp_loss":0,"event_name":"The Cleric","floor":2,"gold_loss":75},{"damage_healed":0,"gold_gain":0,"player_choice":"Grow","damage_taken":0,"max_hp_gain":0,"max_hp_loss":0,"event_name":"Living Wall","floor":4,"gold_loss":0,"cards_upgraded":["Endless Agony"]},{"cards_removed":["Strike_G"],"damage_healed":0,"gold_gain":0,"player_choice":"Card Removal","damage_taken":7,"max_hp_gain":0,"max_hp_loss":0,"event_name":"Golden Wing","floor":5,"gold_loss":0},{"damage_healed":0,"gold_gain":0,"player_choice":"Donut","damage_taken":0,"max_hp_gain":5,"max_hp_loss":0,"event_name":"Big Fish","floor":6,"gold_loss":0},{"damage_healed":0,"gold_gain":0,"player_choice":"Entered Light","damage_taken":21,"max_hp_gain":0,"max_hp_loss":0,"event_name":"Shining Light","floor":14,"gold_loss":0,"cards_upgraded":["Defend_G","Deadly Poison"]},{"damage_healed":0,"gold_gain":0,"player_choice":"Gave Potion","damage_taken":0,"relics_obtained":["White Beast Statue"],"max_hp_gain":0,"max_hp_loss":0,"event_name":"WeMeetAgain","floor":19,"gold_loss":0},{"damage_healed":0,"gold_gain":0,"player_choice":"Became a Ghost","damage_taken":0,"max_hp_gain":0,"max_hp_loss":36,"event_name":"Ghosts","floor":22,"gold_loss":0,"cards_obtained":["Ghostly","Ghostly","Ghostly"]}],"is_beta":false,"boss_relics":[{"not_picked":["Ectoplasm","SacredBark"],"picked":"HoveringKite"}],"items_purged_floors":[20],"is_endless":false,"potions_floor_spawned":[3,8,13,18,21],"killed_by":"Gremlin Leader","ascension_level":20}}