{"host":"hm3ikmf8oxbtqms2","time":1609714741,"event":{"mods":["BaseMod","Best Route Mod","Bestiary","Better Vampires","Block Reminder","Colored Map","Colored Powertips","Curses Come First","DeckTracker","Displayed Cursed Tome","Highlight Path","Minty Spire (QoL Compilation)","Quick Restart","StSLib"],"gold_per_floor":[116,133,158,169,180,205,205,11,11,37,48,60,85,85,85,85,85],"floor_reached":16,"playtime":1466,"items_purged":[],"score":146,"play_id":"3a2145eb-3cf3-427c-a542-ba9856faff8c","local_time":"20210103175901","is_ascension_mode":true,"campfire_choices":[{"floor":15.0,"key":"REST"}],"circlet_count":0,"master_deck":["Strike_G","Strike_G","Strike_G","Strike_G","Strike_G","Defend_G","Defend_G","Defend_G","Defend_G+1","Defend_G","Survivor","Neutralize+1","Unload","Deadly Poison+1","Glass Knife","Bane+1","Backstab","Cloak And Dagger+1","Bouncing Flask","Sucker Punch","Accuracy","Blade Dance","Flechettes"],"relics":["Ring of the Snake","Oddly Smooth Stone","Bottled Flame","Membership Card","War Paint","Matryoshka","Lantern"],"acts_visited":["Exordium"],"potions_floor_usage":[],"damage_taken":[{"damage":0.0,"enemies":"Cultist","floor":1.0,"turns":4.0},{"damage":2.0,"enemies":"Small Slimes","floor":2.0,"turns":3.0},{"damage":0.0,"enemies":"Jaw Worm","floor":4.0,"turns":4.0},{"damage":2.0,"enemies":"3 Louse","floor":5.0,"turns":4.0},{"damage":12.0,"enemies":"3 Sentries","floor":6.0,"turns":7.0},{"damage":17.0,"enemies":"Gremlin Nob","floor":10.0,"turns":4.0},{"damage":3.0,"enemies":"Blue Slaver","floor":11.0,"turns":3.0},{"damage":2.0,"enemies":"Looter","floor":12.0,"turns":2.0},{"damage":7.0,"enemies":"Lagavulin","floor":13.0,"turns":4.0},{"damage":25,"enemies":"Hexaghost","floor":16,"turns":7}],"seed_played":"-2868629227931797747","potions_obtained":[{"floor":2.0,"key":"AttackPotion"},{"floor":5.0,"key":"Poison Potion"},{"floor":6.0,"key":"Regen Potion"},{"floor":10.0,"key":"DistilledChaos"}],"is_trial":false,"path_per_floor":["M","M","T","M","M","E","?","$","T","E","M","M","E","?","R","B"],"character_chosen":"THE_SILENT","items_purchased":["Membership Card","Bouncing Flask"],"campfire_rested":1,"item_purchase_floors":[8,8],"current_hp_per_floor":[49,47,47,47,45,33,19,19,19,16,13,11,4,4,25,0,0],"gold":85,"neow_bonus":"THREE_RARE_CARDS","is_daily":false,"chose_seed":false,"campfire_upgraded":0,"win_rate":0.0,"timestamp":1609714741,"path_taken":["M","M","?","M","M","E","?","$","T","E","?","M","E","?","R","BOSS"],"items_purchased_type":["Relic","Card"],"build_version":"2020-12-22","purchased_purges":0,"victory":false,"max_hp_per_floor":[70,70,70,70,70,70,70,70,70,70,70,70,70,70,70,70,70],"card_choices":[{"not_picked":["After Image","A Thousand Cuts"],"picked":"Unload","floor":0.0},{"not_picked":["Blade Dance","Acrobatics"],"picked":"Deadly Poison","floor":1.0},{"not_picked":["Underhanded Strike","Poisoned Stab"],"picked":"Glass Knife","floor":2.0},{"not_picked":["Blade Dance","Expertise"],"picked":"Bane","floor":4.0},{"not_picked":["Quick Slash","Finisher"],"picked":"Backstab","floor":5.0},{"not_picked":["Deflect","Dagger Spray"],"picked":"Cloak And Dagger","floor":6.0},{"not_picked":["Prepared","PiercingWail"],"picked":"Sucker Punch","floor":10.0},{"not_picked":["Die Die Die","Prepared"],"picked":"Accuracy","floor":11.0},{"not_picked":["Concentrate","Riddle With Holes"],"picked":"Blade Dance","floor":12.0},{"not_picked":["Escape Plan","Slice"],"picked":"Flechettes","floor":13.0}],"player_experience":287632,"relics_obtained":[{"floor":3.0,"key":"Oddly Smooth Stone"},{"floor":6.0,"key":"Bottled Flame"},{"floor":9.0,"key":"War Paint"},{"floor":10.0,"key":"Matryoshka"},{"floor":13.0,"key":"Lantern"}],"event_choices":[{"damage_healed":0.0,"max_hp_gain":0.0,"max_hp_loss":0.0,"gold_gain":0.0,"event_name":"Shining Light","player_choice":"Entered Light","floor":7.0,"gold_loss":0.0,"damage_taken":14.0,"cards_upgraded":["Bane","Deadly Poison"]},{"damage_healed":0.0,"max_hp_gain":0.0,"max_hp_loss":0.0,"gold_gain":0.0,"event_name":"Living Wall","player_choice":"Grow","floor":14.0,"gold_loss":0.0,"damage_taken":0.0,"cards_upgraded":["Neutralize"]}],"is_beta":false,"boss_relics":[],"items_purged_floors":[],"is_endless":false,"potions_floor_spawned":[2,5,6,10],"killed_by":"Hexaghost","ascension_level":4}}