{"host":"yvb207ks1sg3cxef","time":1609666205,"event":{"mods":["2.2 Compatiblity","BaseMod","Bestiary","Colored Powertips","Minty Spire (QoL Compilation)","Permanent Neow","Quick Restart","Relic Stats","StSLib"],"gold_per_floor":[117,137,151,161,161,161,171,188,188,214,226,251,251,13,13,13,13],"floor_reached":16,"playtime":711,"items_purged":["Strike_G"],"score":228,"play_id":"f7992fa7-f53a-47d7-b193-f4f0a124e315","local_time":"20210103150005","is_ascension_mode":true,"campfire_choices":[{"data":"Malaise","floor":6,"key":"SMITH"},{"floor":13,"key":"REST"},{"data":"Footwork","floor":15,"key":"SMITH"}],"circlet_count":0,"master_deck":["AscendersBane","Strike_G","Strike_G","Strike_G","Strike_G","Defend_G","Defend_G","Defend_G","Defend_G","Defend_G","Survivor","Neutralize","Malaise+1","Quick Slash","Caltrops","Dagger Spray","Skewer+1","Calculated Gamble","Blur","Footwork+1","Crippling Poison","Malaise+1"],"relics":["Ring of the Snake","Paper Crane","Pocketwatch","Anchor","DollysMirror"],"acts_visited":["Exordium"],"potions_floor_usage":[8,10,12,16],"damage_taken":[{"damage":0,"enemies":"2 Louse","floor":1,"turns":4},{"damage":0,"enemies":"Cultist","floor":2,"turns":3},{"damage":1,"enemies":"Small Slimes","floor":3,"turns":4},{"damage":10,"enemies":"2 Fungi Beasts","floor":4,"turns":4},{"damage":10,"enemies":"Lots of Slimes","floor":7,"turns":4},{"damage":9,"enemies":"Blue Slaver","floor":8,"turns":4},{"damage":18,"enemies":"Gremlin Nob","floor":10,"turns":5},{"damage":1,"enemies":"3 Louse","floor":11,"turns":3},{"damage":9,"enemies":"3 Sentries","floor":12,"turns":9},{"damage":40,"enemies":"Slime Boss","floor":16,"turns":13}],"seed_played":"7191735027189576613","potions_obtained":[{"floor":1,"key":"Fruit Juice"},{"floor":7,"key":"Fruit Juice"},{"floor":8,"key":"Block Potion"},{"floor":10,"key":"Ancient Potion"},{"floor":12,"key":"SkillPotion"}],"is_trial":false,"path_per_floor":["M","M","M","M","?","R","M","M","T","E","M","E","R","$","R","B"],"character_chosen":"THE_SILENT","items_purchased":["DollysMirror"],"campfire_rested":1,"item_purchase_floors":[14],"current_hp_per_floor":[59,59,58,48,48,48,38,34,34,16,15,11,32,32,32,0,0],"gold":13,"neow_bonus":"THREE_RARE_CARDS","is_daily":false,"chose_seed":false,"campfire_upgraded":2,"win_rate":0.0,"timestamp":1609666205,"path_taken":["M","M","M","M","?","R","?","M","T","E","M","E","R","$","R","BOSS"],"items_purchased_type":["Relic"],"build_version":"2020-12-22","purchased_purges":1,"victory":false,"max_hp_per_floor":[60,60,60,60,60,60,60,65,65,65,65,70,70,70,70,70,70],"relic_stats":{"counters":[10,53],"obtain_stats":[{"Anchor":12,"DollysMirror":14,"Paper Crane":9,"Ring of the Snake":0,"Pocketwatch":10},{"Anchor":9,"DollysMirror":9,"Paper Crane":6,"Ring of the Snake":0,"Pocketwatch":7},{"Anchor":40,"DollysMirror":40,"Paper Crane":23,"Ring of the Snake":0,"Pocketwatch":28}],"Ring of the Snake":[20],"Pocketwatch":[57]},"card_choices":[{"not_picked":["Phantasmal Killer","Grand Finale"],"picked":"Malaise","floor":0},{"not_picked":["Eviscerate","Blade Dance"],"picked":"Quick Slash","floor":1},{"not_picked":["Cloak And Dagger","Eviscerate"],"picked":"Caltrops","floor":2},{"not_picked":["Terror","Tactician"],"picked":"Dagger Spray","floor":3},{"not_picked":["Prepared","Bane"],"picked":"Skewer","floor":4},{"not_picked":["All Out Attack","Tactician"],"picked":"Calculated Gamble","floor":7},{"not_picked":["Calculated Gamble","Flechettes"],"picked":"Blur","floor":8},{"not_picked":["Crippling Poison","Deflect"],"picked":"Footwork","floor":10},{"not_picked":["Deadly Poison","Riddle With Holes"],"picked":"Crippling Poison","floor":11},{"not_picked":["Dagger Spray","Dagger Throw","Outmaneuver"],"picked":"SKIP","floor":12}],"player_experience":290233,"relics_obtained":[{"floor":9,"key":"Paper Crane"},{"floor":10,"key":"Pocketwatch"},{"floor":12,"key":"Anchor"}],"event_choices":[{"damage_healed":0,"gold_gain":0,"player_choice":"Upgraded","damage_taken":0,"max_hp_gain":0,"max_hp_loss":0,"event_name":"Upgrade Shrine","floor":5,"gold_loss":0,"cards_upgraded":["Skewer"]}],"is_beta":false,"boss_relics":[],"items_purged_floors":[14],"is_endless":false,"potions_floor_spawned":[1,7,8,10,12],"killed_by":"Slime Boss","ascension_level":20}}