{"host":"3vww328me7evlv6h","time":1609670069,"event":{"mods":["BaseMod","BetterRewards","Minty Spire (QoL Compilation)","Relic Stats","StSLib","SuperFastMode"],"gold_per_floor":[111,124,141,121,12,12,45,55,55,89,103,132,1,32,44,132,144,172,203,233,73,73,99,99,99,99,127,155,32,58,92,92,164,164,179,194,48,66,79,109,109,109,178,209,27,42,57,92,92,92],"floor_reached":51,"playtime":19706,"items_purged":["Strike_G","Strike_G","Strike_G","Defend_G","Defend_G","Glass Knife"],"score":1823,"play_id":"36b6cbcd-8b8a-4600-8dea-3f4ee9a4fb84","local_time":"20210103113429","is_ascension_mode":true,"campfire_choices":[{"data":"Burst","floor":6.0,"key":"SMITH"},{"data":"Cloak And Dagger","floor":15.0,"key":"SMITH"},{"data":"Wraith Form v2","floor":24.0,"key":"SMITH"},{"data":"Noxious Fumes","floor":25.0,"key":"SMITH"},{"data":"Night Terror","floor":32.0,"key":"SMITH"},{"data":"Well Laid Plans","floor":42,"key":"SMITH"},{"data":"Deadly Poison","floor":49,"key":"SMITH"}],"circlet_count":0,"master_deck":["AscendersBane","Defend_G","Defend_G","Survivor","Neutralize","Noxious Fumes+1","Burst+1","Backflip","Blade Dance","Well Laid Plans+1","Deadly Poison+1","Night Terror+1","Cloak And Dagger+1","PiercingWail","Footwork","Blade Dance","Wraith Form v2+1","Venomology+1","Night Terror+1","Footwork+1","Noxious Fumes+1","Secret Technique","Leg Sweep+1","After Image","Malaise+1","Finesse+1","Venomology+1","Impatience+1","Impatience+1","Master of Strategy+1","Calculated Gamble+1","Backflip+1","Prepared+1"],"relics":["Ring of the Snake","Membership Card","Lantern","Oddly Smooth Stone","FossilizedHelix","WingedGreaves","Lizard Tail","Mummified Hand","Letter Opener","MawBank","Astrolabe","Toxic Egg 2","Singing Bowl","Omamori","Question Card","Blue Candle","Red Mask","Runic Dome","Strawberry","Ornamental Fan","Boot","Thread and Needle","Juzu Bracelet"],"acts_visited":["Exordium","TheCity","TheBeyond"],"potions_floor_usage":[35,35,36,36,36,38,39,40,40,40,44,44,46,47,47,48,48,50,50],"damage_taken":[{"damage":0.0,"enemies":"Cultist","floor":1.0,"turns":3.0},{"damage":0.0,"enemies":"Jaw Worm","floor":2.0,"turns":4.0},{"damage":1.0,"enemies":"2 Louse","floor":3.0,"turns":4.0},{"damage":30.0,"enemies":"Gremlin Nob","floor":7.0,"turns":5.0},{"damage":0.0,"enemies":"Looter","floor":8.0,"turns":2.0},{"damage":1.0,"enemies":"3 Sentries","floor":10.0,"turns":10.0},{"damage":0.0,"enemies":"Large Slime","floor":11.0,"turns":6.0},{"damage":0.0,"enemies":"Gremlin Nob","floor":12.0,"turns":4.0},{"damage":0.0,"enemies":"3 Sentries","floor":14.0,"turns":6.0},{"damage":9.0,"enemies":"Hexaghost","floor":16.0,"turns":9.0},{"damage":8.0,"enemies":"2 Thieves","floor":18.0,"turns":4.0},{"damage":0.0,"enemies":"Spheric Guardian","floor":19.0,"turns":4.0},{"damage":0.0,"enemies":"Centurion and Healer","floor":20.0,"turns":5.0},{"damage":6.0,"enemies":"Gremlin Leader","floor":23.0,"turns":8.0},{"damage":3.0,"enemies":"Book of Stabbing","floor":27.0,"turns":7.0},{"damage":0.0,"enemies":"Gremlin Leader","floor":28.0,"turns":6.0},{"damage":0.0,"enemies":"Book of Stabbing","floor":30.0,"turns":5.0},{"damage":0.0,"enemies":"Masked Bandits","floor":31.0,"turns":3.0},{"damage":0,"enemies":"Champ","floor":33,"turns":15},{"damage":7,"enemies":"3 Darklings","floor":35,"turns":4},{"damage":0,"enemies":"Orb Walker","floor":36,"turns":3},{"damage":0,"enemies":"Spire Growth","floor":38,"turns":7},{"damage":0,"enemies":"Jaw Worm Horde","floor":39,"turns":6},{"damage":0,"enemies":"Reptomancer","floor":40,"turns":8},{"damage":0,"enemies":"Nemesis","floor":44,"turns":7},{"damage":0,"enemies":"4 Shapes","floor":46,"turns":4},{"damage":0,"enemies":"Transient","floor":47,"turns":5},{"damage":0,"enemies":"Giant Head","floor":48,"turns":6},{"damage":12,"enemies":"Donu and Deca","floor":50,"turns":6}],"seed_played":"-4746469823305231447","potions_obtained":[{"floor":1.0,"key":"GhostInAJar"},{"floor":4.0,"key":"Fruit Juice"},{"floor":7.0,"key":"Ancient Potion"},{"floor":14.0,"key":"Energy Potion"},{"floor":18.0,"key":"GhostInAJar"},{"floor":19.0,"key":"ColorlessPotion"},{"floor":28.0,"key":"DuplicationPotion"},{"floor":44,"key":"LiquidBronze"}],"is_trial":false,"path_per_floor":["M","M","M","?","$","R","E","M","T","E","M","E","$","E","R","B",null,"M","M","M","$","?","E","R","R","T","E","E","$","E","?","R","B",null,"M","M","$","M","M","E","?","R","T","E","$","M","M","E","R","B",null],"character_chosen":"THE_SILENT","items_purchased":["Membership Card","Lantern","Noxious Fumes","Burst","Backflip","Blade Dance","Oddly Smooth Stone","Well Laid Plans","Glass Knife","Night Terror","Letter Opener","Secret Technique","After Image","Finesse+1","Thread and Needle","Backflip+1","Prepared+1"],"campfire_rested":0,"item_purchase_floors":[0,0,0,0,0,0,0,0,5,5,13,21,29,37,45,45,45],"current_hp_per_floor":[59,59,58,63,63,63,33,33,33,32,32,32,32,32,32,23,59,51,51,51,51,51,45,45,45,45,44,46,46,48,50,50,50,72,67,69,69,71,73,80,70,70,70,82,82,84,86,88,88,76],"gold":92,"neow_bonus":"","is_daily":false,"chose_seed":false,"campfire_upgraded":7,"win_rate":0.0,"timestamp":1609670069,"path_taken":["M","M","M","?","$","R","E","?","T","E","M","E","$","E","R","BOSS","M","M","M","$","?","E","R","R","T","E","E","$","E","?","R","BOSS","M","M","$","M","M","E","?","R","T","E","$","M","M","E","R","BOSS"],"items_purchased_type":["Relic","Relic","Card","Card","Card","Card","Relic","Card","Card","Card","Relic","Card","Card","Card","Relic","Card","Card"],"build_version":"2020-12-22","purchased_purges":6,"victory":true,"max_hp_per_floor":[66,66,66,71,71,71,71,71,71,71,71,71,71,71,71,71,71,71,71,71,71,71,71,71,71,71,73,75,75,77,79,79,79,79,81,83,83,85,87,94,94,94,94,94,94,96,98,100,100,100],"relic_stats":{"Singing Bowl":22,"counters":[29,166],"Astrolabe":["Venomology","Night Terror","Footwork"],"Blue Candle":[1],"Juzu Bracelet":0,"Letter Opener":[1159],"MawBank":84,"Question Card":15,"Boot":[52],"Lizard Tail":0,"Mummified Hand":[176],"Ornamental Fan":[68],"obtain_stats":[{"Lantern":0,"Singing Bowl":26,"Astrolabe":17,"Blue Candle":30,"Oddly Smooth Stone":0,"Thread and Needle":45,"Omamori":27,"Juzu Bracelet":48,"Letter Opener":13,"MawBank":14,"Question Card":28,"Boot":44,"Runic Dome":34,"Lizard Tail":10,"Mummified Hand":12,"Ornamental Fan":43,"Strawberry":40,"WingedGreaves":9,"Red Mask":31,"Membership Card":0,"Toxic Egg 2":23,"FossilizedHelix":7,"Ring of the Snake":0},{"Lantern":0,"Singing Bowl":14,"Astrolabe":10,"Blue Candle":17,"Oddly Smooth Stone":0,"Thread and Needle":25,"Omamori":15,"Juzu Bracelet":28,"Letter Opener":8,"MawBank":9,"Question Card":16,"Boot":25,"Runic Dome":19,"Lizard Tail":6,"Mummified Hand":8,"Ornamental Fan":24,"Strawberry":24,"WingedGreaves":5,"Red Mask":18,"Membership Card":0,"Toxic Egg 2":14,"FossilizedHelix":4,"Ring of the Snake":0},{"Lantern":0,"Singing Bowl":74,"Astrolabe":53,"Blue Candle":92,"Oddly Smooth Stone":0,"Thread and Needle":145,"Omamori":81,"Juzu Bracelet":160,"Letter Opener":38,"MawBank":44,"Question Card":87,"Boot":145,"Runic Dome":110,"Lizard Tail":28,"Mummified Hand":38,"Ornamental Fan":138,"Strawberry":138,"WingedGreaves":18,"Red Mask":95,"Membership Card":0,"Toxic Egg 2":74,"FossilizedHelix":16,"Ring of the Snake":0}],"Ring of the Snake":[58]},"card_choices":[{"not_picked":["Well Laid Plans","Dagger Throw","Concentrate"],"picked":"SKIP","floor":1.0},{"not_picked":["Underhanded Strike","Quick Slash"],"picked":"Deadly Poison","floor":2.0},{"not_picked":["Dagger Throw","Bane","Deadly Poison"],"picked":"SKIP","floor":3.0},{"not_picked":["Prepared","Dagger Spray","Terror"],"picked":"SKIP","floor":7.0},{"not_picked":["Underhanded Strike","Prepared"],"picked":"Cloak And Dagger","floor":8.0},{"not_picked":["Acrobatics","Choke"],"picked":"PiercingWail","floor":10.0},{"not_picked":["Dagger Throw","Phantasmal Killer"],"picked":"Footwork","floor":11.0},{"not_picked":["Sucker Punch","Deadly Poison","Reflex"],"picked":"SKIP","floor":12.0},{"not_picked":["Poisoned Stab","Dagger Throw"],"picked":"Blade Dance","floor":14.0},{"not_picked":["Burst","Die Die Die"],"picked":"Wraith Form v2","floor":16.0},{"not_picked":["Cloak And Dagger","Blade Dance","Deflect"],"picked":"SKIP","floor":18.0},{"not_picked":["Bane+1","Backflip"],"picked":"Noxious Fumes+1","floor":19.0},{"not_picked":["Flying Knee","Skewer","Poisoned Stab"],"picked":"SKIP","floor":20.0},{"not_picked":["Backstab","Prepared+1"],"picked":"Leg Sweep+1","floor":23.0},{"not_picked":["Expertise+1","Cloak And Dagger+1","Heel Hook+1"],"picked":"Singing Bowl","floor":27.0},{"not_picked":["Caltrops","Outmaneuver+1","Deflect+1"],"picked":"Singing Bowl","floor":28.0},{"not_picked":["Glass Knife","Eviscerate","Slice+1","Dagger Spray"],"picked":"Singing Bowl","floor":30.0},{"not_picked":["Prepared+1","Calculated Gamble+1","Poisoned Stab","Skewer"],"picked":"Singing Bowl","floor":31.0},{"not_picked":["Unload","Envenom","Glass Knife"],"picked":"Malaise+1","floor":33},{"not_picked":["Skewer","Poisoned Stab+1","Underhanded Strike","Dash"],"picked":"Singing Bowl","floor":35},{"not_picked":["Blade Dance+1","Leg Sweep+1","Dodge and Roll+1","Reflex+1"],"picked":"Singing Bowl","floor":36},{"not_picked":["Riddle With Holes","Blade Dance+1","Skewer+1","Footwork"],"picked":"Singing Bowl","floor":38},{"not_picked":["Expertise+1","Setup+1","Dash","Infinite Blades"],"picked":"Singing Bowl","floor":39},{"not_picked":["Cloak And Dagger+1","Dagger Spray","Dodge and Roll+1"],"picked":"Venomology+1","floor":40},{"not_picked":["Apotheosis+1","Sadistic Nature","Chrysalis+1"],"picked":"Impatience+1","floor":41},{"not_picked":["Deep Breath+1","Bandage Up+1","Blind+1"],"picked":"Impatience+1","floor":41},{"not_picked":["Madness+1","PanicButton+1","The Bomb+1"],"picked":"Master of Strategy+1","floor":41},{"not_picked":["Skewer","Distraction+1","Accuracy"],"picked":"Calculated Gamble+1","floor":44},{"not_picked":["Predator","Terror+1","Flechettes","Cloak And Dagger+1"],"picked":"Singing Bowl","floor":46},{"not_picked":["Noxious Fumes+1","Underhanded Strike","Flying Knee","PiercingWail+1"],"picked":"Singing Bowl","floor":47},{"not_picked":["PiercingWail+1","Dagger Spray","Glass Knife","Dagger Throw"],"picked":"Singing Bowl","floor":48}],"player_experience":287410,"relics_obtained":[{"floor":7.0,"key":"FossilizedHelix"},{"floor":9.0,"key":"WingedGreaves"},{"floor":10.0,"key":"Lizard Tail"},{"floor":12.0,"key":"Mummified Hand"},{"floor":14.0,"key":"MawBank"},{"floor":23.0,"key":"Toxic Egg 2"},{"floor":26.0,"key":"Singing Bowl"},{"floor":27.0,"key":"Omamori"},{"floor":28.0,"key":"Question Card"},{"floor":30.0,"key":"Blue Candle"},{"floor":31.0,"key":"Red Mask"},{"floor":40,"key":"Strawberry"},{"floor":43,"key":"Ornamental Fan"},{"floor":44,"key":"Boot"},{"floor":48,"key":"Juzu Bracelet"}],"event_choices":[{"damage_healed":0.0,"max_hp_gain":0.0,"max_hp_loss":0.0,"gold_gain":0.0,"event_name":"The Woman in Blue","player_choice":"Bought 1 Potion","floor":4.0,"gold_loss":0.0,"damage_taken":0.0},{"damage_healed":0.0,"max_hp_gain":0.0,"max_hp_loss":0.0,"gold_gain":0.0,"event_name":"Masked Bandits","player_choice":"Fought Bandits","floor":31.0,"gold_loss":0.0,"damage_taken":0.0},{"damage_healed":0,"gold_gain":0,"player_choice":"Memory 3","damage_taken":10,"max_hp_gain":0,"max_hp_loss":0,"event_name":"SensoryStone","floor":41,"gold_loss":0}],"is_beta":false,"boss_relics":[{"not_picked":["Empty Cage","Tiny House"],"picked":"Astrolabe"},{"not_picked":["Runic Pyramid","Black Star"],"picked":"Runic Dome"}],"items_purged_floors":[0,0,0,21,29,37],"is_endless":false,"potions_floor_spawned":[1,7,8,14,18,19,28,33,39,44,46],"ascension_level":14}}