{"host":"yvs6unqb0m2j26b0","time":1609708770,"event":{"mods":["BaseMod","Colored Map","Colored Powertips","Minty Spire (QoL Compilation)"],"gold_per_floor":[113,113,113,126,126,155,166,166,218,230,276,306,351,375,387,504,516,544,572,603,625,656,695,727,664,700,712,724,749,778,809,821,928,940,963,992,1004,1026,1038,1050,1062,1086,1098,125,125,125,141,141,141,141],"floor_reached":51,"playtime":4325,"items_purged":["Strike_G"],"score":793,"play_id":"03115804-c1e8-45bf-a03d-910408ce4b15","local_time":"20210103191930","is_ascension_mode":false,"campfire_choices":[{"floor":8,"key":"REST"},{"floor":10,"key":"REST"},{"floor":15,"key":"REST"},{"floor":27,"key":"REST"},{"data":"Infinite Blades","floor":32,"key":"SMITH"},{"floor":40,"key":"REST"},{"floor":46,"key":"REST"},{"floor":49,"key":"REST"}],"circlet_count":0,"master_deck":["Strike_G","Strike_G","Strike_G","Defend_G","Defend_G","Defend_G","Defend_G","Defend_G","Survivor","Neutralize","Deadly Poison","Calculated Gamble","Deadly Poison","Backstab","Deadly Poison+1","Backflip+1","Backstab","Noxious Fumes+1","Night Terror+1","Predator","Backstab","Backstab","Dagger Spray","Malaise+1","Deadly Poison+1","Blade Dance+1","Blade Dance+1","Backflip+1","Blade Dance+1","Corpse Explosion+1","Deflect+1","PiercingWail+1","Choke+1","Bandage Up+1","Footwork","Blade Dance+1","Footwork","Deflect+1","Terror+1","Apotheosis+1","Distraction+1","Bane","Deflect+1"],"relics":["Ring of the Snake","Happy Flower","Blood Vial","MawBank","Toxic Egg 2","Oddly Smooth Stone","WristBlade","Dream Catcher","Toy Ornithopter","Fusion Hammer","Ornamental Fan","Strange Spoon","InkBottle","Boot"],"acts_visited":["Exordium","TheCity","TheBeyond"],"potions_floor_usage":[13,16,23,23,23,33,38,50,50],"damage_taken":[{"damage":10,"enemies":"Jaw Worm","floor":1,"turns":6},{"damage":1,"enemies":"Small Slimes","floor":4,"turns":3},{"damage":32,"enemies":"3 Sentries","floor":6,"turns":12},{"damage":7,"enemies":"2 Louse","floor":7,"turns":2},{"damage":27,"enemies":"Lagavulin","floor":11,"turns":6},{"damage":9,"enemies":"Large Slime","floor":12,"turns":5},{"damage":11,"enemies":"3 Sentries","floor":13,"turns":8},{"damage":3,"enemies":"Gremlin Gang","floor":14,"turns":4},{"damage":18,"enemies":"Slime Boss","floor":16,"turns":9},{"damage":10,"enemies":"2 Thieves","floor":18,"turns":4},{"damage":19,"enemies":"Spheric Guardian","floor":19,"turns":5},{"damage":15,"enemies":"3 Cultists","floor":20,"turns":5},{"damage":3,"enemies":"Centurion and Healer","floor":21,"turns":5},{"damage":15,"enemies":"Snake Plant","floor":22,"turns":3},{"damage":12,"enemies":"Book of Stabbing","floor":23,"turns":3},{"damage":0,"enemies":"3 Cultists","floor":24,"turns":5},{"damage":1,"enemies":"Cultist and Chosen","floor":29,"turns":3},{"damage":6,"enemies":"Snake Plant","floor":30,"turns":2},{"damage":0,"enemies":"Shelled Parasite and Fungi","floor":31,"turns":3},{"damage":55,"enemies":"Champ","floor":33,"turns":8},{"damage":0,"enemies":"3 Darklings","floor":35,"turns":1},{"damage":14,"enemies":"Orb Walker","floor":36,"turns":3},{"damage":12,"enemies":"3 Darklings","floor":38,"turns":3},{"damage":10,"enemies":"Writhing Mass","floor":42,"turns":5},{"damage":17,"enemies":"Spire Growth","floor":47,"turns":4},{"damage":36,"enemies":"Donu and Deca","floor":50,"turns":6}],"seed_played":"7031944316898290398","potions_obtained":[{"floor":4,"key":"GhostInAJar"},{"floor":7,"key":"BlessingOfTheForge"},{"floor":12,"key":"Poison Potion"},{"floor":16,"key":"Strength Potion"},{"floor":19,"key":"Strength Potion"},{"floor":22,"key":"AttackPotion"},{"floor":30,"key":"SteroidPotion"},{"floor":31,"key":"Energy Potion"},{"floor":33,"key":"LiquidMemories"},{"floor":35,"key":"SneckoOil"},{"floor":47,"key":"ColorlessPotion"}],"is_trial":false,"path_per_floor":["M","?","?","M","?","E","M","R","T","R","E","M","E","M","R","B",null,"M","M","M","M","M","E","M","?","T","R","?","M","M","M","R","B",null,"M","M","?","M","?","R","?","M","T","$","?","R","M","?","R","B",null],"character_chosen":"THE_SILENT","items_purchased":["Strange Spoon","InkBottle","Boot","Footwork","Deflect+1","Terror+1","Apotheosis+1"],"campfire_rested":7,"item_purchase_floors":[44,44,44,44,44,44,44],"current_hp_per_floor":[67,60,60,59,59,27,22,45,45,68,43,36,27,26,49,33,77,67,50,37,36,23,13,15,15,15,38,63,64,60,62,62,14,77,77,63,63,58,58,77,73,69,69,69,69,73,56,56,73,47],"gold":141,"neow_bonus":"TEN_PERCENT_HP_BONUS","is_daily":false,"chose_seed":false,"campfire_upgraded":1,"win_rate":0.0,"timestamp":1609708770,"path_taken":["M","?","?","M","?","E","?","R","T","R","E","M","E","M","R","BOSS","M","M","M","M","M","E","M","?","T","R","?","M","M","M","R","BOSS","M","M","?","?","?","R","?","M","T","$","?","R","?","?","R","BOSS"],"items_purchased_type":["Relic","Relic","Relic","Card","Card","Card","Card"],"build_version":"2020-12-22","purchased_purges":1,"victory":true,"max_hp_per_floor":[77,77,77,77,77,77,77,77,77,77,77,77,77,77,77,77,77,77,77,77,77,77,77,77,77,77,77,77,77,77,77,77,77,77,77,77,77,77,77,77,73,73,73,73,73,73,73,73,73,73],"card_choices":[{"not_picked":["Deflect","Prepared"],"picked":"Deadly Poison","floor":1},{"not_picked":["Tactician","Underhanded Strike"],"picked":"Calculated Gamble","floor":4},{"not_picked":["Adrenaline","Finisher"],"picked":"Deadly Poison","floor":6},{"not_picked":["Dodge and Roll","Prepared"],"picked":"Backstab","floor":7},{"not_picked":["Flying Knee","Well Laid Plans"],"picked":"Deadly Poison+1","floor":11},{"not_picked":["Dagger Spray","Dodge and Roll+1"],"picked":"Backflip+1","floor":12},{"not_picked":["Outmaneuver+1","Skewer"],"picked":"Backstab","floor":13},{"not_picked":["Deadly Poison+1","Choke"],"picked":"Noxious Fumes","floor":14},{"not_picked":["Glass Knife","A Thousand Cuts"],"picked":"Night Terror+1","floor":16},{"not_picked":["Flechettes+1","Dagger Spray"],"picked":"Predator","floor":18},{"not_picked":["Masterful Stab","Outmaneuver+1"],"picked":"Backstab","floor":19},{"not_picked":["Escape Plan+1","Riddle With Holes"],"picked":"Backstab","floor":20},{"not_picked":["Escape Plan+1","Sucker Punch"],"picked":"Dagger Spray","floor":21},{"not_picked":["All Out Attack+1","Flying Knee"],"picked":"Malaise+1","floor":22},{"not_picked":["Slice","Reflex+1"],"picked":"Deadly Poison+1","floor":23},{"not_picked":["Dagger Spray","Well Laid Plans"],"picked":"Blade Dance+1","floor":24},{"not_picked":["Reflex+1","Dagger Throw+1"],"picked":"Blade Dance+1","floor":27},{"not_picked":["Eviscerate+1","Reflex+1"],"picked":"Backflip+1","floor":29},{"not_picked":["Flechettes","Acrobatics+1"],"picked":"Infinite Blades","floor":30},{"not_picked":["Deflect+1","Backflip+1"],"picked":"Blade Dance+1","floor":31},{"not_picked":["Glass Knife","Unload"],"picked":"Corpse Explosion+1","floor":33},{"not_picked":["Outmaneuver+1","Caltrops"],"picked":"Deflect+1","floor":35},{"not_picked":["Dodge and Roll+1","Deadly Poison+1"],"picked":"PiercingWail+1","floor":36},{"not_picked":["Dagger Spray+1","Dagger Throw"],"picked":"Choke+1","floor":38},{"not_picked":["Flash of Steel","Transmutation+1"],"picked":"Bandage Up+1","floor":39},{"not_picked":["Predator","Expertise+1"],"picked":"Footwork","floor":40},{"not_picked":["Underhanded Strike","Riddle With Holes+1"],"picked":"Blade Dance+1","floor":42},{"not_picked":["Acrobatics+1","Flying Knee+1"],"picked":"Distraction+1","floor":46},{"not_picked":["Blade Dance+1","Well Laid Plans"],"picked":"Bane","floor":47},{"not_picked":["Dodge and Roll+1","Flying Knee"],"picked":"Deflect+1","floor":49}],"player_experience":28009,"relics_obtained":[{"floor":6,"key":"Blood Vial"},{"floor":9,"key":"MawBank"},{"floor":11,"key":"Toxic Egg 2"},{"floor":13,"key":"Oddly Smooth Stone"},{"floor":23,"key":"Dream Catcher"},{"floor":26,"key":"Toy Ornithopter"},{"floor":43,"key":"Ornamental Fan"}],"event_choices":[{"damage_healed":0,"gold_gain":0,"player_choice":"Success","damage_taken":7,"relics_obtained":["Happy Flower"],"max_hp_gain":0,"max_hp_loss":0,"event_name":"Scrap Ooze","floor":2,"gold_loss":0},{"damage_healed":0,"gold_gain":0,"player_choice":"Ignored","damage_taken":0,"max_hp_gain":0,"max_hp_loss":0,"event_name":"Liars Game","floor":3,"gold_loss":0},{"damage_healed":0,"gold_gain":0,"player_choice":"Ignored","damage_taken":0,"max_hp_gain":0,"max_hp_loss":0,"event_name":"Golden Wing","floor":5,"gold_loss":0},{"cards_removed":["Strike_G"],"damage_healed":0,"gold_gain":0,"player_choice":"Gave Gold","damage_taken":0,"max_hp_gain":0,"max_hp_loss":0,"event_name":"Beggar","floor":25,"gold_loss":75},{"damage_healed":25,"gold_gain":0,"player_choice":"Heal","damage_taken":0,"max_hp_gain":0,"max_hp_loss":0,"event_name":"The Library","floor":28,"gold_loss":0},{"damage_healed":0,"gold_gain":0,"player_choice":"Bought 0 Potions","damage_taken":0,"max_hp_gain":0,"max_hp_loss":0,"event_name":"The Woman in Blue","floor":37,"gold_loss":0},{"damage_healed":0,"gold_gain":0,"player_choice":"Memory 1","damage_taken":0,"max_hp_gain":0,"max_hp_loss":0,"event_name":"SensoryStone","floor":39,"gold_loss":0},{"damage_healed":0,"gold_gain":0,"player_choice":"Max HP","damage_taken":0,"max_hp_gain":0,"max_hp_loss":4,"event_name":"Winding Halls","floor":41,"gold_loss":0},{"damage_healed":0,"gold_gain":0,"player_choice":"Upgraded","damage_taken":0,"max_hp_gain":0,"max_hp_loss":0,"event_name":"Upgrade Shrine","floor":45,"gold_loss":0,"cards_upgraded":["Noxious Fumes"]},{"cards_removed":["Infinite Blades"],"damage_healed":0,"gold_gain":0,"player_choice":"Removed Power","damage_taken":0,"max_hp_gain":0,"max_hp_loss":0,"event_name":"Falling","floor":48,"gold_loss":0}],"is_beta":false,"boss_relics":[{"not_picked":["Ectoplasm","Tiny House"],"picked":"WristBlade"},{"not_picked":["Runic Pyramid","Busted Crown"],"picked":"Fusion Hammer"}],"items_purged_floors":[44],"is_endless":false,"potions_floor_spawned":[4,7,12,16,19,22,30,31,33,35,47],"ascension_level":0}}