{"host":"pf47v7h0307523iy","time":1609634790,"event":{"mods":["BaseMod","Minty Spire (QoL Compilation)"],"gold_per_floor":[118,128,148,148,148,148,148,148,148,73,106,31,51,91,91,187,187,210,210,231,251,6,6,6,44,44,80,80,99,99,99,99,171,171,185,200,200,212,257,257,1,31,55,69,82,99,127,77,77,77,77],"floor_reached":50,"playtime":4364,"items_purged":["Strike_G","Strike_G+1"],"score":1246,"play_id":"aa96dddc-0f9b-447f-94e9-ab59803640ed","local_time":"20210103024630","is_ascension_mode":true,"campfire_choices":[{"data":"Dagger Spray","floor":6,"key":"SMITH"},{"floor":8,"key":"REST"},{"data":"Well Laid Plans","floor":15,"key":"SMITH"},{"data":"Footwork","floor":23,"key":"SMITH"},{"floor":28,"key":"REST"},{"floor":32,"key":"REST"},{"data":"Wraith Form v2","floor":40,"key":"SMITH"},{"floor":49,"key":"RECALL"}],"circlet_count":0,"master_deck":["AscendersBane","Strike_G+1","Defend_G","Defend_G","Defend_G","Defend_G+1","Defend_G","Survivor","Neutralize","Dash","Dagger Spray+1","Masterful Stab+1","PiercingWail","Well Laid Plans+1","Blur","After Image","Footwork+1","Backstab","Wraith Form v2+1","RitualDagger","Infinite Blades","Deflect","After Image","Blur","Leg Sweep","Acrobatics+1"],"relics":["Ring of the Serpent","Whetstone","Bloody Idol","Turnip","Mercury Hourglass","Boot","Philosopher\u0027s Stone","Sling","Tiny Chest","Toy Ornithopter","Art of War","MutagenicStrength","Lantern","Bag of Marbles","Shuriken","Smiling Mask"],"acts_visited":["Exordium","TheCity","TheBeyond"],"potions_floor_usage":[11,16,18,21,21,25,33,35,47,50,50],"damage_taken":[{"damage":0,"enemies":"Jaw Worm","floor":1,"turns":6},{"damage":7,"enemies":"Small Slimes","floor":2,"turns":3},{"damage":0,"enemies":"2 Louse","floor":3,"turns":2},{"damage":2,"enemies":"3 Sentries","floor":11,"turns":5},{"damage":0,"enemies":"Looter","floor":13,"turns":2},{"damage":4,"enemies":"Lagavulin","floor":14,"turns":5},{"damage":0,"enemies":"The Guardian","floor":16,"turns":14},{"damage":0,"enemies":"3 Byrds","floor":18,"turns":1},{"damage":0,"enemies":"Shell Parasite","floor":20,"turns":6},{"damage":1,"enemies":"Cultist and Chosen","floor":21,"turns":8},{"damage":8,"enemies":"Slavers","floor":25,"turns":6},{"damage":20,"enemies":"Book of Stabbing","floor":27,"turns":7},{"damage":19,"enemies":"Shelled Parasite and Fungi","floor":29,"turns":6},{"damage":39,"enemies":"Champ","floor":33,"turns":22},{"damage":1,"enemies":"Orb Walker","floor":35,"turns":5},{"damage":6,"enemies":"3 Shapes","floor":36,"turns":6},{"damage":0,"enemies":"Writhing Mass","floor":38,"turns":9},{"damage":0,"enemies":"Giant Head","floor":42,"turns":13},{"damage":9,"enemies":"Transient","floor":44,"turns":6},{"damage":0,"enemies":"Jaw Worm Horde","floor":45,"turns":4},{"damage":0,"enemies":"Maw","floor":46,"turns":8},{"damage":15,"enemies":"Reptomancer","floor":47,"turns":10},{"damage":67,"enemies":"Time Eater","floor":50,"turns":27}],"seed_played":"-5447040768584540741","potions_obtained":[{"floor":1,"key":"Explosive Potion"},{"floor":11,"key":"BlessingOfTheForge"},{"floor":13,"key":"Weak Potion"},{"floor":16,"key":"DuplicationPotion"},{"floor":18,"key":"Block Potion"},{"floor":20,"key":"DuplicationPotion"},{"floor":21,"key":"Weak Potion"},{"floor":29,"key":"LiquidMemories"},{"floor":33,"key":"GamblersBrew"},{"floor":35,"key":"FearPotion"},{"floor":38,"key":"Weak Potion"},{"floor":47,"key":"AttackPotion"}],"is_trial":false,"path_per_floor":["M","M","M","?","?","R","?","R","T","?","E","$","M","E","R","B",null,"M","?","M","M","$","R","?","E","T","E","R","M","?","?","R","B",null,"M","M","?","M","T","R","$","E","T","M","M","M","E","$","R","B"],"character_chosen":"THE_SILENT","items_purchased":["Wraith Form v2","Sling","Bag of Marbles","Leg Sweep"],"campfire_rested":3,"item_purchase_floors":[22,22,41,41],"current_hp_per_floor":[59,52,52,52,52,52,34,52,52,52,50,50,50,46,46,46,57,57,54,54,53,53,53,47,39,39,19,37,18,18,18,36,7,47,56,55,55,60,60,60,60,60,60,56,60,60,50,50,50,0,0],"gold":77,"neow_bonus":"RANDOM_COMMON_RELIC","is_daily":false,"chose_seed":false,"campfire_upgraded":4,"win_rate":0.0,"timestamp":1609634790,"path_taken":["M","M","M","?","?","R","?","R","T","?","E","?","M","E","R","BOSS","M","?","M","?","$","R","?","E","T","E","R","M","?","?","R","BOSS","M","M","?","M","?","R","$","E","T","M","M","M","E","?","R","BOSS"],"items_purchased_type":["Card","Relic","Relic","Card"],"build_version":"2020-12-22","purchased_purges":2,"victory":false,"max_hp_per_floor":[66,66,66,66,60,60,60,60,60,60,60,60,60,60,60,60,60,60,60,60,60,60,60,60,60,60,60,60,60,60,60,60,60,60,60,60,60,60,60,60,60,60,60,60,60,60,60,60,60,60,60],"card_choices":[{"not_picked":["Caltrops","Acrobatics"],"picked":"Dash","floor":1},{"not_picked":["Backflip","Acrobatics"],"picked":"Dagger Spray","floor":2},{"not_picked":["Dagger Throw","Prepared"],"picked":"Masterful Stab","floor":3},{"not_picked":["Blade Dance","Cloak And Dagger"],"picked":"PiercingWail","floor":11},{"not_picked":["Predator","Flechettes"],"picked":"Well Laid Plans","floor":13},{"not_picked":["Calculated Gamble","Finisher"],"picked":"Blur","floor":14},{"not_picked":["Venomology","Envenom"],"picked":"After Image","floor":16},{"not_picked":["Underhanded Strike","Reflex"],"picked":"Footwork","floor":18},{"not_picked":["Outmaneuver","Slice"],"picked":"Backstab","floor":20},{"not_picked":["Concentrate","Quick Slash","Eviscerate"],"picked":"SKIP","floor":21},{"not_picked":["Concentrate","Quick Slash","Eviscerate"],"picked":"SKIP","floor":21},{"not_picked":["Predator+1","Distraction","Accuracy"],"picked":"SKIP","floor":25},{"not_picked":["Night Terror","Blur"],"picked":"Infinite Blades","floor":27},{"not_picked":["Backflip","Expertise"],"picked":"Deflect","floor":29},{"not_picked":["Adrenaline","Tools of the Trade"],"picked":"After Image","floor":33},{"not_picked":["Deflect","Reflex","Bane+1"],"picked":"SKIP","floor":35},{"not_picked":["Well Laid Plans","Prepared"],"picked":"Blur","floor":36},{"not_picked":["Bouncing Flask","Dagger Throw","Malaise"],"picked":"SKIP","floor":38},{"not_picked":["Flying Knee","Caltrops","Predator"],"picked":"SKIP","floor":42},{"not_picked":["Sucker Punch","Prepared","Deadly Poison+1"],"picked":"SKIP","floor":44},{"not_picked":["Quick Slash","Dagger Spray"],"picked":"Acrobatics+1","floor":45},{"not_picked":["Choke+1","Slice","Quick Slash"],"picked":"SKIP","floor":46},{"not_picked":["Expertise","Eviscerate","Backflip"],"picked":"SKIP","floor":47}],"player_experience":1578564,"relics_obtained":[{"floor":9,"key":"Turnip"},{"floor":11,"key":"Mercury Hourglass"},{"floor":14,"key":"Boot"},{"floor":25,"key":"Tiny Chest"},{"floor":26,"key":"Toy Ornithopter"},{"floor":27,"key":"Art of War"},{"floor":39,"key":"Lantern"},{"floor":42,"key":"Shuriken"},{"floor":47,"key":"Smiling Mask"}],"event_choices":[{"damage_healed":0,"gold_gain":0,"player_choice":"Ignored","damage_taken":0,"max_hp_gain":0,"max_hp_loss":0,"event_name":"Liars Game","floor":4,"gold_loss":0},{"damage_healed":0,"gold_gain":0,"player_choice":"Lose Max HP","damage_taken":0,"relics_obtained":["Golden Idol"],"max_hp_gain":0,"max_hp_loss":6,"event_name":"Golden Idol","floor":5,"gold_loss":0},{"damage_healed":0,"gold_gain":0,"player_choice":"Entered Light","damage_taken":18,"max_hp_gain":0,"max_hp_loss":0,"event_name":"Shining Light","floor":7,"gold_loss":0,"cards_upgraded":["Defend_G","Masterful Stab"]},{"cards_removed":["Strike_G"],"damage_healed":0,"gold_gain":0,"player_choice":"Card Removal","damage_taken":0,"max_hp_gain":0,"max_hp_loss":0,"event_name":"The Cleric","floor":10,"gold_loss":75},{"damage_healed":0,"gold_gain":0,"player_choice":"Bought 0 Potions","damage_taken":0,"max_hp_gain":0,"max_hp_loss":0,"event_name":"The Woman in Blue","floor":19,"gold_loss":0},{"damage_healed":0,"gold_gain":0,"player_choice":"Joined the Cult","damage_taken":6,"max_hp_gain":0,"max_hp_loss":0,"event_name":"Nest","floor":24,"gold_loss":0,"cards_obtained":["RitualDagger"]},{"damage_healed":0,"gold_gain":0,"player_choice":"Inject Mutagens","damage_taken":0,"relics_obtained":["MutagenicStrength"],"max_hp_gain":0,"max_hp_loss":0,"event_name":"Drug Dealer","floor":30,"gold_loss":0},{"damage_healed":0,"gold_gain":0,"player_choice":"Gave Idol","damage_taken":0,"relics_obtained":["Bloody Idol"],"max_hp_gain":0,"max_hp_loss":0,"event_name":"Forgotten Altar","floor":31,"relics_lost":["Golden Idol"],"gold_loss":0},{"cards_removed":["Strike_G"],"damage_healed":0,"gold_gain":0,"player_choice":"Removed Attack","damage_taken":0,"max_hp_gain":0,"max_hp_loss":0,"event_name":"Falling","floor":37,"gold_loss":0}],"is_beta":false,"boss_relics":[{"not_picked":["WristBlade","Snecko Eye"],"picked":"Philosopher\u0027s Stone"},{"not_picked":["Sozu","Calling Bell"],"picked":"Ring of the Serpent"}],"items_purged_floors":[12,48],"is_endless":false,"potions_floor_spawned":[1,11,13,16,18,20,21,29,33,35,38,44,47],"killed_by":"Time Eater","ascension_level":20}}