{"host":"gk9qdtkqd8dwfeg2","time":1609651875,"event":{"mods":["Aspiration","BaseMod","Colored Powertips","KomeijiMod","Minty Spire (QoL Compilation)","Quick Restart","Replay The Spire","Shop Mod","StSLib","TestMod","The Gatherer","The Servant 0.9.4","Waifu the Spire","WarShipGirlsR/’ΩΩ¢…Ÿ≈ÆR mod","Yuri Mod"],"gold_per_floor":[113,130,145,145,145,145,176,176,200,200,239,259,295,295,295,426,426,442,442,442,461,475,475,490,490,490,490,530,332,352,50,50,170,170,193,207,207,225,130,168,168,184,238,258,299,299,299,343,343,343,343,343,151,195,195],"floor_reached":56,"playtime":1902,"items_purged":["Confused"],"score":1891,"play_id":"7323d536-768f-48db-8013-302a1deb63dc","local_time":"20210103133115","is_ascension_mode":true,"campfire_choices":[{"data":"Rampage","floor":6.0,"key":"SMITH"},{"data":"Body Slam","floor":8.0,"key":"SMITH"},{"data":"Hemokinesis","floor":10.0,"key":"SMITH"},{"data":"Abandon","floor":15.0,"key":"SMITH"},{"data":"RitualDagger","floor":23.0,"key":"SMITH"},{"floor":25.0,"key":"REST"},{"data":"ReplayTheSpireMod:System Scan","floor":27.0,"key":"SMITH"},{"data":"Double Tap","floor":32.0,"key":"SMITH"},{"data":"testmod-AdversityCounterattack","floor":41.0,"key":"SMITH"},{"floor":46.0,"key":"RECALL"},{"data":"Barricade","floor":49.0,"key":"SMITH"},{"data":"Impervious","floor":52.0,"key":"SMITH"}],"circlet_count":0,"master_deck":["Rampage+1","Body Slam+1","Abandon+1","Thunderclap+1","RitualDagger+1","Cold Snap","ReplayTheSpireMod:System Scan+1","Double Tap+1","testmod-AdversityCounterattack+1","WeaponsOverheat","Barricade+1","Clumsy","Pommel Strike+1","Impervious+1","Shockwave+1","Shrug It Off","Disarm"],"relics":["Burning Blood","testmod-TestBox","aspiration:Nostalgia","Iron Core","Golden Idol","ShirouKen","Boot","Durian","Paper Frog","Replay:Rubber Ducky","yuri:PortableGlitches","MerchantsRug","Quantum Egg","Lantern","White Beast Statue","KyoryuNoHagoromo","Spirit Poop","testmod-IndustrialRevolution","Pondfish Scales","Art of War","aspiration:FetidBarrel","aspiration:Lifesprig","Replay:Mystery Machine"],"acts_visited":["Exordium","TheCity","TheBeyond","TheEnding"],"potions_floor_usage":[55,55,55],"damage_taken":[{"damage":6.0,"enemies":"Jaw Worm","floor":1.0,"turns":5.0},{"damage":2.0,"enemies":"2 Louse","floor":2.0,"turns":3.0},{"damage":0.0,"enemies":"Small Slimes","floor":3.0,"turns":3.0},{"damage":26.0,"enemies":"Lagavulin","floor":7.0,"turns":5.0},{"damage":18.0,"enemies":"Gremlin Nob","floor":11.0,"turns":3.0},{"damage":12.0,"enemies":"Red Slaver","floor":12.0,"turns":3.0},{"damage":10.0,"enemies":"3 Sentries","floor":13.0,"turns":7.0},{"damage":8.0,"enemies":"Hexaghost","floor":16.0,"turns":9.0},{"damage":12.0,"enemies":"Chosen","floor":18.0,"turns":4.0},{"damage":22.0,"enemies":"2 Thieves","floor":21.0,"turns":2.0},{"damage":11.0,"enemies":"Snake Plant","floor":22.0,"turns":3.0},{"damage":9.0,"enemies":"3 Cultists","floor":24.0,"turns":3.0},{"damage":0.0,"enemies":"Gremlin Leader","floor":28.0,"turns":5.0},{"damage":0.0,"enemies":"Snecko","floor":30.0,"turns":3.0},{"damage":24.0,"enemies":"Champ","floor":33.0,"turns":6.0},{"damage":0.0,"enemies":"3 Darklings","floor":35.0,"turns":2.0},{"damage":0.0,"enemies":"3 Shapes","floor":36.0,"turns":1.0},{"damage":10.0,"enemies":"Transient","floor":38.0,"turns":5.0},{"damage":12.0,"enemies":"R_Hoarder","floor":40.0,"turns":6.0},{"damage":18.0,"enemies":"3 Darklings","floor":42.0,"turns":7.0},{"damage":0.0,"enemies":"Sphere and 2 Shapes","floor":44.0,"turns":3.0},{"damage":18.0,"enemies":"Reptomancer","floor":45.0,"turns":4.0},{"damage":6.0,"enemies":"R_Hoarder","floor":48.0,"turns":3.0},{"damage":10.0,"enemies":"Awakened One","floor":50.0,"turns":5.0},{"damage":37,"enemies":"Shield and Spear","floor":54,"turns":8},{"damage":29,"enemies":"The Heart","floor":55,"turns":7}],"seed_played":"1937483602792647641","potions_obtained":[{"floor":1.0,"key":"testmod-SpacePotion"},{"floor":13.0,"key":"ExcitationPotion"},{"floor":16.0,"key":"LiquidMemories"},{"floor":18.0,"key":"FearPotion"},{"floor":22.0,"key":"BloodPotion"},{"floor":28.0,"key":"SkillPotion"},{"floor":40.0,"key":"ColorlessPotion"},{"floor":45.0,"key":"Cursed Concoction"},{"floor":54,"key":"SpeedPotion"}],"is_trial":false,"path_per_floor":["M","M","M","?","?","R","E","R","T","R","E","M","E","?","R","B",null,"M","?","?","M","M","R","M","R","T","R","E","$","M","$","R","B",null,"M","M","?","M","$","E","R","M","T","M","E","R","?","E","R","B",null,"R","$","E","B",null],"character_chosen":"IRONCLAD","items_purchased":["MerchantsRug","testmod-AdversityCounterattack","Quantum Egg","WeaponsOverheat","testmod-IndustrialRevolution","aspiration:Lifesprig","Disarm"],"campfire_rested":1,"item_purchase_floors":[29,29,31,31,39,53,53],"current_hp_per_floor":[72,76,80,80,80,80,60,60,60,60,53,47,43,43,43,41,74,68,62,62,46,41,41,38,63,63,63,69,69,75,75,75,57,78,84,85,85,81,81,75,75,63,63,69,57,57,57,57,57,53,77,77,77,46,40],"gold":195,"neow_bonus":"NOSTALGIA","is_daily":false,"chose_seed":false,"campfire_upgraded":10,"win_rate":0.0,"timestamp":1609651875,"path_taken":["M","M","M","?","?","R","E","R","T","R","E","M","E","?","R","BOSS","M","?","?","M","M","R","M","R","T","R","E","$","?","$","R","BOSS","M","M","?","M","$","E","R","?","T","M","E","R","?","E","R","BOSS","R","$","E","BOSS"],"items_purchased_type":["Relic","Card","Relic","Card","Relic","Relic","Card"],"build_version":"2020-12-22","purchased_purges":1,"victory":true,"max_hp_per_floor":[80,80,80,80,80,80,80,80,80,80,85,85,85,85,85,85,85,85,85,85,85,85,85,85,85,85,85,85,85,85,85,85,85,85,85,85,85,85,85,85,85,85,85,85,85,85,85,85,85,85,85,85,85,85,85],"card_choices":[{"not_picked":["Ghostly Armor","Sentinel"],"picked":"Hemokinesis","floor":1.0},{"not_picked":["Wild Strike","Turbo"],"picked":"Cold Snap","floor":2.0},{"not_picked":["Clash","Warcry"],"picked":"Cold Snap","floor":3.0},{"not_picked":["Corruption","Replay:Undeath\u0027s Touch"],"picked":"Body Slam","floor":7.0},{"not_picked":["Havoc","ReplayTheSpireMod:GoodbyeWorld"],"picked":"Abandon","floor":11.0},{"not_picked":["Headbutt","Rebound"],"picked":"Disarm","floor":12.0},{"not_picked":["Perfected Strike","Hologram","Heavy Blade"],"picked":"SKIP","floor":13.0},{"not_picked":["Bludgeon","Juggernaut"],"picked":"Immolate","floor":16.0},{"not_picked":["Warcry","Cleave"],"picked":"Thunderclap+1","floor":18.0},{"not_picked":["Perfected Strike","Rebound"],"picked":"Cold Snap","floor":21.0},{"not_picked":["Cleave","Clothesline+1","True Grit+1"],"picked":"SKIP","floor":22.0},{"not_picked":["Thunderclap","Hologram"],"picked":"ReplayTheSpireMod:System Scan","floor":24.0},{"not_picked":["Turbo","Flame Barrier"],"picked":"Double Tap","floor":28.0},{"not_picked":["Rebound","Cleave","Headbutt+1"],"picked":"SKIP","floor":30.0},{"not_picked":["Impervious","Firewall"],"picked":"Barricade","floor":33.0},{"not_picked":["Confused","Overencumbered"],"picked":"Clumsy","floor":34.0},{"not_picked":["ReplayTheSpireMod:Doomed","Delirium"],"picked":"Confused","floor":34.0},{"not_picked":["Pain","Regret"],"picked":"Decay","floor":34.0},{"not_picked":["Armaments","Body Slam","Anger"],"picked":"SKIP","floor":35.0},{"not_picked":["ReplayTheSpireMod:Stacked+1","Heavy Blade"],"picked":"Pommel Strike+1","floor":36.0},{"not_picked":["Demonic Infusion","Run Through","Warcry"],"picked":"SKIP","floor":38.0},{"not_picked":["Second Wind","Pummel"],"picked":"Impervious","floor":40.0},{"not_picked":["Spot Weakness","Havoc"],"picked":"Shockwave+1","floor":42.0},{"not_picked":["Sword Boomerang+1","Thunderclap","Replay:Undeath\u0027s Touch"],"picked":"SKIP","floor":44.0},{"not_picked":["Anger+1","ReplayTheSpireMod:Corrosion Curse"],"picked":"Shrug It Off","floor":45.0},{"not_picked":["Cleave+1","Heavy Blade","Uppercut"],"picked":"SKIP","floor":48.0},{"not_picked":["Uppercut","Heavy Blade+1","Hemogenesis"],"picked":"SKIP","floor":54}],"player_experience":603932,"relics_obtained":[{"floor":7.0,"key":"ShirouKen"},{"floor":9.0,"key":"Boot"},{"floor":11.0,"key":"Durian"},{"floor":13.0,"key":"Paper Frog"},{"floor":26.0,"key":"Replay:Rubber Ducky"},{"floor":28.0,"key":"yuri:PortableGlitches"},{"floor":40.0,"key":"Pondfish Scales"},{"floor":45.0,"key":"Art of War"},{"floor":48.0,"key":"aspiration:FetidBarrel"},{"floor":54,"key":"Replay:Mystery Machine"}],"event_choices":[{"damage_healed":0.0,"max_hp_gain":0.0,"max_hp_loss":0.0,"gold_gain":0.0,"cards_transformed":["Strike_R"],"event_name":"Living Wall","player_choice":"Change","floor":4.0,"gold_loss":0.0,"damage_taken":0.0,"cards_obtained":["Rampage"]},{"damage_healed":0.0,"max_hp_gain":0.0,"max_hp_loss":0.0,"gold_gain":0.0,"event_name":"Golden Idol","player_choice":"Take Wound","floor":5.0,"gold_loss":0.0,"damage_taken":0.0,"relics_obtained":["Golden Idol"],"cards_obtained":["Injury"]},{"damage_healed":0.0,"max_hp_gain":0.0,"max_hp_loss":0.0,"gold_gain":0.0,"event_name":"Nest","player_choice":"Joined the Cult","floor":19.0,"gold_loss":0.0,"damage_taken":6.0,"cards_obtained":["RitualDagger"]},{"cards_removed":["Bash"],"damage_healed":0.0,"max_hp_gain":0.0,"max_hp_loss":0.0,"gold_gain":0.0,"event_name":"Purifier","player_choice":"Purged","floor":20.0,"gold_loss":0.0,"damage_taken":0.0},{"cards_removed":["Decay"],"damage_healed":0.0,"max_hp_gain":0.0,"max_hp_loss":0.0,"gold_gain":0.0,"event_name":"Bonfire Elementals","player_choice":"Offered Curse","floor":37.0,"gold_loss":0.0,"damage_taken":0.0,"relics_obtained":["Spirit Poop"]},{"cards_removed":["Immolate"],"damage_healed":0.0,"max_hp_gain":0.0,"max_hp_loss":0.0,"gold_gain":0.0,"event_name":"Falling","player_choice":"Removed Attack","floor":47.0,"gold_loss":0.0,"damage_taken":0.0}],"is_beta":false,"boss_relics":[{"not_picked":["Ring of Chaos","Painkiller Herb","Snecko Eye"]},{"not_picked":["Snecko Heart","aspiration:WatcherSkillbook"],"picked":"Replay:Ancient Bell"},{"not_picked":["MawBank","Smiling Mask"],"picked":"Lantern"},{"not_picked":["aspiration:HummingbirdHeart","testmod-Justice"],"picked":"White Beast Statue"},{"not_picked":["testmod-Fortitude","Thread and Needle"],"picked":"KyoryuNoHagoromo"}],"items_purged_floors":[39],"is_endless":false,"potions_floor_spawned":[1,13,16,18,22,28,35,36,38,40,42,44,45,48,54],"ascension_level":8}}