{"host":"f5uumzf5hfexzk8l","time":1609644781,"event":{"mods":["AchievementEnabler","BaseMod","Colored Map","Googly Eyes","Highlight Path","Minty Spire (QoL Compilation)","Permanent Neow","StSLib","SuperFastMode","Unceasing Turn Reminder","everything is the same but u backflip on backflip"],"gold_per_floor":[112,123,142,217,228,228,258,270,297,297,297,297,297],"floor_reached":12,"playtime":382,"items_purged":[],"score":140,"play_id":"96f092d2-2f21-49cf-b84e-3188bc4db3ff","local_time":"20210102193301","is_ascension_mode":true,"campfire_choices":[{"data":"Poisoned Stab","floor":6.0,"key":"SMITH"},{"floor":10,"key":"REST"}],"circlet_count":0,"master_deck":["AscendersBane","Strike_G","Strike_G","Strike_G","Strike_G","Strike_G","Defend_G","Defend_G","Defend_G","Defend_G","Defend_G","Survivor","Neutralize","Blade Dance","PiercingWail","Poisoned Stab+1","Noxious Fumes","Leg Sweep"],"relics":["Ring of the Snake","Blue Candle","CeramicFish","Anchor"],"acts_visited":["Exordium"],"potions_floor_usage":[7],"damage_taken":[{"damage":0.0,"enemies":"2 Louse","floor":1.0,"turns":3.0},{"damage":12.0,"enemies":"Small Slimes","floor":2.0,"turns":4.0},{"damage":0.0,"enemies":"Cultist","floor":3.0,"turns":4.0},{"damage":0.0,"enemies":"3 Louse","floor":5.0,"turns":3.0},{"damage":24,"enemies":"Gremlin Nob","floor":7,"turns":4},{"damage":6,"enemies":"Exordium Wildlife","floor":8,"turns":6},{"damage":21,"enemies":"Lagavulin","floor":12,"turns":5}],"seed_played":"7889263783265127717","potions_obtained":[{"floor":2.0,"key":"PowerPotion"},{"floor":5.0,"key":"PowerPotion"},{"floor":7,"key":"Explosive Potion"}],"is_trial":false,"path_per_floor":["M","M","M","?","M","R","E","M","T","R","?","E"],"character_chosen":"THE_SILENT","items_purchased":[],"campfire_rested":1,"item_purchase_floors":[],"current_hp_per_floor":[59,47,47,36,36,36,12,6,6,25,14,0,0],"gold":297,"neow_bonus":"THREE_CARDS","is_daily":false,"chose_seed":false,"campfire_upgraded":1,"win_rate":0.0,"timestamp":1609644781,"path_taken":["M","M","M","?","M","R","E","M","T","R","?","E"],"items_purchased_type":[],"build_version":"2020-12-22","purchased_purges":0,"victory":false,"max_hp_per_floor":[66,66,66,66,66,66,66,66,66,66,66,66,66],"card_choices":[{"not_picked":["Dodge and Roll","Concentrate"],"picked":"Blade Dance","floor":0.0},{"not_picked":["Acrobatics","Backflip","Outmaneuver"],"picked":"SKIP","floor":1.0},{"not_picked":["Blade Dance","Tools of the Trade"],"picked":"PiercingWail","floor":2.0},{"not_picked":["Quick Slash","Riddle With Holes"],"picked":"Poisoned Stab","floor":3.0},{"not_picked":["Terror","Blade Dance"],"picked":"Noxious Fumes","floor":5.0},{"not_picked":["Dagger Throw","Concentrate"],"picked":"Leg Sweep","floor":7},{"not_picked":["PiercingWail","Calculated Gamble","Slice"],"picked":"SKIP","floor":8}],"player_experience":359130,"relics_obtained":[{"floor":7,"key":"Blue Candle"},{"floor":9,"key":"CeramicFish"}],"event_choices":[{"damage_healed":0.0,"max_hp_gain":0.0,"max_hp_loss":0.0,"gold_gain":75.0,"event_name":"World of Goop","player_choice":"Gather Gold","floor":4.0,"gold_loss":0.0,"damage_taken":11.0},{"damage_healed":0,"gold_gain":0,"player_choice":"Success","damage_taken":11,"relics_obtained":["Anchor"],"max_hp_gain":0,"max_hp_loss":0,"event_name":"Scrap Ooze","floor":11,"gold_loss":0}],"is_beta":false,"boss_relics":[],"items_purged_floors":[],"is_endless":false,"potions_floor_spawned":[2,5,7],"killed_by":"Lagavulin","ascension_level":15}}