{"host":"nqsrckqog5ia9mbo","time":1609680621,"event":{"mods":["AchievementEnabler","BaseMod","Colored Map","Highlight Path","Minty Spire (QoL Compilation)"],"gold_per_floor":[110,120,132,132,145,175,175,193,193,225,238,238,255,280,280,385,385,395,410,149,149,166,166,166,195,195,210,228,228,253,263,263,365,365,382,401,421,18,29,29,61,61,111,32,0,13,42,42,42,42],"floor_reached":51,"playtime":2502,"items_purged":["Strike_R","Defend_R"],"score":1045,"play_id":"ec2f3b63-4c84-47b3-a187-47a25710be83","local_time":"20210103143021","is_ascension_mode":true,"campfire_choices":[{"data":"Flex","floor":7,"key":"SMITH"},{"data":"Pommel Strike","floor":12,"key":"SMITH"},{"floor":15,"key":"REST"},{"data":"Limit Break","floor":23,"key":"SMITH"},{"floor":29,"key":"REST"},{"floor":32,"key":"REST"},{"floor":40,"key":"REST"},{"floor":42,"key":"REST"},{"floor":49,"key":"REST"}],"circlet_count":0,"master_deck":["Strike_R","Strike_R+1","Strike_R","Defend_R","Defend_R","Defend_R","Bash","CurseOfTheBell","Flex+1","Clash","Whirlwind+1","Pommel Strike+1","Whirlwind","Limit Break+1","Pummel+1","Bloodletting","Rage+1","Limit Break+1","Rage+1","Offering+1","Heavy Blade","Armaments+1","Pommel Strike+1","Inflame+1","Limit Break+1"],"relics":["Calling Bell","Bronze Scales","HornCleat","Mango","Red Skull","Thread and Needle","Frozen Egg 2","StoneCalendar","Philosopher\u0027s Stone","Sling","Pen Nib","Toxic Egg 2","Ancient Tea Set","Fusion Hammer","Regal Pillow","Dream Catcher","Question Card","Juzu Bracelet","Red Mask","Oddly Smooth Stone"],"acts_visited":["Exordium","TheCity","TheBeyond"],"potions_floor_usage":[16,22,27,30,33,46],"damage_taken":[{"damage":0,"enemies":"Cultist","floor":1,"turns":3},{"damage":18,"enemies":"Jaw Worm","floor":2,"turns":3},{"damage":6,"enemies":"2 Louse","floor":3,"turns":3},{"damage":4,"enemies":"Red Slaver","floor":5,"turns":3},{"damage":11,"enemies":"3 Sentries","floor":6,"turns":5},{"damage":0,"enemies":"Looter","floor":8,"turns":1},{"damage":0,"enemies":"Gremlin Nob","floor":10,"turns":3},{"damage":0,"enemies":"3 Louse","floor":11,"turns":1},{"damage":0,"enemies":"Blue Slaver","floor":13,"turns":2},{"damage":4,"enemies":"Lagavulin","floor":14,"turns":5},{"damage":15,"enemies":"Hexaghost","floor":16,"turns":7},{"damage":0,"enemies":"Spheric Guardian","floor":18,"turns":1},{"damage":15,"enemies":"2 Thieves","floor":19,"turns":4},{"damage":26,"enemies":"Centurion and Healer","floor":22,"turns":4},{"damage":26,"enemies":"Gremlin Leader","floor":25,"turns":3},{"damage":21,"enemies":"Snake Plant","floor":27,"turns":3},{"damage":0,"enemies":"Sentry and Sphere","floor":28,"turns":3},{"damage":2,"enemies":"Book of Stabbing","floor":30,"turns":3},{"damage":5,"enemies":"Chosen and Byrds","floor":31,"turns":3},{"damage":34,"enemies":"Collector","floor":33,"turns":6},{"damage":14,"enemies":"3 Shapes","floor":35,"turns":2},{"damage":29,"enemies":"Orb Walker","floor":36,"turns":4},{"damage":11,"enemies":"Writhing Mass","floor":37,"turns":4},{"damage":15,"enemies":"Jaw Worm Horde","floor":39,"turns":2},{"damage":6,"enemies":"Reptomancer","floor":41,"turns":3},{"damage":11,"enemies":"Maw","floor":46,"turns":5},{"damage":16,"enemies":"Giant Head","floor":47,"turns":4},{"damage":50,"enemies":"Time Eater","floor":50,"turns":5}],"seed_played":"4243246706463965658","potions_obtained":[{"floor":2,"key":"ElixirPotion"},{"floor":3,"key":"Energy Potion"},{"floor":5,"key":"SkillPotion"},{"floor":13,"key":"AttackPotion"},{"floor":19,"key":"ColorlessPotion"},{"floor":22,"key":"SteroidPotion"},{"floor":27,"key":"DistilledChaos"},{"floor":36,"key":"Weak Potion"},{"floor":46,"key":"BlessingOfTheForge"}],"is_trial":false,"path_per_floor":["M","M","M","?","M","E","R","M","T","E","M","R","M","E","R","B",null,"M","M","$","?","M","R","?","E","T","M","M","R","E","M","R","B",null,"M","M","M","$","M","R","E","R","T","$","?","M","E","?","R","B",null],"character_chosen":"IRONCLAD","items_purchased":["Sling","Bloodletting","Regal Pillow","Dream Catcher","Inflame+1"],"campfire_rested":6,"item_purchase_floors":[20,20,38,38,44],"current_hp_per_floor":[94,76,70,51,47,36,36,36,36,36,36,36,36,32,60,45,82,82,67,67,67,41,41,72,46,46,25,25,53,51,46,74,40,81,67,38,27,27,12,55,49,92,92,92,92,81,65,65,94,44],"gold":42,"neow_bonus":"BOSS_RELIC","is_daily":false,"chose_seed":false,"campfire_upgraded":3,"win_rate":0.0,"timestamp":1609680621,"path_taken":["M","?","M","?","M","E","R","M","T","E","M","R","M","E","R","BOSS","M","M","$","?","?","R","?","E","T","M","M","R","E","M","R","BOSS","M","M","M","$","M","R","E","R","T","$","?","M","E","?","R","BOSS"],"items_purchased_type":["Relic","Card","Relic","Relic","Card"],"build_version":"2020-12-22","purchased_purges":2,"victory":true,"max_hp_per_floor":[94,94,94,94,94,94,94,94,94,94,94,94,94,94,94,94,94,94,94,94,94,94,94,94,94,94,94,94,94,94,94,94,94,94,94,94,94,94,94,94,94,94,94,94,94,94,94,94,94,94],"card_choices":[{"not_picked":["Combust","Wild Strike"],"picked":"Flex","floor":1},{"not_picked":["Warcry","True Grit"],"picked":"Clash","floor":2},{"not_picked":["Flex","Heavy Blade"],"picked":"Whirlwind","floor":3},{"not_picked":["Feel No Pain","Shrug It Off","Combust"],"picked":"SKIP","floor":5},{"not_picked":["Impervious","Anger"],"picked":"Pommel Strike","floor":6},{"not_picked":["Cleave","Iron Wave","Shockwave"],"picked":"SKIP","floor":8},{"not_picked":["Iron Wave","Feel No Pain+1","Clash"],"picked":"SKIP","floor":10},{"not_picked":["True Grit","Power Through","Body Slam"],"picked":"SKIP","floor":11},{"not_picked":["Combust+1","Wild Strike","Perfected Strike"],"picked":"SKIP","floor":13},{"not_picked":["Bludgeon","Entrench"],"picked":"Whirlwind","floor":14},{"not_picked":["Offering","Exhume"],"picked":"Limit Break","floor":16},{"not_picked":["Sever Soul","Perfected Strike"],"picked":"Pummel+1","floor":18},{"not_picked":["Dropkick+1","Rupture+1","Uppercut+1"],"picked":"SKIP","floor":19},{"not_picked":["Wild Strike","Whirlwind"],"picked":"Rage+1","floor":22},{"not_picked":["Headbutt","Wild Strike+1","Cleave"],"picked":"SKIP","floor":25},{"not_picked":["Shrug It Off+1","Anger","Sword Boomerang"],"picked":"SKIP","floor":27},{"not_picked":["Disarm+1","Combust+1","Infernal Blade+1"],"picked":"SKIP","floor":28},{"not_picked":["Sword Boomerang+1","Headbutt"],"picked":"Limit Break+1","floor":30},{"not_picked":["Cleave+1","Infernal Blade+1"],"picked":"Rage+1","floor":31},{"not_picked":["Barricade+1","Reaper"],"picked":"Offering+1","floor":33},{"not_picked":["Rampage","Headbutt"],"picked":"Heavy Blade","floor":35},{"not_picked":["Pommel Strike","Havoc+1","Anger"],"picked":"SKIP","floor":36},{"not_picked":["Shockwave+1","Warcry+1","True Grit+1"],"picked":"SKIP","floor":37},{"not_picked":["Sword Boomerang","Shrug It Off+1","Burning Pact+1"],"picked":"SKIP","floor":39},{"not_picked":["Feed","Anger+1"],"picked":"Armaments+1","floor":40},{"not_picked":["Berserk+1","Uppercut+1"],"picked":"Pommel Strike+1","floor":41},{"not_picked":["Bloodletting+1","Cleave","Metallicize+1","Pummel"],"picked":"SKIP","floor":46},{"not_picked":["Rampage","True Grit+1","Headbutt"],"picked":"Limit Break+1","floor":47}],"player_experience":103483,"relics_obtained":[{"floor":0,"key":"Bronze Scales"},{"floor":0,"key":"HornCleat"},{"floor":0,"key":"Mango"},{"floor":6,"key":"Red Skull"},{"floor":9,"key":"Thread and Needle"},{"floor":10,"key":"Frozen Egg 2"},{"floor":14,"key":"StoneCalendar"},{"floor":25,"key":"Pen Nib"},{"floor":26,"key":"Toxic Egg 2"},{"floor":30,"key":"Ancient Tea Set"},{"floor":41,"key":"Question Card"},{"floor":43,"key":"Juzu Bracelet"},{"floor":47,"key":"Oddly Smooth Stone"}],"event_choices":[{"damage_healed":0,"gold_gain":0,"player_choice":"Entered Light","damage_taken":19,"max_hp_gain":0,"max_hp_loss":0,"event_name":"Shining Light","floor":4,"gold_loss":0,"cards_upgraded":["Strike_R","Whirlwind"]},{"cards_removed":["Strike_R"],"damage_healed":0,"gold_gain":0,"player_choice":"Purged","damage_taken":0,"max_hp_gain":0,"max_hp_loss":0,"event_name":"Purifier","floor":21,"gold_loss":0},{"damage_healed":31,"gold_gain":0,"player_choice":"Heal","damage_taken":0,"max_hp_gain":0,"max_hp_loss":0,"event_name":"The Library","floor":24,"gold_loss":0},{"damage_healed":0,"gold_gain":0,"player_choice":"Paid","damage_taken":0,"relics_obtained":["Red Mask"],"max_hp_gain":0,"max_hp_loss":0,"event_name":"Tomb of Lord Red Mask","floor":45,"gold_loss":32},{"damage_healed":0,"gold_gain":0,"player_choice":"Ignored","damage_taken":0,"max_hp_gain":0,"max_hp_loss":0,"event_name":"Mysterious Sphere","floor":48,"gold_loss":0}],"is_beta":false,"boss_relics":[{"not_picked":["Coffee Dripper","Velvet Choker"],"picked":"Philosopher\u0027s Stone"},{"not_picked":["Runic Cube","Runic Dome"],"picked":"Fusion Hammer"}],"items_purged_floors":[20,38],"is_endless":false,"potions_floor_spawned":[2,3,5,13,14,19,22,27,28,36,46],"ascension_level":5}}