{"host":"n900smz9wr3yo27a","time":1609689925,"event":{"mods":["Arknights The Spire","BaseMod","CapriCore","GungeonMod","Hermit","Koishi","Lobotomy","Marisa£¨Ùöéë¡¡Øª×âÞÞ£©","Minty Spire (QoL Compilation)","Prisma Mod","Replay The Spire","StSLib","Td1madao Mod","The Animator","The Bug Knight","The Cursed","The Dragon Tamer","The Gatherer","The Hierophant","The Immortal","The Jungle","The Necromancer","The Poker Player","The Runesmith","WarShipGirlsR/??á´Ò³R mod"],"gold_per_floor":[112,37,50,96,109,109,141,141,141,151,192,192,223,254,254,366,366,377,277,152,182,103,148,203,203,203,242,282,336,375,459,459,561,561,605,630,666,19,61,142,184,235,298,338,365,421,477,261,261,261],"floor_reached":51,"playtime":2698,"items_purged":["DemoMod:TeaPot","DemoMod:TeaPot","DemoMod:MachoBrace","DemoMod:SniperShot","ReplayTheSpireMod:Splinters"],"score":1289,"play_id":"bb69245f-b3f5-4b23-b2d5-80dc6837544a","local_time":"20210104010525","daily_mods":["Draft","Vintage","Heirloom","Time Dilation","Flight","DeadlyEvents","Elite Swarm"],"is_ascension_mode":false,"campfire_choices":[{"data":"DemoMod:ShadowBullets","floor":6,"key":"SMITH"},{"data":"DemoMod:FinishedGun","floor":8,"key":"SMITH"},{"data":"DemoMod:FinishedGun","floor":12,"key":"SMITH"},{"data":"DemoMod:HungryBullets","floor":15,"key":"SMITH"},{"data":"DemoMod:ShadowBullets","floor":25,"key":"SMITH"},{"floor":32,"key":"RECALL"},{"data":"1","floor":49,"key":"LIFT"}],"circlet_count":0,"master_deck":["DemoMod:HardPowerCard","DemoMod:ShadowBullets+1","DemoMod:FastSwitch","DemoMod:HardPowerCard","DemoMod:CursedBullets","DemoMod:SniperShot","DemoMod:HardPowerCard","DemoMod:HungryBullets+1","DemoMod:FinishedGun+1","DemoMod:FinishedGun+1","DemoMod:BlankBullets","DemoMod:ShadowBullets+1","DemoMod:HardPowerCard+1","DemoMod:HardPowerCard"],"relics":["DemoMod:Dog","replay:Trail_Library","Bird Faced Urn","DemoMod:Plus1Bullets","DemoMod:WhiteGuonStone","DemoMod:Metronome","Replay:WaspNest","DemoMod:Antibody","DemoMod:MonsterBlood","Oddly Smooth Stone","DemoMod:BlueGuonStone","Eternal Feather","Shuriken","Busted Crown","Bag of Preparation","Nunchaku","Bag of Marbles","DemoMod:ChaffGrenade","Replay:Kaleidoscope","Anchor","HollowMod:PaleOreRelic","Meat on the Bone","DemoMod:BigBoy","Cursed Key","Runesmith:AutoHammer","DemoMod:SuperHotWatch","Pen Nib","DemoMod:DecoyRelic","Singing Bowl","ReplayTheSpireMod:TigerMarble","MawBank","Gremlin Food","HollowMod:LifeEnderRelic","Girya","StrikeDummy","Quantum Egg","Orichalcum","Darkstone Periapt"],"acts_visited":["Exordium","TheCity","TheBeyond"],"potions_floor_usage":[],"damage_taken":[{"damage":16,"enemies":"Cultist","floor":1,"turns":6},{"damage":0,"enemies":"2 Louse","floor":3,"turns":4},{"damage":0,"enemies":"Jaw Worm","floor":4,"turns":7},{"damage":0,"enemies":"Looter","floor":5,"turns":4},{"damage":0,"enemies":"Lagavulin","floor":7,"turns":4},{"damage":0,"enemies":"Exordium Wildlife","floor":10,"turns":4},{"damage":0,"enemies":"3 Sentries","floor":11,"turns":3},{"damage":0,"enemies":"Gremlin Nob","floor":13,"turns":2},{"damage":13,"enemies":"Lagavulin","floor":14,"turns":4},{"damage":2,"enemies":"Slime Boss","floor":16,"turns":5},{"damage":0,"enemies":"Shell Parasite","floor":18,"turns":1},{"damage":0,"enemies":"Chosen","floor":21,"turns":2},{"damage":0,"enemies":"Book of Stabbing","floor":23,"turns":3},{"damage":0,"enemies":"Gremlin Leader","floor":24,"turns":4},{"damage":0,"enemies":"Slavers","floor":27,"turns":2},{"damage":25,"enemies":"Book of Stabbing","floor":28,"turns":4},{"damage":29,"enemies":"Slavers","floor":29,"turns":6},{"damage":0,"enemies":"Gremlin Leader","floor":30,"turns":4},{"damage":0,"enemies":"Book of Stabbing","floor":31,"turns":3},{"damage":0,"enemies":"Champ","floor":33,"turns":3},{"damage":0,"enemies":"3 Darklings","floor":35,"turns":2},{"damage":0,"enemies":"3 Shapes","floor":36,"turns":2},{"damage":0,"enemies":"3 Darklings","floor":37,"turns":3},{"damage":2,"enemies":"Sphere and 2 Shapes","floor":39,"turns":3},{"damage":9,"enemies":"Giant Head","floor":40,"turns":5},{"damage":0,"enemies":"Nemesis","floor":41,"turns":1},{"damage":0,"enemies":"Giant Head","floor":42,"turns":4},{"damage":0,"enemies":"Maw","floor":43,"turns":3},{"damage":2,"enemies":"Reptomancer","floor":44,"turns":2},{"damage":0,"enemies":"Maw","floor":45,"turns":2},{"damage":4,"enemies":"Giant Head","floor":46,"turns":3},{"damage":19,"enemies":"Nemesis","floor":47,"turns":3},{"damage":0,"enemies":"Replay:Hell Engine","floor":50,"turns":3},{"damage":1,"enemies":"Malkuth","floor":51,"turns":8},{"damage":15,"enemies":"Netzach","floor":51,"turns":4},{"damage":33,"enemies":"Chesed","floor":51,"turns":4},{"damage":30,"enemies":"Hokma","floor":51,"turns":7}],"seed_played":"3946782295489258396","potions_obtained":[{"floor":1,"key":"Ancient Potion"},{"floor":7,"key":"Block Potion"},{"floor":36,"key":"Flashbang"},{"floor":44,"key":"DemoMod:BlankPotion"}],"is_trial":true,"path_per_floor":["M","$","M","M","M","R","E","R","T","M","E","R","E","E","R","B",null,"M","$","$","M","$","E","E","R","T","E","E","E","E","E","R","B",null,"M","M","M","$","M","E","E","E","T","E","M","E","E","$","R","B",null],"character_chosen":"HUNTRESS","items_purchased":["DemoMod:ShadowBullets","DemoMod:DecoyRelic","Singing Bowl","DemoMod:HardPowerCard"],"campfire_rested":0,"item_purchase_floors":[22,38,38,48],"current_hp_per_floor":[56,56,62,68,70,70,70,70,77,77,77,77,77,66,77,77,77,77,77,77,77,77,77,77,77,77,77,52,37,49,67,77,77,77,77,77,77,77,75,78,81,83,85,85,87,89,76,76,88,91],"gold":261,"neow_bonus":"","is_daily":false,"chose_seed":false,"campfire_upgraded":5,"win_rate":0.0,"timestamp":1609689925,"path_taken":["M","$","M","M","M","R","E","R","T","M","E","R","E","E","R","BOSS","M","$","$","M","?","E","E","R","T","E","E","E","E","E","R","BOSS","M","M","M","$","M","E","E","E","T","E","M","E","E","$","R","BOSS"],"items_purchased_type":["Card","Relic","Relic","Card"],"build_version":"2020-12-22","purchased_purges":5,"victory":true,"max_hp_per_floor":[70,70,70,70,70,70,70,70,77,77,77,77,77,77,77,77,77,77,77,77,77,77,77,77,77,77,77,77,77,77,77,77,77,77,77,77,77,77,77,79,81,83,85,87,87,89,91,91,91,91],"card_choices":[{"not_picked":["DemoMod:FastSwitch","DemoMod:BattleInHaste"],"picked":"DemoMod:DirectionalPad","floor":0},{"not_picked":["DemoMod:GunstockTap","DemoMod:HuntsMan"],"picked":"DemoMod:HardPowerCard","floor":0},{"not_picked":["DemoMod:Evolver","DemoMod:ConditionalReflex"],"picked":"DemoMod:DoubleSwitch","floor":0},{"not_picked":["DemoMod:BoxingGlove","DemoMod:HuntsMan"],"picked":"DemoMod:Purify","floor":0},{"not_picked":["DemoMod:TeaPot","DemoMod:StrategicReserve"],"picked":"DemoMod:ShadowBullets","floor":0},{"not_picked":["DemoMod:StrategicReserve","DemoMod:Casey"],"picked":"DemoMod:FastSwitch","floor":0},{"not_picked":["DemoMod:HuntsMan","DemoMod:MachoBrace"],"picked":"DemoMod:HardPowerCard","floor":0},{"not_picked":["DemoMod:HuntsMan","DemoMod:Ejector"],"picked":"DemoMod:CursedBullets","floor":0},{"not_picked":["DemoMod:SpreadAmmo","DemoMod:GunShield"],"picked":"DemoMod:SniperShot","floor":0},{"not_picked":["DemoMod:CursedBullets","DemoMod:SAA"],"picked":"DemoMod:TeaPot","floor":0},{"not_picked":["DemoMod:JK47","DemoMod:MachoBrace"],"picked":"DemoMod:HardPowerCard","floor":0},{"not_picked":["DemoMod:DirectionalPad","DemoMod:Ejector"],"picked":"DemoMod:HungryBullets","floor":0},{"not_picked":["DemoMod:ChanceBullets","DemoMod:Replace"],"picked":"DemoMod:DirectionalPad","floor":0},{"not_picked":["DemoMod:HuntsMan","DemoMod:JK47"],"picked":"DemoMod:TeaPot","floor":0},{"not_picked":["DemoMod:BattleInHaste","DemoMod:PracticeMakesPerfect"],"picked":"DemoMod:MachoBrace","floor":0},{"not_picked":["DemoMod:Behold!","DemoMod:Slinger"],"picked":"DemoMod:FinishedGun","floor":7},{"not_picked":["DemoMod:Eureka","DemoMod:SuppressiveFire"],"picked":"DemoMod:FinishedGun","floor":11},{"not_picked":["DemoMod:BlackHoleGun","DemoMod:BulletBore"],"picked":"DemoMod:BlankBullets","floor":13},{"not_picked":["DemoMod:BlackHoleGun","DemoMod:Elimentaler","DemoMod:FightSabre"],"picked":"SKIP","floor":14},{"not_picked":[],"picked":"DemoMod:SniperShot","floor":21},{"not_picked":["DemoMod:FinishedGun"],"picked":"SKIP","floor":23},{"not_picked":["DemoMod:BlackHoleGun"],"picked":"SKIP","floor":24},{"not_picked":["DemoMod:SuppressiveFire"],"picked":"SKIP","floor":27},{"not_picked":["DemoMod:GunslingerForm"],"picked":"SKIP","floor":28},{"not_picked":["DemoMod:Desperate"],"picked":"SKIP","floor":29},{"not_picked":["DemoMod:GunslingerForm"],"picked":"SKIP","floor":30},{"not_picked":["DemoMod:Elimentaler"],"picked":"SKIP","floor":31},{"not_picked":[],"picked":"DemoMod:HardPowerCard+1","floor":39},{"not_picked":["DemoMod:SuppressiveFire"],"picked":"Singing Bowl","floor":40},{"not_picked":["DemoMod:FightSabre"],"picked":"Singing Bowl","floor":41},{"not_picked":["DemoMod:SuppressiveFire"],"picked":"Singing Bowl","floor":42},{"not_picked":["DemoMod:SpreadAmmo+1"],"picked":"Singing Bowl","floor":43},{"not_picked":["DemoMod:FinishedGun"],"picked":"Singing Bowl","floor":44},{"not_picked":["DemoMod:Slinger"],"picked":"Singing Bowl","floor":46},{"not_picked":["DemoMod:FullFirepower"],"picked":"Singing Bowl","floor":47}],"player_experience":781810,"relics_obtained":[{"floor":1,"key":"DemoMod:Plus1Bullets"},{"floor":3,"key":"DemoMod:WhiteGuonStone"},{"floor":4,"key":"DemoMod:Metronome"},{"floor":5,"key":"Replay:WaspNest"},{"floor":7,"key":"DemoMod:Antibody"},{"floor":9,"key":"DemoMod:MonsterBlood"},{"floor":10,"key":"Oddly Smooth Stone"},{"floor":11,"key":"DemoMod:BlueGuonStone"},{"floor":13,"key":"Eternal Feather"},{"floor":14,"key":"Shuriken"},{"floor":18,"key":"Bag of Preparation"},{"floor":21,"key":"Nunchaku"},{"floor":23,"key":"Bag of Marbles"},{"floor":24,"key":"DemoMod:ChaffGrenade"},{"floor":27,"key":"Replay:Kaleidoscope"},{"floor":28,"key":"Anchor"},{"floor":29,"key":"HollowMod:PaleOreRelic"},{"floor":30,"key":"Meat on the Bone"},{"floor":31,"key":"DemoMod:BigBoy"},{"floor":35,"key":"Runesmith:AutoHammer"},{"floor":36,"key":"DemoMod:SuperHotWatch"},{"floor":37,"key":"Pen Nib"},{"floor":39,"key":"ReplayTheSpireMod:TigerMarble"},{"floor":40,"key":"MawBank"},{"floor":41,"key":"Gremlin Food"},{"floor":42,"key":"HollowMod:LifeEnderRelic"},{"floor":43,"key":"Girya"},{"floor":44,"key":"StrikeDummy"},{"floor":45,"key":"Quantum Egg"},{"floor":46,"key":"Orichalcum"},{"floor":47,"key":"Darkstone Periapt"}],"event_choices":[],"is_beta":false,"boss_relics":[{"not_picked":["DemoMod:Test1","Empty Cage"],"picked":"Busted Crown"},{"not_picked":["Calling Bell","DemoMod:Wolf"],"picked":"Cursed Key"}],"items_purged_floors":[2,19,20,38,48],"is_endless":false,"potions_floor_spawned":[1,7,10,14,21,23,29,30,33,36,39,42,44,45,46,47],"ascension_level":0}}