{"host":"1kq2ingo3j45gyyp","time":1609643346,"event":{"mods":["BaseMod","Better Note","Better Third Choice","Downfall","Minty Spire (QoL Compilation)","StSLib"],"gold_per_floor":[99,119,119,219,229,112,112,112,97,97,117,25,59,78,92,195,195,195,213,230,91,102,39,39,104,29,29,42,60,88,99,112,214,214,139,158,171,27,53,53,77,109,61,78,3,32,32,32,44,44,44,72,47,47,47],"floor_reached":56,"playtime":3454,"items_purged":["Decay"],"score":1404,"play_id":"0e82f476-c0e6-430b-bf47-7e4ed029ade5","local_time":"20210102220906","is_ascension_mode":false,"campfire_choices":[{"data":"hexamod:GiftsFromTheDead","floor":1.0,"key":"SMITH"},{"floor":18.0,"key":"RECALL"},{"floor":26.0,"key":"REST"},{"data":"hexamod:EtherealExpedition","floor":35.0,"key":"SMITH"},{"data":"hexamod:CatchUp","floor":40.0,"key":"SMITH"},{"data":"hexamod:RecurringNightmare","floor":45,"key":"SMITH"},{"floor":47,"key":"REST"},{"data":"hexamod:EtherealExpedition","floor":54,"key":"SMITH"}],"circlet_count":0,"master_deck":["hexamod:Strike","hexamod:Strike+1","hexamod:Strike+1","hexamod:Strike","hexamod:Defend","hexamod:Defend","hexamod:Defend","hexamod:Defend","hexamod:Sear","hexamod:Float","hexamod:GiftsFromTheDead+1","hexamod:GhostShield","hexamod:GhostLash+1","hexamod:FastForward","hexamod:NightmareGuise","hexamod:NightmareStrike","hexamod:GhostShield+1","hexamod:SpectersWail","hexamod:Hexaguard","hexamod:GhostLash","hexamod:SpectersWail+1","hexamod:NightmareGuise","hexamod:TimeOfNeed+1","hexamod:PhantomCloak+1","hexamod:UnleashSpirits","hexamod:GhostLash","hexamod:SpectersWail+1","hexamod:FlamesFromBeyond","hexamod:NightmareStrike+1","hexamod:RecurringNightmare+1","hexamod:SpectersWail+1","hexamod:GhostLash","hexamod:Hexaguard","hexamod:NightmareStrike","hexamod:CatchUp+1","hexamod:FlamesFromBeyond+1","hexamod:Hexaguard+1","hexamod:Hexaguard+1","hexamod:RecurringNightmare+1","hexamod:Hexaguard","hexamod:EtherealExpedition+1","hexamod:UnleashSpirits","hexamod:SpectersWail+1","hexamod:NightmareGuise+1","hexamod:SixthSeal","sneckomod:Bewildered","hexamod:GhostLash","hexamod:SpectersWail","hexamod:PowerFromBeyond+1","hexamod:Hexaguard","expansioncontent:LastStand","hexamod:EtherealExpedition+1","hexamod:GhostLash"],"relics":["hexamod:SpiritBrand","InkBottle","StrikeDummy","Cursed Key","Ice Cream","Medical Kit","downfall:HeartBlessingRed","Calipers","Sozu","downfall:HeartBlessingGreen","Blood Vial","hexamod:TheBrokenSeal","Pantograph","downfall:HeartBlessingBlue","HornCleat","Akabeko"],"acts_visited":["Exordium","TheCity","TheBeyond","TheEnding"],"potions_floor_usage":[],"damage_taken":[{"damage":0.0,"enemies":"Small Slimes","floor":2.0,"turns":3.0},{"damage":2.0,"enemies":"Jaw Worm","floor":5.0,"turns":4.0},{"damage":0.0,"enemies":"downfall:FleeingMerchant","floor":6.0,"turns":4.0},{"damage":0.0,"enemies":"Cultist","floor":8.0,"turns":1.0},{"damage":0.0,"enemies":"downfall:FleeingMerchant","floor":9.0,"turns":4.0},{"damage":2.0,"enemies":"Red Slaver","floor":11.0,"turns":4.0},{"damage":0.0,"enemies":"downfall:FleeingMerchant","floor":12.0,"turns":4.0},{"damage":10.0,"enemies":"Lagavulin","floor":13.0,"turns":5.0},{"damage":10.0,"enemies":"Exordium Wildlife","floor":14.0,"turns":3.0},{"damage":6.0,"enemies":"Red Slaver","floor":15.0,"turns":3.0},{"damage":19.0,"enemies":"downfall:Silent","floor":16.0,"turns":6.0},{"damage":5.0,"enemies":"Spheric Guardian","floor":19.0,"turns":5.0},{"damage":0.0,"enemies":"3 Byrds","floor":20.0,"turns":4.0},{"damage":0.0,"enemies":"downfall:FleeingMerchant","floor":21.0,"turns":4.0},{"damage":24.0,"enemies":"Centurion and Healer","floor":22.0,"turns":5.0},{"damage":12.0,"enemies":"downfall:FleeingMerchant","floor":23.0,"turns":4.0},{"damage":0.0,"enemies":"downfall:FleeingMerchant","floor":25.0,"turns":1.0},{"damage":8.0,"enemies":"Snake Plant","floor":28.0,"turns":3.0},{"damage":13.0,"enemies":"Snecko","floor":29.0,"turns":4.0},{"damage":31.0,"enemies":"Gremlin Leader","floor":30.0,"turns":6.0},{"damage":0.0,"enemies":"Chosen and Byrds","floor":31.0,"turns":5.0},{"damage":7.0,"enemies":"Centurion and Healer","floor":32.0,"turns":6.0},{"damage":3.0,"enemies":"downfall:Defect","floor":33.0,"turns":9.0},{"damage":11.0,"enemies":"3 Shapes","floor":36.0,"turns":5.0},{"damage":20.0,"enemies":"3 Darklings","floor":37.0,"turns":6.0},{"damage":3.0,"enemies":"Sphere and 2 Shapes","floor":39.0,"turns":6.0},{"damage":12,"enemies":"Giant Head","floor":42,"turns":7},{"damage":9,"enemies":"Jaw Worm Horde","floor":44,"turns":3},{"damage":30,"enemies":"Reptomancer","floor":46,"turns":6},{"damage":0,"enemies":"Transient","floor":49,"turns":5},{"damage":7,"enemies":"downfall:Ironclad","floor":50,"turns":11},{"damage":5,"enemies":"downfall:CharBossMerchant","floor":52,"turns":7},{"damage":0,"enemies":"downfall:NeowBoss","floor":55,"turns":31}],"seed_played":"-3641296455196269148","potions_obtained":[{"floor":2.0,"key":"Swift Potion"},{"floor":13.0,"key":"sneckomod:MuddlingPotion"},{"floor":14.0,"key":"Dexterity Potion"},{"floor":15.0,"key":"FairyPotion"},{"floor":20.0,"key":"hexamod:EctoCoolerPotion"},{"floor":28.0,"key":"Dexterity Potion"},{"floor":29.0,"key":"DistilledChaos"},{"floor":30.0,"key":"Guardian:BlockOnCardUsePotion"},{"floor":31.0,"key":"Regen Potion"},{"floor":32.0,"key":"Block Potion"}],"is_trial":false,"path_per_floor":["R","M","?","?","M","$","T","M","$","?","M","$","E","M","M","B",null,"R","M","M","$","M","$","T","$","R","?","M","M","E","M","M","B",null,"R","M","M","$","M","R","T","E","$","M","R","E","R","?","M","B",null,"E","$","R","B",null],"character_chosen":"THE_SPIRIT","items_purchased":["hexamod:NightmareGuise","hexamod:NightmareStrike","hexamod:Hexaguard","hexamod:GhostLash","hexamod:SpectersWail","hexamod:FourthSeal","hexamod:SpectersWail","Medical Kit","hexamod:Hexaguard","hexamod:NightmareStrike","Blood Vial","hexamod:SpectersWail","hexamod:GhostLash"],"campfire_rested":2,"item_purchase_floors":[6,6,12,12,21,21,23,25,25,25,38,43,53],"current_hp_per_floor":[70,70,70,70,68,68,68,68,68,68,66,66,56,46,40,21,70,70,65,65,65,41,29,29,29,50,50,42,36,5,12,20,24,70,70,66,53,53,80,80,80,68,68,61,71,43,70,70,72,83,90,85,85,85,90],"gold":47,"neow_bonus":"ONE_RANDOM_RARE_CARD","is_daily":false,"chose_seed":false,"campfire_upgraded":5,"win_rate":0.0,"timestamp":1609643346,"path_taken":["R","M","?","?","?","$","T","M","?","?","M","?","E","M","M","BOSS","R","M","M","$","M","?","T","$","R","?","M","M","E","?","M","BOSS","R","M","M","$","M","R","T","E","$","M","R","E","R","?","M","BOSS","E","$","R","BOSS"],"items_purchased_type":["Card","Card","Card","Card","Card","Card","Card","Relic","Card","Card","Relic","Card","Card"],"build_version":"2020-12-22","purchased_purges":1,"victory":true,"max_hp_per_floor":[70,70,70,70,70,70,70,70,70,70,70,70,70,70,70,70,70,70,70,70,70,70,70,70,70,70,70,70,70,70,70,70,70,70,70,70,70,70,80,80,80,80,80,80,90,90,90,90,90,90,90,90,90,90,90],"card_choices":[{"not_picked":["hexamod:SpectralSpark","hexamod:ShieldOfDarkness"],"picked":"hexamod:GhostShield","floor":2.0},{"not_picked":["hexamod:GhostOfSpirePast","hexamod:ShieldOfDarkness"],"picked":"hexamod:GhostLash","floor":5.0},{"not_picked":["hexamod:InspiringFlames","hexamod:ShieldOfDarkness"],"picked":"hexamod:FastForward","floor":6.0},{"not_picked":["hexamod:Firestarter","hexamod:InspiringFlames"],"picked":"hexamod:GhostShield","floor":8.0},{"not_picked":["hexamod:SwordOfDarkness","hexamod:RainOfEmbers","hexamod:EmpoweredFlame"],"picked":"SKIP","floor":9.0},{"not_picked":["hexamod:NightmareGuise","hexamod:GhostLash"],"picked":"hexamod:VolcanoVisage","floor":11.0},{"not_picked":["hexamod:Firestarter","hexamod:InspiringFlames"],"picked":"hexamod:SpectersWail","floor":12.0},{"not_picked":["hexamod:Haunt","hexamod:InspiringFlames","hexamod:HauntingEcho"],"picked":"SKIP","floor":13.0},{"not_picked":["hexamod:Hexaguard","hexamod:DynamicBlow"],"picked":"hexamod:SpectersWail","floor":14.0},{"not_picked":["hexamod:PhantomFireball","hexamod:ThermalTransfer"],"picked":"hexamod:NightmareGuise","floor":15.0},{"not_picked":["hexamod:TimeWarp","hexamod:CrushingStance"],"picked":"hexamod:TimeOfNeed","floor":16.0},{"not_picked":["hexamod:AdvancingGuard","hexamod:Hexaguard+1"],"picked":"hexamod:PhantomCloak","floor":19.0},{"not_picked":["hexamod:PhantomCloak","hexamod:ShieldOfDarkness+1"],"picked":"hexamod:ThirdSeal","floor":20.0},{"not_picked":["hexamod:SwordOfDarkness","hexamod:GhostShield"],"picked":"hexamod:UnleashSpirits","floor":21.0},{"not_picked":["hexamod:NecessarySacrifice","hexamod:NightmareGuise+1"],"picked":"hexamod:GhostLash","floor":21.0},{"not_picked":["hexamod:BurningTouch","hexamod:SuperheatedStrike"],"picked":"hexamod:FirstSeal","floor":22.0},{"not_picked":["hexamod:InspiringFlames","hexamod:BacktrackSmack"],"picked":"hexamod:FlamesFromBeyond","floor":22.0},{"not_picked":["hexamod:AdvancingGuard","hexamod:ShieldOfDarkness"],"picked":"hexamod:NightmareStrike","floor":23.0},{"not_picked":["hexamod:RainOfEmbers","hexamod:SwordOfDarkness"],"picked":"hexamod:RecurringNightmare","floor":23.0},{"not_picked":["hexamod:PowerFromBeyond","hexamod:FastForward"],"picked":"hexamod:GhostLash","floor":25.0},{"not_picked":["hexamod:GhostLash","hexamod:TurnItUp","hexamod:Incineration+1"],"picked":"SKIP","floor":28.0},{"not_picked":["hexamod:GhostLash","hexamod:TurnItUp","hexamod:Incineration+1"],"picked":"SKIP","floor":28.0},{"not_picked":["hexamod:AdvancingGuard+1","hexamod:InspiringFlames+1"],"picked":"hexamod:FlamesFromBeyond+1","floor":29.0},{"not_picked":["hexamod:SoulSteal","hexamod:EmpoweredFlame"],"picked":"hexamod:Hexaguard+1","floor":29.0},{"not_picked":["hexamod:NightmareGuise","hexamod:Haunt+1"],"picked":"hexamod:Hexaguard+1","floor":30.0},{"not_picked":["hexamod:GhostLash","hexamod:SwordOfDarkness"],"picked":"hexamod:RecurringNightmare","floor":30.0},{"not_picked":["hexamod:NightmareGuise","hexamod:GhostflameBarrier+1"],"picked":"hexamod:Hexaguard","floor":31.0},{"not_picked":["hexamod:SwordOfDarkness","hexamod:Firestarter"],"picked":"hexamod:SixthSeal","floor":31.0},{"not_picked":["hexamod:SpectralSpark","hexamod:AdvancingGuard"],"picked":"hexamod:EtherealExpedition","floor":32.0},{"not_picked":["hexamod:TimeWarp","hexamod:SwordOfDarkness","hexamod:StepThrough"],"picked":"SKIP","floor":32.0},{"not_picked":["hexamod:TimeOfNeed","hexamod:TimeWarp"],"picked":"hexamod:UnleashSpirits","floor":33.0},{"not_picked":["hexamod:UnleashSpirits","hexamod:ParanormalForm"],"picked":"hexamod:FifthSeal","floor":33.0},{"not_picked":["hexamod:Firestarter+1","hexamod:BacktrackSmack","hexamod:GhostLash+1"],"picked":"SKIP","floor":36.0},{"not_picked":["hexamod:Hexaguard","hexamod:BacktrackSmack","hexamod:GhostLash"],"picked":"SKIP","floor":36.0},{"not_picked":["hexamod:FirstSeal","hexamod:SixthSeal"],"picked":"hexamod:SecondSeal","floor":37.0},{"not_picked":["hexamod:GhostLash+1","hexamod:NightmareGuise+1"],"picked":"hexamod:SpectersWail+1","floor":37.0},{"not_picked":["hexamod:NightmareStrike","hexamod:ShieldOfDarkness+1"],"picked":"hexamod:NightmareGuise+1","floor":37.0},{"not_picked":["hexamod:ThirdSeal","hexamod:FourthSeal"],"picked":"hexamod:SixthSeal","floor":39.0},{"not_picked":["hexamod:TimeOfNeed","hexamod:SuperheatedStrike","hexamod:GhostOfSpireFuture"],"picked":"SKIP","floor":39.0},{"not_picked":["hexamod:RainOfEmbers+1","hexamod:AdvancingGuard+1"],"picked":"hexamod:GhostLash","floor":42},{"not_picked":["hexamod:SpectralAdrenaline+1","hexamod:ShieldOfDarkness+1"],"picked":"hexamod:PowerFromBeyond+1","floor":44},{"not_picked":["hexamod:BacktrackSmack+1","hexamod:SpectralAdrenaline"],"picked":"hexamod:Hexaguard","floor":46},{"not_picked":["expansioncontent:GoopSpray","expansioncontent:GuardianWhirl"],"picked":"expansioncontent:LastStand","floor":48},{"not_picked":["hexamod:Hexaguard","hexamod:HauntingEcho","hexamod:AdvancingGuard+1"],"picked":"SKIP","floor":49},{"not_picked":["hexamod:GhostShield+1","hexamod:DynamicBlow+1"],"picked":"hexamod:EtherealExpedition","floor":52}],"player_experience":833465,"relics_obtained":[{"floor":7.0,"key":"InkBottle"},{"floor":13.0,"key":"StrikeDummy"},{"floor":24.0,"key":"Ice Cream"},{"floor":30.0,"key":"Calipers"},{"floor":42,"key":"Pantograph"},{"floor":46,"key":"HornCleat"},{"floor":52,"key":"Akabeko"}],"event_choices":[{"damage_healed":0.0,"max_hp_gain":0.0,"max_hp_loss":0.0,"gold_gain":0.0,"cards_transformed":["hexamod:VolcanoVisage"],"event_name":"Transmorgrifier","player_choice":"Transformed","floor":27.0,"gold_loss":0.0,"damage_taken":0.0,"cards_obtained":["hexamod:CatchUp"]}],"is_beta":false,"boss_relics":[{"not_picked":["downfall:Hecktoplasm","Pandora\u0027s Box"],"picked":"Cursed Key"},{"not_picked":["Empty Cage","Coffee Dripper"],"picked":"Sozu"}],"items_purged_floors":[25],"is_endless":false,"potions_floor_spawned":[2,13,14,15,19,20,22,29,32,36,39,42],"ascension_level":0}}