{"host":"143ld85m55v6o3h7","time":1609639062,"event":{"mods":["AchievementEnabler","BaseMod","Colored Map","DeckTracker","Minty Spire (QoL Compilation)","Permanent Neow","Rare Cards Sparkle","StSLib","everything is the same but u backflip on backflip"],"gold_per_floor":[119,133,5,24,99,126,126,145,145,145,95,95,127,192,192,293,293,304,304,204,129,129,129,129,139,139,152,165,193,36,67,67,164,164,182,182,182,232,107,134,151,151,151,1,13,13,30,40,40,40],"floor_reached":51,"playtime":1078,"items_purged":["Strike_R","Strike_R","Normality","Defend_R"],"score":821,"play_id":"22104dfa-04c7-4c16-9eec-e8c55835f847","local_time":"20210103105742","is_ascension_mode":false,"campfire_choices":[{"data":"Armaments","floor":7.0,"key":"SMITH"},{"data":"Limit Break","floor":15.0,"key":"SMITH"},{"data":"Heavy Blade","floor":23.0,"key":"SMITH"},{"data":"Flex","floor":32,"key":"SMITH"},{"data":"Apotheosis","floor":42,"key":"SMITH"},{"data":"Scrawl","floor":49,"key":"SMITH"}],"circlet_count":0,"master_deck":["Defend_R","Defend_R","Defend_R","Bash","Limit Break+1","Pummel","Flex+1","Armaments+1","Heavy Blade+1","Spot Weakness","Demon Form","Shame","Necronomicurse","Sword Boomerang+1","Shrug It Off","Sever Soul+1","Beam Cell+1","Scrawl+1","Apotheosis+1","Parasite","Parasite","Storm of Steel","Crescendo+1"],"relics":["Burning Blood","Oddly Smooth Stone","Boot","HornCleat","Molten Egg 2","Du-Vu Doll","Cursed Key","Shuriken","Necronomicon","Letter Opener","StoneCalendar","Mango","PrismaticShard","Red Skull","Runic Pyramid","CaptainsWheel","Lantern"],"acts_visited":["Exordium","TheCity","TheBeyond"],"potions_floor_usage":[29,40,47,50],"damage_taken":[{"damage":1.0,"enemies":"Cultist","floor":1.0,"turns":3.0},{"damage":2.0,"enemies":"Small Slimes","floor":2.0,"turns":4.0},{"damage":0.0,"enemies":"2 Louse","floor":4.0,"turns":2.0},{"damage":21.0,"enemies":"Lagavulin","floor":6.0,"turns":7.0},{"damage":0.0,"enemies":"2 Fungi Beasts","floor":8.0,"turns":4.0},{"damage":2.0,"enemies":"Gremlin Nob","floor":13.0,"turns":4.0},{"damage":24.0,"enemies":"Gremlin Nob","floor":14.0,"turns":5.0},{"damage":22.0,"enemies":"Hexaghost","floor":16.0,"turns":7.0},{"damage":0.0,"enemies":"Spheric Guardian","floor":18.0,"turns":3.0},{"damage":8.0,"enemies":"2 Thieves","floor":25.0,"turns":3.0},{"damage":0.0,"enemies":"Sentry and Sphere","floor":27.0,"turns":3.0},{"damage":21.0,"enemies":"Snake Plant","floor":28.0,"turns":2.0},{"damage":13,"enemies":"Gremlin Leader","floor":29,"turns":4},{"damage":10,"enemies":"Slavers","floor":31,"turns":3},{"damage":33,"enemies":"Automaton","floor":33,"turns":5},{"damage":18,"enemies":"3 Shapes","floor":35,"turns":3},{"damage":0,"enemies":"Mind Bloom Boss Battle","floor":38,"turns":3},{"damage":0,"enemies":"Reptomancer","floor":40,"turns":3},{"damage":0,"enemies":"Orb Walker","floor":41,"turns":1},{"damage":1,"enemies":"Writhing Mass","floor":45,"turns":3},{"damage":12,"enemies":"Jaw Worm Horde","floor":47,"turns":3},{"damage":13,"enemies":"Sphere and 2 Shapes","floor":48,"turns":2},{"damage":26,"enemies":"Time Eater","floor":50,"turns":2}],"seed_played":"1257637716985476448","potions_obtained":[{"floor":1.0,"key":"Swift Potion"},{"floor":6.0,"key":"PowerPotion"},{"floor":14.0,"key":"LiquidMemories"},{"floor":18.0,"key":"Regen Potion"},{"floor":27.0,"key":"EntropicBrew"},{"floor":31,"key":"SteroidPotion"},{"floor":35,"key":"Fruit Juice"}],"is_trial":false,"path_per_floor":["M","M","$","M","?","E","R","M","T","?","?","?","E","?","R","B",null,"M","?","$","?","?","R","?","M","T","M","M","E","$","E","R","B",null,"M","?","?","?","$","E","M","R","T","$","M","$","M","M","R","B",null],"character_chosen":"IRONCLAD","items_purchased":["Armaments","PrismaticShard"],"campfire_rested":0,"item_purchase_floors":[3,30],"current_hp_per_floor":[61,65,65,71,60,45,45,51,51,33,33,59,63,45,45,29,80,80,80,80,80,64,64,64,62,62,68,58,65,65,61,61,34,94,82,82,82,88,88,94,94,94,94,94,94,94,93,86,86,66],"gold":40,"neow_bonus":"THREE_RARE_CARDS","is_daily":false,"chose_seed":false,"campfire_upgraded":6,"win_rate":0.0,"timestamp":1609639062,"path_taken":["M","M","$","M","?","E","R","M","T","?","?","?","E","?","R","BOSS","M","?","$","?","?","R","?","M","T","M","?","E","$","E","R","BOSS","M","?","?","?","$","E","?","R","T","$","M","?","M","M","R","BOSS"],"items_purchased_type":["Card","Relic"],"build_version":"2020-12-22","purchased_purges":4,"victory":true,"max_hp_per_floor":[80,80,80,80,80,80,80,80,80,80,80,80,80,80,80,80,80,80,80,80,80,80,80,80,80,80,80,80,94,94,94,94,94,94,94,94,94,94,94,94,94,94,94,94,94,94,99,99,99,99],"card_choices":[{"not_picked":["Barricade","Fiend Fire"],"picked":"Limit Break","floor":0.0},{"not_picked":["Pommel Strike","Second Wind"],"picked":"Pummel","floor":1.0},{"not_picked":["Perfected Strike","Hemokinesis"],"picked":"Flex","floor":2.0},{"not_picked":["Clash","Bloodletting"],"picked":"Heavy Blade","floor":4.0},{"not_picked":["Iron Wave","Searing Blow","Whirlwind"],"picked":"SKIP","floor":6.0},{"not_picked":["Feel No Pain","Infernal Blade"],"picked":"Spot Weakness","floor":8.0},{"not_picked":["Fire Breathing","Reckless Charge+1","Disarm"],"picked":"SKIP","floor":13.0},{"not_picked":["Corruption","Brutality"],"picked":"Demon Form","floor":16.0},{"not_picked":["Heavy Blade+1","Rage","Reckless Charge+1"],"picked":"SKIP","floor":18.0},{"not_picked":["Twin Strike+1","Seeing Red"],"picked":"Sword Boomerang+1","floor":25.0},{"not_picked":["Shrug It Off","Dropkick+1","Warcry"],"picked":"SKIP","floor":27.0},{"not_picked":["Dropkick+1","Warcry"],"picked":"Shrug It Off","floor":27.0},{"not_picked":["Clothesline+1","Cleave+1"],"picked":"Sever Soul+1","floor":28.0},{"not_picked":["Anger+1","Body Slam+1","Pommel Strike+1"],"picked":"SKIP","floor":29},{"not_picked":["Flechettes+1","Gash+1","Beam Cell+1"],"picked":"SKIP","floor":31},{"not_picked":["Flechettes+1","Gash+1"],"picked":"Beam Cell+1","floor":31},{"not_picked":["Bludgeon+1","DevaForm"],"picked":"Scrawl","floor":33},{"not_picked":["Gash+1","Backflip","Twin Strike+1"],"picked":"SKIP","floor":35},{"not_picked":["The Bomb","Master of Strategy"],"picked":"Apotheosis","floor":36},{"not_picked":["Sucker Punch+1","Cloak And Dagger","Sweeping Beam+1"],"picked":"SKIP","floor":40},{"not_picked":["Force Field+1","Stack+1","Coolheaded+1"],"picked":"SKIP","floor":41},{"not_picked":["Terror","Escape Plan","Slice+1"],"picked":"SKIP","floor":45},{"not_picked":["Bouncing Flask+1","Fusion+1"],"picked":"Storm of Steel","floor":47},{"not_picked":["Storm+1","Backflip+1"],"picked":"Crescendo+1","floor":48}],"player_experience":8507,"relics_obtained":[{"floor":6.0,"key":"Oddly Smooth Stone"},{"floor":9.0,"key":"Boot"},{"floor":13.0,"key":"Molten Egg 2"},{"floor":26.0,"key":"StoneCalendar"},{"floor":29,"key":"Mango"},{"floor":31,"key":"Red Skull"},{"floor":38,"key":"CaptainsWheel"},{"floor":40,"key":"Lantern"}],"event_choices":[{"damage_healed":0.0,"max_hp_gain":0.0,"max_hp_loss":0.0,"gold_gain":75.0,"event_name":"World of Goop","player_choice":"Gather Gold","floor":5.0,"gold_loss":0.0,"damage_taken":11.0},{"damage_healed":0.0,"max_hp_gain":0.0,"max_hp_loss":0.0,"gold_gain":0.0,"event_name":"Scrap Ooze","player_choice":"Success","floor":10.0,"gold_loss":0.0,"damage_taken":18.0,"relics_obtained":["HornCleat"]},{"cards_removed":["Strike_R"],"damage_healed":0.0,"max_hp_gain":0.0,"max_hp_loss":0.0,"gold_gain":0.0,"event_name":"The Cleric","player_choice":"Card Removal","floor":11.0,"gold_loss":50.0,"damage_taken":0.0},{"damage_healed":26.0,"max_hp_gain":0.0,"max_hp_loss":0.0,"gold_gain":0.0,"event_name":"Big Fish","player_choice":"Banana","floor":12.0,"gold_loss":0.0,"damage_taken":0.0},{"damage_healed":0.0,"max_hp_gain":0.0,"max_hp_loss":0.0,"gold_gain":0.0,"event_name":"Dead Adventurer","player_choice":"Searched \u00272\u0027 times","floor":14.0,"gold_loss":0.0,"damage_taken":0.0,"relics_obtained":["Du-Vu Doll"]},{"damage_healed":0.0,"max_hp_gain":0.0,"max_hp_loss":0.0,"gold_gain":0.0,"event_name":"Addict","player_choice":"Stole Relic","floor":19.0,"gold_loss":0.0,"damage_taken":0.0,"relics_obtained":["Shuriken"],"cards_obtained":["Shame"]},{"cards_removed":["Strike_R"],"damage_healed":0.0,"max_hp_gain":0.0,"max_hp_loss":0.0,"gold_gain":0.0,"event_name":"Beggar","player_choice":"Gave Gold","floor":21.0,"gold_loss":75.0,"damage_taken":0.0},{"damage_healed":0.0,"max_hp_gain":0.0,"max_hp_loss":0.0,"gold_gain":0.0,"event_name":"Cursed Tome","player_choice":"Obtained Book","floor":22.0,"gold_loss":0.0,"damage_taken":16.0},{"damage_healed":0.0,"max_hp_gain":0.0,"max_hp_loss":0.0,"gold_gain":0.0,"event_name":"The Mausoleum","player_choice":"Opened","floor":24.0,"gold_loss":0.0,"damage_taken":0.0,"relics_obtained":["Letter Opener"]},{"damage_healed":0,"gold_gain":0,"player_choice":"Memory 1","damage_taken":0,"max_hp_gain":0,"max_hp_loss":0,"event_name":"SensoryStone","floor":36,"gold_loss":0},{"cards_removed":["Strike_R"],"damage_healed":0,"gold_gain":0,"player_choice":"Removed Attack","damage_taken":0,"max_hp_gain":0,"max_hp_loss":0,"event_name":"Falling","floor":37,"gold_loss":0},{"damage_healed":0,"gold_gain":0,"player_choice":"Fight","damage_taken":0,"max_hp_gain":0,"max_hp_loss":0,"event_name":"MindBloom","floor":38,"gold_loss":0}],"is_beta":false,"boss_relics":[{"not_picked":["Coffee Dripper","Mark of Pain"],"picked":"Cursed Key"},{"not_picked":["Black Blood","Runic Cube"],"picked":"Runic Pyramid"}],"items_purged_floors":[3,20,39,44],"is_endless":false,"potions_floor_spawned":[1,6,14,18,27,28,31,33,35,38],"ascension_level":0}}