{"host":"xwqwvmlzre68xjvm","time":1609648531,"event":{"mods":["BaseMod","Colored Map","Colored Powertips","Hermit","Minty Spire (QoL Compilation)","Replay The Spire","StSLib","SuperFastMode","Td1madao Mod","The Bug Knight","The Cursed","The Hierophant","The Runesmith"],"gold_per_floor":[113,113,130,140,140,140,140,140,186,203,221,221,257,5,5,133,133,147,147,127,150,171,214,214,249,249,292,305,59,77,77,77,208,208,224,242,305,305,31,31,56,89,89,114,114,128,141,176,176,176,176,176,34,70,70],"floor_reached":56,"playtime":3421,"items_purged":["Sickly","Defend_B","Writhe"],"score":1365,"play_id":"f627335a-a3b3-4a11-8f7c-4c11e7c2ec42","local_time":"20210103133531","is_ascension_mode":true,"campfire_choices":[{"floor":6,"key":"REST"},{"floor":8,"key":"RECALL"},{"floor":15,"key":"REST"},{"floor":24,"key":"REST"},{"data":"Seek","floor":32,"key":"SMITH"},{"data":"Madness","floor":40,"key":"SMITH"},{"floor":52,"key":"REST"}],"circlet_count":0,"master_deck":["Defend_B","Defend_B","Defend_B","Zap","Dualcast","FIFO Queue","Doom and Gloom","Cold Snap","Conserve Battery","Compile Driver","Static Discharge+1","Static Discharge+1","Injury","Static Discharge+1","Chrysalis","Seek+1","Rainbow","ReplayTheSpireMod:Faulty Equipment","Hallucinations","Darkness+1","Time Bomb+1","Buffer+1","Conserve Battery","BasicCrystalCard+1","Turbo+1","Core Surge","Steam+1","Redo+1","Barrage+1","Madness","Madness+1","Machine Learning+1","Rainbow","Conserve Battery+1","White Noise","Turbo+1","ReplayTheSpireMod:System Scan","Heatsinks+1"],"relics":["Cracked Core","Ring of Peace","ReplayTheSpireMod:Ring of Challenge","Dream Catcher","Golden Idol","Replay:Bottled Flurry","Replay:Ancient Bell","Boot","Replay:Bottled Eggs","Bird Faced Urn","Runesmith:Nanobots","White Beast Statue","Mercury Hourglass","Replay:Ringing Soul","Frozen Egg 2","Raider\u0027s Mask","Regal Pillow","Empty Cage","Incense Burner","Letter Opener","Bronze Scales","Divine Protection","Lizard Tail"],"acts_visited":["Exordium","TheCity","TheBeyond","TheEnding"],"potions_floor_usage":[10,13,16,22,23,27,28,33,33,37,44,48,48,50,55,55,55],"damage_taken":[{"damage":11,"enemies":"Jaw Worm","floor":1,"turns":4},{"damage":2,"enemies":"2 Louse","floor":3,"turns":2},{"damage":0,"enemies":"Small Slimes","floor":4,"turns":2},{"damage":0,"enemies":"Exordium Wildlife","floor":10,"turns":3},{"damage":0,"enemies":"Blue Slaver","floor":11,"turns":4},{"damage":10,"enemies":"HollowMod:MossKnight","floor":13,"turns":11},{"damage":48,"enemies":"Fading Forest","floor":16,"turns":11},{"damage":21,"enemies":"2 Thieves","floor":18,"turns":3},{"damage":8,"enemies":"Chosen","floor":21,"turns":5},{"damage":2,"enemies":"Snake Plant","floor":22,"turns":5},{"damage":26,"enemies":"Replay:Snechameleon","floor":23,"turns":5},{"damage":10,"enemies":"HollowMod:Nosk","floor":25,"turns":6},{"damage":9,"enemies":"Replay:Snechameleon","floor":27,"turns":5},{"damage":4,"enemies":"Snecko","floor":28,"turns":3},{"damage":0,"enemies":"Cultist and Chosen","floor":30,"turns":5},{"damage":75,"enemies":"Collector","floor":33,"turns":8},{"damage":0,"enemies":"3 Shapes","floor":35,"turns":3},{"damage":0,"enemies":"Orb Walker","floor":36,"turns":3},{"damage":10,"enemies":"Mind Bloom Boss Battle","floor":37,"turns":7},{"damage":7,"enemies":"Sphere and 2 Shapes","floor":41,"turns":5},{"damage":0,"enemies":"R_Hoarder","floor":42,"turns":14},{"damage":1,"enemies":"Transient","floor":44,"turns":5},{"damage":14,"enemies":"3 Darklings","floor":46,"turns":6},{"damage":1,"enemies":"Maw","floor":47,"turns":7},{"damage":8,"enemies":"HollowMod:StalkingDevout","floor":48,"turns":9},{"damage":82,"enemies":"Time Eater","floor":50,"turns":9},{"damage":43,"enemies":"Shield and Spear","floor":54,"turns":5},{"damage":136,"enemies":"The Heart","floor":55,"turns":9}],"seed_played":"-1815313650684927495","potions_obtained":[{"floor":4,"key":"DuplicationPotion"},{"floor":10,"key":"Explosive Potion"},{"floor":13,"key":"Block Potion"},{"floor":20,"key":"BlessingOfTheForge"},{"floor":22,"key":"PowerPotion"},{"floor":25,"key":"EssenceOfSteel"},{"floor":27,"key":"DuplicationPotion"},{"floor":28,"key":"Block Potion"},{"floor":30,"key":"Languid Potion"},{"floor":33,"key":"Dexterity Potion"},{"floor":35,"key":"Elixir"},{"floor":36,"key":"GamblersBrew"},{"floor":37,"key":"Regen Potion"},{"floor":41,"key":"LiquidMemories"},{"floor":42,"key":"Fire Potion"},{"floor":44,"key":"Cursed Concoction"},{"floor":46,"key":"Elixir"},{"floor":48,"key":"Block Potion"}],"is_trial":false,"path_per_floor":["M","?","M","M","?","R","T","R","T","M","M","?","E","$","R","B",null,"M","?","?","M","M","E","R","E","T","E","M","$","M","?","R","B",null,"M","M","?","?","$","R","M","E","T","M","?","M","M","E","R_BF","B",null,"R","$","E","B",null],"character_chosen":"DEFECT","items_purchased":["Chrysalis","Raider\u0027s Mask","Machine Learning+1","ReplayTheSpireMod:System Scan","SkillPotion","AttackPotion"],"campfire_rested":4,"item_purchase_floors":[14,29,39,53,53,53],"current_hp_per_floor":[43,36,34,34,34,56,56,56,56,56,56,56,46,46,68,20,75,58,58,58,54,54,36,58,54,54,56,63,63,74,77,77,11,90,93,96,89,80,83,83,89,108,108,110,110,107,111,103,114,57,114,117,120,86,43],"gold":70,"neow_bonus":"TRANSFORM_TWO_CARDS","is_daily":false,"chose_seed":false,"campfire_upgraded":2,"win_rate":0.0,"timestamp":1609648531,"path_taken":["M","?","M","M","?","R","?","R","T","M","M","?","E","$","R","BOSS","M","?","?","?","M","E","R","E","T","E","?","?","M","?","R","BOSS","M","M","?","?","$","R","M","E","T","M","?","M","M","E","R_BF","BOSS","R","$","E","BOSS"],"items_purchased_type":["Card","Relic","Card","Card","Potion","Potion"],"build_version":"2020-12-22","purchased_purges":3,"victory":true,"max_hp_per_floor":[75,75,75,75,75,75,75,75,75,75,75,75,75,75,75,75,75,75,75,75,75,75,75,75,75,75,78,81,81,84,87,87,90,90,93,96,99,102,105,105,108,108,108,111,111,111,111,111,114,114,114,117,120,123,123],"card_choices":[{"not_picked":["Rebound","Compile Driver"],"picked":"Cold Snap","floor":1},{"not_picked":["FIFO Queue","Leap"],"picked":"Conserve Battery","floor":3},{"not_picked":["Gash","Leap"],"picked":"Compile Driver","floor":4},{"not_picked":["Leap","Hologram"],"picked":"Static Discharge","floor":10},{"not_picked":["Sweeping Beam","Hologram"],"picked":"Static Discharge","floor":11},{"not_picked":["ReplaySort","ReplayTheSpireMod:Reroute Power"],"picked":"Static Discharge","floor":13},{"not_picked":["FIFO Queue","Scrape"],"picked":"Seek","floor":15},{"not_picked":["Hyperbeam","All For One"],"picked":"Rainbow","floor":16},{"not_picked":["CurseOfTheBell","Hallucinations"],"picked":"hermit:ImpendingDoom","floor":17},{"not_picked":["Pain","Doubt"],"picked":"ReplayTheSpireMod:Faulty Equipment","floor":17},{"not_picked":["Delirium","Sickly"],"picked":"Hallucinations","floor":17},{"not_picked":["Compile Driver","ReplayTheSpireMod:Reroute Power","Beam Cell+1"],"picked":"SKIP","floor":18},{"not_picked":["Beam Cell","Cold Snap"],"picked":"Darkness+1","floor":21},{"not_picked":["Glacier","Ball Lightning"],"picked":"Time Bomb+1","floor":22},{"not_picked":["Ball Lightning","Steam","Hyperbeam"],"picked":"SKIP","floor":23},{"not_picked":["Hologram","Steam"],"picked":"Buffer","floor":25},{"not_picked":["Panic Button+1","ReplayTheSpireMod:System Scan"],"picked":"Conserve Battery","floor":27},{"not_picked":["Conserve Battery","Cold Snap"],"picked":"BasicCrystalCard+1","floor":28},{"not_picked":["Genetic Algorithm+1","Leap"],"picked":"Turbo+1","floor":30},{"not_picked":["Fission","Meteor Strike"],"picked":"Core Surge","floor":33},{"not_picked":["Compile Driver+1","Rip and Tear"],"picked":"Steam+1","floor":35},{"not_picked":["Capacitor+1","Barrage+1"],"picked":"Redo+1","floor":36},{"not_picked":["Streamline","Leap+1"],"picked":"Barrage+1","floor":37},{"not_picked":["Leap","Ball Lightning"],"picked":"Rainbow","floor":41},{"not_picked":["Compile Driver+1","Hello World+1","Steam"],"picked":"SKIP","floor":42},{"not_picked":["Hello World+1","Streamline+1"],"picked":"Conserve Battery+1","floor":44},{"not_picked":["Auto Shields+1","Scrape","Rebound+1"],"picked":"SKIP","floor":46},{"not_picked":["Reprogram+1","Beam Cell+1","Core Surge"],"picked":"SKIP","floor":47},{"not_picked":["Multi-Cast","Go for the Eyes+1","Melter"],"picked":"SKIP","floor":48},{"not_picked":["Panic Button","Cold Snap+1"],"picked":"White Noise","floor":49},{"not_picked":["Leap+1","Doom and Gloom+1"],"picked":"Turbo+1","floor":52},{"not_picked":["Capacitor+1","Redo"],"picked":"Heatsinks+1","floor":54}],"player_experience":31973,"relics_obtained":[{"floor":5,"key":"Ring of Peace"},{"floor":5,"key":"ReplayTheSpireMod:Ring of Challenge"},{"floor":9,"key":"Dream Catcher"},{"floor":13,"key":"Replay:Bottled Flurry"},{"floor":23,"key":"White Beast Statue"},{"floor":25,"key":"Mercury Hourglass"},{"floor":26,"key":"Replay:Ringing Soul"},{"floor":27,"key":"Frozen Egg 2"},{"floor":37,"key":"Incense Burner"},{"floor":42,"key":"Letter Opener"},{"floor":43,"key":"Bronze Scales"},{"floor":48,"key":"Divine Protection"},{"floor":54,"key":"Lizard Tail"}],"event_choices":[{"cards_removed":["Strike_B"],"damage_healed":0,"gold_gain":0,"player_choice":"Card Removal","damage_taken":7,"max_hp_gain":0,"max_hp_loss":0,"event_name":"Golden Wing","floor":2,"gold_loss":0},{"damage_healed":0,"gold_gain":0,"player_choice":"Take Wound","damage_taken":0,"relics_obtained":["Golden Idol"],"max_hp_gain":0,"max_hp_loss":0,"event_name":"Golden Idol","floor":12,"gold_loss":0,"cards_obtained":["Injury"]},{"damage_healed":0,"gold_gain":0,"player_choice":"Opened","damage_taken":0,"relics_obtained":["Runesmith:Nanobots"],"max_hp_gain":0,"max_hp_loss":0,"event_name":"The Mausoleum","floor":19,"gold_loss":0,"cards_obtained":["Writhe"]},{"damage_healed":0,"gold_gain":0,"player_choice":"Bought 1 Potion","damage_taken":0,"max_hp_gain":0,"max_hp_loss":0,"event_name":"The Woman in Blue","floor":20,"gold_loss":0},{"damage_healed":0,"gold_gain":0,"player_choice":"Stole Relic","damage_taken":0,"relics_obtained":["Regal Pillow"],"max_hp_gain":0,"max_hp_loss":0,"event_name":"Addict","floor":31,"gold_loss":0,"cards_obtained":["Shame"]},{"damage_healed":0,"gold_gain":0,"player_choice":"Fight","damage_taken":0,"max_hp_gain":0,"max_hp_loss":0,"event_name":"MindBloom","floor":37,"gold_loss":0},{"damage_healed":0,"gold_gain":0,"player_choice":"Embrace Madness","damage_taken":12,"max_hp_gain":0,"max_hp_loss":0,"event_name":"Winding Halls","floor":38,"gold_loss":0,"cards_obtained":["Madness","Madness"]},{"cards_removed":["Strike_B"],"damage_healed":0,"gold_gain":0,"player_choice":"Removed Attack","damage_taken":0,"max_hp_gain":0,"max_hp_loss":0,"event_name":"Falling","floor":45,"gold_loss":0}],"is_beta":false,"boss_relics":[{"not_picked":["Sozu","Coffee Dripper"],"picked":"Replay:Ancient Bell"},{"not_picked":["Lantern","Simple Rune"],"picked":"Boot"},{"not_picked":["Meat on the Bone","Toxic Egg 2"],"picked":"Replay:Bottled Eggs"},{"not_picked":["Ice Cream","Ginger"],"picked":"Bird Faced Urn"},{"not_picked":["SacredBark","Snecko Eye"],"picked":"Empty Cage"}],"items_purged_floors":[14,29,39],"is_endless":false,"potions_floor_spawned":[4,10,13,22,25,27,28,30,33,35,36,37,41,42,44,46,47,48,54],"ascension_level":1}}