{"host":"64h6jdpsiwrne03s","time":1609646940,"event":{"mods":["Act Like it!","BaseMod","Bestiary","Colored Powertips","Gensokyo","Marisa£®ÏF”Í°°ƒß¿Ì…≥£©","Minty Spire (QoL Compilation)","Reimu£®≤©¿ˆ¡È√Œ£©","Remilia£®¿Ÿ√◊¿Ú—«£©","RumiaBox-¬∂√◊Ê´µƒ…Ò√ÿ∫–◊”","StSLib","The Servant 0.9.4","Youmu£®ªÍ∆«—˝√Œ£©"],"gold_per_floor":[12,12,12,12,12,12,40,40,40,73,25,41,60,60,60,138,138,158,158,14,26,26,54,54,80,104,4,4,4,35,53,53,126,126,137,154,164,164,11,42,42,42,68,105,105,126,126,170,170,320,320,320,52,88,88],"floor_reached":56,"playtime":3084,"items_purged":["Injury","OctopathSalyBorderN:ReiMu","MountainWay:ReiMu"],"score":1828,"play_id":"46d7097e-5bb0-4e1b-88ce-d897bf58073f","local_time":"20210103120900","is_ascension_mode":true,"campfire_choices":[{"data":"TightArray:ReiMu","floor":6.0,"key":"SMITH"},{"floor":8.0,"key":"REST"},{"data":"FoulBorder2:ReiMu","floor":15.0,"key":"SMITH"},{"data":"PhosphorusFlame:ReiMu","floor":28.0,"key":"SMITH"},{"floor":32.0,"key":"RECALL"},{"data":"KamiRite:ReiMu","floor":41.0,"key":"SMITH"},{"data":"OctopathBindingBorder2:ReiMu","floor":47.0,"key":"SMITH"},{"data":"SubcavityFantasy:ReiMu","floor":49.0,"key":"SMITH"},{"data":"ShadowOfCrow2:ReiMu","floor":52.0,"key":"SMITH"}],"circlet_count":0,"master_deck":["AscendersBane","NB:ReiMu","Stagnation:ReiMu","TightArray:ReiMu+1","FantasyMoon:ReiMu+1","KamiRite:ReiMu+1","OctopathSalyBorderN:ReiMu","ShadowOfCrow2:ReiMu+1","OctopathBindingBorder2:ReiMu+1","PhosphorusFlame:ReiMu+1","SealNeedle:ReiMu","Gensokyo:ShootingStar","Determination:ReiMu","SubAcupoint:ReiMu+1","RainPray2:ReiMu","WonderfulDomain:ReiMu+1","SubcavityFantasy:ReiMu+1","KamiRite:ReiMu","RainPray2:ReiMu"],"relics":["FlyPower:ReiMu","Salt:ReiMu","Darkstone Periapt","Ccalipers","FadedRune:ReiMu","RuthlessExorcism:ReiMu","Bag of Marbles","Pandora\u0027s Box","Gensokyo:RedStar","PreservedInsect","Dream Catcher","Blood Vial","RedLine:ReiMu","Ice Cream","CeramicFish","Kunai","Gensokyo:EmptyGrave","Oddly Smooth Stone","Molten Egg 2","Art of War","SkyOrb:ReiMu","Vajra"],"acts_visited":["Gensokyo:Gensokyo","Gensokyo:Gensokyoer","Gensokyo:Gensokyoest","TheEnding"],"potions_floor_usage":[55],"damage_taken":[{"damage":7.0,"enemies":"Gensokyo:Python","floor":1.0,"turns":5.0},{"damage":30.0,"enemies":"Gensokyo:Cirno","floor":7.0,"turns":10.0},{"damage":0.0,"enemies":"Gensokyo:Aya","floor":10.0,"turns":5.0},{"damage":0.0,"enemies":"Gensokyo:3_Fairies","floor":12.0,"turns":3.0},{"damage":0.0,"enemies":"Gensokyo:2_Kodama","floor":13.0,"turns":6.0},{"damage":15.0,"enemies":"Gensokyo:Kokoro","floor":16.0,"turns":8.0},{"damage":0.0,"enemies":"Gensokyo:AngelMirror","floor":18.0,"turns":3.0},{"damage":0.0,"enemies":"Gensokyo:3_Dogs","floor":21.0,"turns":1.0},{"damage":11.0,"enemies":"Gensokyo:Tenshi","floor":23.0,"turns":5.0},{"damage":2.0,"enemies":"Gensokyo:Reisen","floor":30.0,"turns":4.0},{"damage":0.0,"enemies":"Gensokyo:3_Gloops","floor":31.0,"turns":2.0},{"damage":23.0,"enemies":"Gensokyo:Eiki","floor":33.0,"turns":6.0},{"damage":11.0,"enemies":"Gensokyo:AncientGuardian","floor":35.0,"turns":7.0},{"damage":0.0,"enemies":"Gensokyo:3_Boulders","floor":36.0,"turns":1.0},{"damage":0.0,"enemies":"Gensokyo:4_Bats","floor":37.0,"turns":1.0},{"damage":4.0,"enemies":"Gensokyo:Kasen","floor":40.0,"turns":2.0},{"damage":3.0,"enemies":"Gensokyo:Doremy","floor":44.0,"turns":5.0},{"damage":9.0,"enemies":"Gensokyo:Sharpion","floor":46.0,"turns":4.0},{"damage":6.0,"enemies":"Gensokyo:Marisa","floor":48.0,"turns":5.0},{"damage":7.0,"enemies":"Gensokyo:Yuyuko","floor":50.0,"turns":6.0},{"damage":44.0,"enemies":"Shield and Spear","floor":54.0,"turns":4.0},{"damage":32,"enemies":"The Heart","floor":55,"turns":6}],"seed_played":"5526607365415904893","potions_obtained":[{"floor":10.0,"key":"FearPotion"},{"floor":12.0,"key":"SkillPotion"},{"floor":13.0,"key":"FairyPotion"},{"floor":40.0,"key":"DuplicationPotion"}],"is_trial":false,"path_per_floor":["M","?","?","$","?","R","E","R","T","E","COS","M","M","?","R","B",null,"M","?","$","M","?","E","?","T","T","$","R","COS","E","M","R","B",null,"M","M","M","?","COS","E","R","?","T","E","?","M","R","E","R","B",null,"R","$","E","B",null],"character_chosen":"REIMU","items_purchased":["OctopathBindingBorder2:ReiMu","SkyOrb:ReiMu"],"campfire_rested":1,"item_purchase_floors":[20,53],"current_hp_per_floor":[52,52,52,52,39,39,9,28,28,28,28,28,28,34,34,19,58,58,58,58,58,58,47,47,47,47,47,47,47,45,47,47,48,65,56,58,60,60,60,58,58,58,58,57,57,50,50,60,60,60,65,65,65,22,11],"gold":88,"neow_bonus":"ONE_RARE_RELIC","is_daily":false,"chose_seed":false,"campfire_upgraded":7,"win_rate":0.0,"timestamp":1609646940,"path_taken":["M","?","?","$","?","R","E","R","T","E","COS","M","?","?","R","BOSS","M","?","$","?","?","E","?","?","T","?","R","COS","E","M","R","BOSS","M","M","M","?","COS","E","R","?","T","E","?","M","R","E","R","BOSS","R","$","E","BOSS"],"items_purchased_type":["Card","Relic"],"build_version":"2020-12-22","purchased_purges":3,"victory":true,"max_hp_per_floor":[65,65,65,65,65,65,65,65,65,65,65,65,65,71,71,71,71,71,71,71,71,71,71,71,71,71,71,71,71,71,71,71,71,71,71,71,71,71,71,71,71,71,71,71,66,66,66,66,66,66,66,66,66,66,66],"card_choices":[{"not_picked":["AirStrike:ReiMu","TakeOff:ReiMu"],"picked":"TightArray:ReiMu","floor":1.0},{"not_picked":["AirStrike:ReiMu","SafetyPray:ReiMu","Enchanting:ReiMu"],"picked":"SKIP","floor":7.0},{"not_picked":["SubcavityInstant:ReiMu","UniversalSpiritual:ReiMu","FineLineFantasy:ReiMu"],"picked":"SKIP","floor":10.0},{"not_picked":["SealNeedle:ReiMu","WonderfulDomain:ReiMu"],"picked":"FoulBorder2:ReiMu","floor":12.0},{"not_picked":["FantasyBorder:ReiMu","WonderfulDomain:ReiMu","SpreadBorder2:ReiMu"],"picked":"SKIP","floor":13.0},{"not_picked":["SubcavityFantasy:ReiMu","OctopathSalyBorderN:ReiMu"],"picked":"KamiRite:ReiMu","floor":16.0},{"not_picked":["Intuition:ReiMu","WonderfulDomain:ReiMu+1"],"picked":"SubAcupoint:ReiMu","floor":18.0},{"not_picked":["FantasyMoon:ReiMu","OctopathBindingBorder2:ReiMu"],"picked":"PhosphorusFlame:ReiMu","floor":21.0},{"not_picked":["NineCharacters:ReiMu","Intuition:ReiMu","OrbThrow:ReiMu"],"picked":"SKIP","floor":23.0},{"not_picked":["CollectionFlower2:ReiMu","BarrageOfMoneybags:ReiMu","PhosphorusFlame:ReiMu"],"picked":"SKIP","floor":30.0},{"not_picked":["WonderfulDomain:ReiMu","SafetyPray:ReiMu","LearningPray:ReiMu"],"picked":"SKIP","floor":31.0},{"not_picked":[],"picked":"Gensokyo:ShootingStar","floor":33.0},{"not_picked":["OctopathSalyBorderN:ReiMu","Dreaming:ReiMu"],"picked":"Determination:ReiMu","floor":33.0},{"not_picked":["MountainWay:ReiMu","KamiSacrifice:ReiMu"],"picked":"SubAcupoint:ReiMu+1","floor":35.0},{"not_picked":["UniversalSpiritual:ReiMu+1","AlertArray:ReiMu+1","SealNeedle:ReiMu"],"picked":"SKIP","floor":36.0},{"not_picked":["BarrageOfMoneybags:ReiMu","Amulet:ReiMu","AlertArray:ReiMu+1"],"picked":"SKIP","floor":37.0},{"not_picked":["Meditation:ReiMu","FineLineFantasy:ReiMu"],"picked":"RainPray2:ReiMu","floor":40.0},{"not_picked":["BlastKick2:ReiMu+1","TightArray:ReiMu+1"],"picked":"WonderfulDomain:ReiMu+1","floor":44.0},{"not_picked":["SafetyPray:ReiMu","Intuition:ReiMu","AlertArray:ReiMu"],"picked":"SKIP","floor":44.0},{"not_picked":["RainPray2:ReiMu","Intuition:ReiMu+1"],"picked":"SubcavityFantasy:ReiMu","floor":46.0},{"not_picked":["SpringWay:ReiMu+1","TightArray:ReiMu+1"],"picked":"KamiRite:ReiMu","floor":48.0},{"not_picked":["TightArray:ReiMu+1","AirStrike:ReiMu+1"],"picked":"RainPray2:ReiMu","floor":54.0}],"player_experience":367044,"relics_obtained":[{"floor":7.0,"key":"Darkstone Periapt"},{"floor":9.0,"key":"Ccalipers"},{"floor":10.0,"key":"FadedRune:ReiMu"},{"floor":23.0,"key":"PreservedInsect"},{"floor":26.0,"key":"Dream Catcher"},{"floor":30.0,"key":"Blood Vial"},{"floor":40.0,"key":"Ice Cream"},{"floor":43.0,"key":"CeramicFish"},{"floor":44.0,"key":"Kunai"},{"floor":48.0,"key":"Molten Egg 2"},{"floor":54.0,"key":"Vajra"}],"event_choices":[],"is_beta":false,"boss_relics":[{"not_picked":["Velvet Choker","Empty Cage"],"picked":"Pandora\u0027s Box"},{"not_picked":["Coffee Dripper","Tiny House"],"picked":"RedLine:ReiMu"}],"items_purged_floors":[20,27,53],"is_endless":false,"potions_floor_spawned":[10,12,13,18,30,35,37,40,54],"ascension_level":13}}