{"host":"uonldg9uriwfhjjx","time":1609643062,"event":{"mods":["AchievementEnabler","BaseMod","Minty Spire (QoL Compilation)","Relic Stats"],"gold_per_floor":[115,115,135,135,146,146,173,173,173,173,185,213,213,238,238,312,312,330,330,108,121,121,149,165,85,131,181,181,181,209,222,222,295,295,306,5,30,44,56,56,81,81,81,81,97,97,132,185,185,185],"floor_reached":51,"playtime":2676,"items_purged":["Strike_G"],"score":1516,"play_id":"9bf5c41e-0328-43e2-a6d3-a408b46d6aa7","local_time":"20210102220422","is_ascension_mode":true,"campfire_choices":[{"data":"Blade Dance","floor":6,"key":"SMITH"},{"data":"Blade Dance","floor":8,"key":"SMITH"},{"floor":10,"key":"REST"},{"data":"Neutralize","floor":13,"key":"SMITH"},{"floor":15,"key":"REST"},{"data":"Accuracy","floor":28,"key":"SMITH"},{"data":"Cloak And Dagger","floor":32,"key":"SMITH"},{"data":"Storm of Steel","floor":40,"key":"SMITH"},{"data":"Phantasmal Killer","floor":42,"key":"SMITH"},{"data":"PiercingWail","floor":49,"key":"SMITH"}],"circlet_count":0,"master_deck":["AscendersBane","Strike_G","Strike_G","Strike_G","Strike_G","Defend_G","Defend_G","Defend_G","Defend_G","Defend_G","Survivor","Neutralize","Adrenaline+1","Blade Dance+1","Neutralize+1","Blade Dance+1","PiercingWail+1","Slice","Infinite Blades","Storm of Steel+1","CurseOfTheBell","Accuracy+1","Escape Plan","Escape Plan+1","Cloak And Dagger+1","Phantasmal Killer+1","Accuracy+1","Accuracy+1","PiercingWail","Escape Plan","Blade Dance+1","Flash of Steel","Well Laid Plans+1"],"relics":["Ring of the Snake","Torii","Sundial","Juzu Bracelet","Mango","Calling Bell","Dream Catcher","Eternal Feather","Prayer Wheel","Enchiridion","Vajra","MutagenicStrength","Dead Branch","Omamori","PreservedInsect","Black Star","Sling","Anchor","Ginger","Centennial Puzzle","Akabeko","Mummified Hand","War Paint","Pear","Gambling Chip"],"acts_visited":["Exordium","TheCity","TheBeyond"],"potions_floor_usage":[12,14,16,23,33,41],"damage_taken":[{"damage":0,"enemies":"2 Louse","floor":1,"turns":3},{"damage":0,"enemies":"Cultist","floor":3,"turns":3},{"damage":4,"enemies":"Jaw Worm","floor":5,"turns":3},{"damage":36,"enemies":"3 Sentries","floor":7,"turns":9},{"damage":1,"enemies":"Red Slaver","floor":11,"turns":3},{"damage":15,"enemies":"Lagavulin","floor":12,"turns":7},{"damage":10,"enemies":"3 Sentries","floor":14,"turns":5},{"damage":25,"enemies":"The Guardian","floor":16,"turns":12},{"damage":3,"enemies":"Shell Parasite","floor":18,"turns":5},{"damage":0,"enemies":"3 Byrds","floor":21,"turns":5},{"damage":7,"enemies":"Slavers","floor":23,"turns":3},{"damage":0,"enemies":"Centurion and Healer","floor":24,"turns":2},{"damage":0,"enemies":"Gremlin Leader","floor":30,"turns":2},{"damage":1,"enemies":"Snake Plant","floor":31,"turns":2},{"damage":24,"enemies":"Automaton","floor":33,"turns":6},{"damage":0,"enemies":"3 Darklings","floor":35,"turns":2},{"damage":0,"enemies":"Mind Bloom Boss Battle","floor":37,"turns":5},{"damage":0,"enemies":"3 Shapes","floor":38,"turns":3},{"damage":1,"enemies":"Maw","floor":39,"turns":3},{"damage":0,"enemies":"Nemesis","floor":41,"turns":3},{"damage":0,"enemies":"Spire Growth","floor":45,"turns":3},{"damage":0,"enemies":"Reptomancer","floor":47,"turns":3},{"damage":12,"enemies":"2 Orb Walkers","floor":48,"turns":2},{"damage":7,"enemies":"Awakened One","floor":50,"turns":3}],"seed_played":"-1374570041349892115","potions_obtained":[{"floor":3,"key":"Energy Potion"},{"floor":7,"key":"GamblersBrew"},{"floor":14,"key":"PowerPotion"},{"floor":18,"key":"FearPotion"},{"floor":21,"key":"CunningPotion"},{"floor":23,"key":"ColorlessPotion"},{"floor":24,"key":"CunningPotion"},{"floor":39,"key":"DuplicationPotion"},{"floor":47,"key":"GamblersBrew"}],"is_trial":false,"path_per_floor":["M","?","M","?","M","R","E","R","T","R","M","E","R","E","R","B",null,"M","?","$","M","?","E","M","$","T","?","R","?","E","M","R","B",null,"M","$","?","M","M","R","E","R","T","$","M","?","E","?","R","B",null],"character_chosen":"THE_SILENT","items_purchased":["Vajra","Escape Plan","Sling","Anchor"],"campfire_rested":2,"item_purchase_floors":[20,25,36,36],"current_hp_per_floor":[59,59,59,59,55,55,19,19,19,37,36,21,21,25,47,22,61,58,37,37,37,37,30,30,30,30,30,42,57,57,56,71,47,67,67,67,67,67,66,74,74,74,74,74,74,74,84,72,84,77],"gold":185,"neow_bonus":"THREE_RARE_CARDS","is_daily":false,"chose_seed":false,"campfire_upgraded":8,"win_rate":0.0,"timestamp":1609643062,"path_taken":["M","?","?","?","M","R","E","R","T","R","?","E","R","E","R","BOSS","M","?","$","M","?","E","M","$","T","?","R","?","E","M","R","BOSS","M","$","?","M","M","R","E","R","T","$","M","?","E","?","R","BOSS"],"items_purchased_type":["Relic","Card","Relic","Relic"],"build_version":"2020-12-22","purchased_purges":1,"victory":true,"max_hp_per_floor":[60,60,60,60,60,60,60,60,60,60,60,60,60,74,74,74,74,74,74,74,74,74,74,74,74,74,74,74,74,74,74,74,74,74,74,74,74,74,74,74,74,74,74,74,74,74,84,84,84,84],"relic_stats":{"Torii":28,"counters":[24,97],"Dead Branch":[200],"Eternal Feather":47,"PreservedInsect":112,"Juzu Bracelet":1,"Ginger":[3],"War Paint":["Blade Dance","Escape Plan"],"Dream Catcher":0,"Centennial Puzzle":[6],"Sundial":[8],"Mummified Hand":[24],"Gambling Chip":[6],"Prayer Wheel":8,"Black Star":2,"obtain_stats":[{"Torii":7,"Enchiridion":19,"Vajra":20,"Mango":14,"Juzu Bracelet":12,"Ginger":37,"Sling":36,"Dream Catcher":17,"Centennial Puzzle":41,"Sundial":9,"Mummified Hand":43,"Gambling Chip":48,"Prayer Wheel":17,"Ring of the Snake":0,"Pear":47,"Dead Branch":23,"Eternal Feather":17,"PreservedInsect":30,"Omamori":26,"War Paint":47,"Akabeko":41,"Calling Bell":17,"Anchor":36,"MutagenicStrength":22,"Black Star":34},{"Torii":4,"Enchiridion":9,"Vajra":9,"Mango":7,"Juzu Bracelet":6,"Ginger":17,"Sling":16,"Dream Catcher":8,"Centennial Puzzle":20,"Sundial":4,"Mummified Hand":20,"Gambling Chip":23,"Prayer Wheel":8,"Ring of the Snake":0,"Pear":22,"Dead Branch":11,"Eternal Feather":8,"PreservedInsect":13,"Omamori":12,"War Paint":22,"Akabeko":20,"Calling Bell":8,"Anchor":16,"MutagenicStrength":10,"Black Star":15},{"Torii":18,"Enchiridion":50,"Vajra":50,"Mango":33,"Juzu Bracelet":28,"Ginger":77,"Sling":72,"Dream Catcher":45,"Centennial Puzzle":86,"Sundial":18,"Mummified Hand":86,"Gambling Chip":94,"Prayer Wheel":45,"Ring of the Snake":0,"Pear":92,"Dead Branch":58,"Eternal Feather":45,"PreservedInsect":62,"Omamori":60,"War Paint":92,"Akabeko":86,"Calling Bell":45,"Anchor":72,"MutagenicStrength":55,"Black Star":70}],"Ring of the Snake":[48]},"card_choices":[{"not_picked":["Wraith Form v2","Phantasmal Killer"],"picked":"Adrenaline","floor":0},{"not_picked":["Bouncing Flask","Dagger Throw"],"picked":"Blade Dance","floor":1},{"not_picked":["Dash","Deflect","Bane"],"picked":"SKIP","floor":3},{"not_picked":["Cloak And Dagger","Acrobatics"],"picked":"Blade Dance","floor":5},{"not_picked":["Quick Slash","Noxious Fumes"],"picked":"PiercingWail","floor":7},{"not_picked":["Riddle With Holes","Noxious Fumes"],"picked":"Slice","floor":11},{"not_picked":["Corpse Explosion","Bane","Outmaneuver"],"picked":"SKIP","floor":12},{"not_picked":["Backstab","Bouncing Flask"],"picked":"Infinite Blades","floor":14},{"not_picked":["Die Die Die","Unload"],"picked":"Storm of Steel","floor":16},{"not_picked":["Riddle With Holes","Underhanded Strike+1","Predator"],"picked":"SKIP","floor":18},{"not_picked":["Setup","Bane","Deadly Poison"],"picked":"SKIP","floor":18},{"not_picked":["Skewer+1","Deflect+1"],"picked":"Accuracy","floor":21},{"not_picked":["Dagger Throw+1","Prepared","PiercingWail"],"picked":"SKIP","floor":21},{"not_picked":["Deflect","Flying Knee","Distraction"],"picked":"SKIP","floor":23},{"not_picked":["Deflect","Reflex","Tools of the Trade"],"picked":"SKIP","floor":24},{"not_picked":["Masterful Stab","Underhanded Strike","Poisoned Stab+1"],"picked":"SKIP","floor":24},{"not_picked":["Dash","PiercingWail"],"picked":"Escape Plan","floor":30},{"not_picked":["Sucker Punch+1","Poisoned Stab"],"picked":"Cloak And Dagger","floor":31},{"not_picked":["Underhanded Strike","Heel Hook","Deflect+1"],"picked":"SKIP","floor":31},{"not_picked":["Envenom","Storm of Steel"],"picked":"Phantasmal Killer","floor":33},{"not_picked":["Riddle With Holes","Outmaneuver"],"picked":"Accuracy+1","floor":35},{"not_picked":["Flying Knee","Bane","Dodge and Roll"],"picked":"SKIP","floor":35},{"not_picked":["Riddle With Holes","Dagger Throw"],"picked":"Accuracy+1","floor":38},{"not_picked":["Sucker Punch+1","Caltrops","Dodge and Roll"],"picked":"SKIP","floor":38},{"not_picked":["Dagger Spray+1","Blur+1"],"picked":"PiercingWail","floor":39},{"not_picked":["Leg Sweep","Acrobatics","Endless Agony"],"picked":"SKIP","floor":39},{"not_picked":["Quick Slash","Dash+1","Dagger Spray"],"picked":"SKIP","floor":41},{"not_picked":["All Out Attack+1","Outmaneuver"],"picked":"Escape Plan","floor":45},{"not_picked":["Terror","Grand Finale"],"picked":"Blade Dance","floor":45},{"not_picked":["Enlightenment","Bandage Up"],"picked":"Flash of Steel","floor":46},{"not_picked":["Deadly Poison","Outmaneuver"],"picked":"Well Laid Plans+1","floor":47}],"player_experience":708667,"relics_obtained":[{"floor":7,"key":"Torii"},{"floor":9,"key":"Sundial"},{"floor":12,"key":"Juzu Bracelet"},{"floor":14,"key":"Mango"},{"floor":17,"key":"Dream Catcher"},{"floor":17,"key":"Eternal Feather"},{"floor":17,"key":"Prayer Wheel"},{"floor":19,"key":"Enchiridion"},{"floor":23,"key":"Dead Branch"},{"floor":26,"key":"Omamori"},{"floor":30,"key":"PreservedInsect"},{"floor":37,"key":"Ginger"},{"floor":41,"key":"Centennial Puzzle"},{"floor":41,"key":"Akabeko"},{"floor":43,"key":"Mummified Hand"},{"floor":47,"key":"War Paint"},{"floor":47,"key":"Pear"},{"floor":48,"key":"Gambling Chip"}],"event_choices":[{"damage_healed":0,"gold_gain":0,"player_choice":"1 cards matched","damage_taken":0,"max_hp_gain":0,"max_hp_loss":0,"event_name":"Match and Keep!","floor":2,"gold_loss":0,"cards_obtained":["Neutralize"]},{"damage_healed":0,"gold_gain":0,"player_choice":"Forge","damage_taken":0,"max_hp_gain":0,"max_hp_loss":0,"event_name":"Accursed Blacksmith","floor":4,"gold_loss":0,"cards_upgraded":["Adrenaline"]},{"damage_healed":0,"gold_gain":0,"player_choice":"Obtained Book","damage_taken":21,"max_hp_gain":0,"max_hp_loss":0,"event_name":"Cursed Tome","floor":19,"gold_loss":0},{"damage_healed":0,"gold_gain":0,"player_choice":"Inject Mutagens","damage_taken":0,"relics_obtained":["MutagenicStrength"],"max_hp_gain":0,"max_hp_loss":0,"event_name":"Drug Dealer","floor":22,"gold_loss":0},{"damage_healed":0,"gold_gain":100,"player_choice":"Bet on Murderer","damage_taken":0,"max_hp_gain":0,"max_hp_loss":0,"event_name":"The Joust","floor":27,"gold_loss":50},{"damage_healed":15,"gold_gain":0,"player_choice":"Heal","damage_taken":0,"max_hp_gain":0,"max_hp_loss":0,"event_name":"The Library","floor":29,"gold_loss":0},{"damage_healed":0,"gold_gain":0,"player_choice":"Fight","damage_taken":0,"max_hp_gain":0,"max_hp_loss":0,"event_name":"MindBloom","floor":37,"gold_loss":0},{"damage_healed":0,"gold_gain":0,"player_choice":"Memory 1","damage_taken":0,"max_hp_gain":0,"max_hp_loss":0,"event_name":"SensoryStone","floor":46,"gold_loss":0},{"damage_healed":0,"gold_gain":0,"player_choice":"Fight","damage_taken":0,"max_hp_gain":0,"max_hp_loss":0,"event_name":"Mysterious Sphere","floor":48,"gold_loss":0}],"is_beta":false,"boss_relics":[{"not_picked":["HoveringKite","Fusion Hammer"],"picked":"Calling Bell"},{"not_picked":["Coffee Dripper","Tiny House"],"picked":"Black Star"}],"items_purged_floors":[20],"is_endless":false,"potions_floor_spawned":[3,7,11,14,18,21,23,24,39,47],"ascension_level":15}}