{"host":"1eo5f82aifdzd7pr","time":1609700413,"event":{"mods":["AchievementEnabler","BaseMod","Colored Map","Colored Powertips","DeckTracker","Marisa????????","Minty Spire (QoL Compilation)","StSLib","SuperFastMode"],"gold_per_floor":[111,121,134,151,171,171,203,203,229,247,16,16,33,33,33,129,129,129,129,129,54,54,54,54,54,54,54,54,54,54,54,54,54,54,54,54,54,54,0,0,0,0,0,0,0,0,0,0,0,0,0],"floor_reached":50,"playtime":1054,"items_purged":["Strike_R"],"score":548,"play_id":"1d5df15d-8997-43f9-8240-89ff321ff07c","local_time":"20210103210013","is_ascension_mode":false,"campfire_choices":[{"floor":6,"key":"REST"},{"data":"Pommel Strike","floor":12,"key":"SMITH"},{"data":"Flame Barrier","floor":15,"key":"SMITH"},{"data":"Rampage","floor":23,"key":"SMITH"},{"data":"Inflame","floor":28,"key":"SMITH"},{"data":"Uppercut","floor":32,"key":"SMITH"},{"data":"Pommel Strike","floor":40,"key":"SMITH"},{"data":"Feed","floor":42,"key":"SMITH"},{"data":"Clothesline","floor":44,"key":"SMITH"},{"floor":49,"key":"REST"}],"circlet_count":0,"master_deck":["Strike_R","Strike_R","Strike_R","Defend_R","Defend_R","Defend_R","Bash","Clothesline+1","Flame Barrier+1","Rampage+1","Pommel Strike+1","Feed+1","Inflame+1","Disarm+1","Rampage+1","Uppercut+1","Impervious","Pommel Strike+1"],"relics":["Burning Blood","Mercury Hourglass","Vajra","Lee\u0027s Waffle","Bag of Preparation","Ectoplasm","Shuriken","Pen Nib","SacredBark","Red Mask","PreservedInsect","The Courier"],"acts_visited":["Exordium","TheCity","TheBeyond"],"potions_floor_usage":[19,33,46,48,50],"damage_taken":[{"damage":15,"enemies":"Cultist","floor":1,"turns":4},{"damage":11,"enemies":"Jaw Worm","floor":2,"turns":2},{"damage":10,"enemies":"Small Slimes","floor":3,"turns":3},{"damage":13,"enemies":"2 Fungi Beasts","floor":4,"turns":4},{"damage":30,"enemies":"Large Slime","floor":5,"turns":8},{"damage":46,"enemies":"Gremlin Nob","floor":7,"turns":6},{"damage":0,"enemies":"3 Louse","floor":10,"turns":3},{"damage":0,"enemies":"Gremlin Gang","floor":13,"turns":3},{"damage":4,"enemies":"Slime Boss","floor":16,"turns":7},{"damage":12,"enemies":"Shell Parasite","floor":18,"turns":5},{"damage":10,"enemies":"Spheric Guardian","floor":19,"turns":3},{"damage":0,"enemies":"Centurion and Healer","floor":22,"turns":4},{"damage":9,"enemies":"3 Cultists","floor":24,"turns":5},{"damage":0,"enemies":"Chosen and Byrds","floor":25,"turns":3},{"damage":4,"enemies":"Book of Stabbing","floor":27,"turns":6},{"damage":12,"enemies":"Snecko","floor":30,"turns":4},{"damage":18,"enemies":"Centurion and Healer","floor":31,"turns":6},{"damage":36,"enemies":"Automaton","floor":33,"turns":6},{"damage":7,"enemies":"Orb Walker","floor":35,"turns":3},{"damage":22,"enemies":"3 Shapes","floor":37,"turns":4},{"damage":35,"enemies":"3 Darklings","floor":38,"turns":6},{"damage":15,"enemies":"Transient","floor":45,"turns":5},{"damage":18,"enemies":"Jaw Worm Horde","floor":46,"turns":3},{"damage":16,"enemies":"Reptomancer","floor":48,"turns":5},{"damage":77,"enemies":"Donu and Deca","floor":50,"turns":6}],"seed_played":"9107618701783120219","potions_obtained":[{"floor":4,"key":"Regen Potion"},{"floor":5,"key":"PowerPotion"},{"floor":7,"key":"BlessingOfTheForge"},{"floor":19,"key":"Fire Potion"},{"floor":45,"key":"Block Potion"},{"floor":48,"key":"SmokeBomb"}],"is_trial":false,"path_per_floor":["M","M","M","M","M","R","E","?","T","M","$","R","M","?","R","B",null,"M","M","?","?","M","R","M","M","T","E","R","$","M","M","R","B",null,"M","$","M","M","?","R","?","R","T","R","M","M","?","E","R","B"],"character_chosen":"IRONCLAD","items_purchased":["Lee\u0027s Waffle"],"campfire_rested":2,"item_purchase_floors":[11],"current_hp_per_floor":[79,74,70,63,39,65,25,25,25,31,95,95,95,88,88,90,95,92,88,88,88,97,97,97,103,103,107,107,107,104,95,95,77,113,112,112,99,70,70,70,70,70,70,70,61,53,53,43,77,0,0],"gold":0,"neow_bonus":"TEN_PERCENT_HP_BONUS","is_daily":false,"chose_seed":false,"campfire_upgraded":8,"win_rate":0.0,"timestamp":1609700413,"path_taken":["M","M","?","M","M","R","E","?","T","M","$","R","M","?","R","BOSS","M","M","?","?","M","R","M","M","T","E","R","$","M","M","R","BOSS","M","$","M","M","?","R","?","R","T","R","M","M","?","E","R","BOSS"],"items_purchased_type":["Relic"],"build_version":"2020-12-22","purchased_purges":1,"victory":false,"max_hp_per_floor":[88,88,88,88,88,88,88,88,88,88,95,95,95,95,95,95,95,98,98,98,98,101,101,104,104,104,107,107,107,110,113,113,113,113,113,113,116,116,116,116,110,110,110,110,110,114,114,114,114,114,114],"card_choices":[{"not_picked":["Warcry","Body Slam","Flex"],"picked":"SKIP","floor":1},{"not_picked":["Combust","Warcry"],"picked":"Clothesline","floor":2},{"not_picked":["Twin Strike","Shrug It Off"],"picked":"Flame Barrier","floor":3},{"not_picked":["Clash","Berserk","Feel No Pain"],"picked":"SKIP","floor":4},{"not_picked":["Armaments","Perfected Strike"],"picked":"Rampage","floor":5},{"not_picked":["Disarm","Seeing Red"],"picked":"Pommel Strike","floor":7},{"not_picked":["Wild Strike","Armaments","Headbutt"],"picked":"SKIP","floor":10},{"not_picked":["Shockwave","Body Slam","Warcry"],"picked":"SKIP","floor":13},{"not_picked":["Exhume","Fiend Fire"],"picked":"Feed","floor":16},{"not_picked":["Thunderclap","Havoc","Flex+1"],"picked":"SKIP","floor":18},{"not_picked":["Clash+1","Carnage"],"picked":"Inflame","floor":19},{"not_picked":["Flex","Pommel Strike"],"picked":"Disarm+1","floor":22},{"not_picked":["Warcry+1","Shockwave","Flex"],"picked":"SKIP","floor":24},{"not_picked":["Shockwave","Dark Embrace","Disarm"],"picked":"SKIP","floor":25},{"not_picked":["Evolve+1","Reckless Charge","Cleave"],"picked":"SKIP","floor":27},{"not_picked":["Twin Strike","Fire Breathing"],"picked":"Rampage+1","floor":30},{"not_picked":["Sentinel","Cleave"],"picked":"Uppercut","floor":31},{"not_picked":["Fiend Fire","Demon Form"],"picked":"Impervious","floor":33},{"not_picked":["Clash","Cleave+1","Armaments+1"],"picked":"SKIP","floor":35},{"not_picked":["Anger","Sever Soul","Combust"],"picked":"SKIP","floor":37},{"not_picked":["Wild Strike","Heavy Blade"],"picked":"Pommel Strike","floor":38},{"not_picked":["Rampage+1","Intimidate+1","Sword Boomerang+1"],"picked":"SKIP","floor":45},{"not_picked":["Armaments","Twin Strike","Berserk"],"picked":"SKIP","floor":46},{"not_picked":["Thunderclap+1","Cleave+1","Armaments+1"],"picked":"SKIP","floor":48}],"player_experience":766826,"relics_obtained":[{"floor":7,"key":"Mercury Hourglass"},{"floor":9,"key":"Vajra"},{"floor":26,"key":"Shuriken"},{"floor":27,"key":"Pen Nib"},{"floor":43,"key":"PreservedInsect"},{"floor":48,"key":"The Courier"}],"event_choices":[{"cards_removed":["Strike_R"],"damage_healed":0,"gold_gain":0,"player_choice":"Forget","damage_taken":0,"max_hp_gain":0,"max_hp_loss":0,"event_name":"Living Wall","floor":8,"gold_loss":0},{"damage_healed":0,"gold_gain":0,"player_choice":"Success","damage_taken":7,"relics_obtained":["Bag of Preparation"],"max_hp_gain":0,"max_hp_loss":0,"event_name":"Scrap Ooze","floor":14,"gold_loss":0},{"damage_healed":0,"gold_gain":0,"player_choice":"Ignored","damage_taken":0,"max_hp_gain":0,"max_hp_loss":0,"event_name":"Vampires","floor":20,"gold_loss":0},{"cards_removed":["Defend_R"],"damage_healed":0,"gold_gain":0,"player_choice":"Gave Gold","damage_taken":0,"max_hp_gain":0,"max_hp_loss":0,"event_name":"Beggar","floor":21,"gold_loss":75},{"damage_healed":0,"gold_gain":0,"player_choice":"Paid","damage_taken":0,"relics_obtained":["Red Mask"],"max_hp_gain":0,"max_hp_loss":0,"event_name":"Tomb of Lord Red Mask","floor":39,"gold_loss":54},{"damage_healed":0,"gold_gain":0,"player_choice":"Max HP","damage_taken":0,"max_hp_gain":0,"max_hp_loss":6,"event_name":"Winding Halls","floor":41,"gold_loss":0},{"damage_healed":0,"gold_gain":0,"player_choice":"Memory 1","damage_taken":0,"max_hp_gain":0,"max_hp_loss":0,"event_name":"SensoryStone","floor":47,"gold_loss":0}],"is_beta":false,"boss_relics":[{"not_picked":["Black Blood","Runic Dome"],"picked":"Ectoplasm"},{"not_picked":["Runic Pyramid","Astrolabe"],"picked":"SacredBark"}],"items_purged_floors":[11],"is_endless":false,"potions_floor_spawned":[4,5,7,13,18,19,25,27,30,45,48],"killed_by":"Donu and Deca","ascension_level":0}}