{"host":"oy4pyvr762z5n0bb","time":1609648428,"event":{"mods":["AchievementEnabler","BaseMod","Colored Map","Colored Powertips","Googly Eyes","Key Reminder","Minty Spire (QoL Compilation)","Quick Restart","Relic Sorter","StSLib","SuperFastMode","Unceasing Turn Reminder","slay the spire mod where everything is the same but ironclad has a cowboy hat"],"gold_per_floor":[113,113,131,306,581,581,614,625,652,652,632,632,651,679,679,679,679],"floor_reached":16,"playtime":294,"items_purged":[],"score":182,"play_id":"23fa4f17-cad5-4465-92bf-4dd570f70eb6","local_time":"20210102203348","is_ascension_mode":true,"campfire_choices":[{"data":"Dagger Spray","floor":6,"key":"SMITH"},{"floor":10,"key":"REST"},{"data":"Prepared","floor":12,"key":"SMITH"},{"floor":15,"key":"REST"}],"circlet_count":0,"master_deck":["Strike_G","Strike_G","Strike_G","Strike_G","Strike_G","Defend_G","Defend_G","Defend_G","Defend_G","Defend_G","Survivor","Neutralize","Dagger Spray+1","Cloak And Dagger","Backflip","Prepared+1","Slice","Prepared","Acrobatics"],"relics":["Ring of the Snake","NeowsBlessing","Omamori","Ice Cream","PreservedInsect","Tingsha"],"acts_visited":["Exordium"],"potions_floor_usage":[],"damage_taken":[{"damage":0,"enemies":"Jaw Worm","floor":1,"turns":1},{"damage":0,"enemies":"2 Louse","floor":3,"turns":1},{"damage":0,"enemies":"3 Sentries","floor":7,"turns":1},{"damage":0,"enemies":"Cultist","floor":8,"turns":3},{"damage":20,"enemies":"Exordium Thugs","floor":11,"turns":4},{"damage":11,"enemies":"Blue Slaver","floor":13,"turns":4},{"damage":23,"enemies":"Gremlin Nob","floor":14,"turns":4},{"damage":28,"enemies":"The Guardian","floor":16,"turns":13}],"seed_played":"2973956255076664435","potions_obtained":[{"floor":3,"key":"AttackPotion"},{"floor":7,"key":"BlessingOfTheForge"},{"floor":13,"key":"EntropicBrew"}],"is_trial":false,"path_per_floor":["M","?","M","?","?","R","E","M","T","R","M","R","M","E","R","B"],"character_chosen":"THE_SILENT","items_purchased":[],"campfire_rested":2,"item_purchase_floors":[],"current_hp_per_floor":[63,38,38,38,38,38,38,38,38,59,39,39,28,5,26,0,0],"gold":679,"neow_bonus":"THREE_ENEMY_KILL","is_daily":false,"chose_seed":false,"campfire_upgraded":2,"win_rate":0.0,"timestamp":1609648428,"path_taken":["M","?","M","?","?","R","E","?","T","R","M","R","M","E","R","BOSS"],"items_purchased_type":[],"build_version":"2020-12-22","purchased_purges":0,"victory":false,"max_hp_per_floor":[70,70,70,70,70,70,70,70,70,70,70,70,70,70,70,70,70],"card_choices":[{"not_picked":["PiercingWail","Escape Plan"],"picked":"Dagger Spray","floor":1},{"not_picked":["Dash","PiercingWail"],"picked":"Cloak And Dagger","floor":3},{"not_picked":["Well Laid Plans","Corpse Explosion"],"picked":"Backflip","floor":7},{"not_picked":["Deadly Poison","Well Laid Plans"],"picked":"Prepared","floor":8},{"not_picked":["Underhanded Strike","Dodge and Roll"],"picked":"Slice","floor":11},{"not_picked":["Distraction","Dash"],"picked":"Prepared","floor":13},{"not_picked":["Backflip","Prepared"],"picked":"Acrobatics","floor":14}],"player_experience":629309,"relics_obtained":[{"floor":7,"key":"Ice Cream"},{"floor":9,"key":"PreservedInsect"},{"floor":14,"key":"Tingsha"}],"event_choices":[{"damage_healed":0,"gold_gain":0,"player_choice":"Success","damage_taken":25,"relics_obtained":["Omamori"],"max_hp_gain":0,"max_hp_loss":0,"event_name":"Scrap Ooze","floor":2,"gold_loss":0},{"damage_healed":0,"gold_gain":175,"player_choice":"AGREE","damage_taken":0,"max_hp_gain":0,"max_hp_loss":0,"event_name":"Liars Game","floor":4,"gold_loss":0,"cards_obtained":["Doubt"]},{"damage_healed":0,"gold_gain":275,"player_choice":"Desecrate","damage_taken":0,"max_hp_gain":0,"max_hp_loss":0,"event_name":"Golden Shrine","floor":5,"gold_loss":0,"cards_obtained":["Regret"]}],"is_beta":false,"boss_relics":[],"items_purged_floors":[],"is_endless":false,"potions_floor_spawned":[3,7,13],"killed_by":"The Guardian","ascension_level":7}}