{"host":"xz7n3qy1zq36rzpg","time":1609667596,"event":{"mods":["BaseMod","Colored Map","Colored Powertips","Highlight Path","Minty Spire (QoL Compilation)","Quick Restart","Shop Mod"],"gold_per_floor":[116,69,69,69,69,69,87,115,115,143,156,1,17,36,36,131,131,147,165,165,165],"floor_reached":20,"playtime":674,"items_purged":[],"score":212,"play_id":"32cfe037-7b25-4017-a787-b6325429a653","local_time":"20210103105316","is_ascension_mode":true,"campfire_choices":[{"data":"Cloak And Dagger","floor":6,"key":"SMITH"},{"floor":15,"key":"REST"}],"circlet_count":0,"master_deck":["Strike_G","Strike_G","Strike_G","Defend_G","Defend_G","Defend_G","Survivor","Neutralize","Setup+1","Deadly Poison+1","Accuracy+1","Cloak And Dagger+1","Sucker Punch","Backstab","Leg Sweep","Quick Slash","Flying Knee","Dodge and Roll","Storm of Steel","Backflip","Dagger Throw+1"],"relics":["Astrolabe","Darkstone Periapt","PreservedInsect","Gambling Chip","Shuriken","Pantograph","Membership Card"],"acts_visited":["Exordium","TheCity"],"potions_floor_usage":[8,16,19],"damage_taken":[{"damage":1,"enemies":"Small Slimes","floor":1,"turns":4},{"damage":1,"enemies":"Jaw Worm","floor":7,"turns":3},{"damage":12,"enemies":"Gremlin Nob","floor":8,"turns":3},{"damage":11,"enemies":"Lagavulin","floor":10,"turns":5},{"damage":0,"enemies":"2 Louse","floor":11,"turns":2},{"damage":9,"enemies":"Blue Slaver","floor":13,"turns":3},{"damage":0,"enemies":"2 Fungi Beasts","floor":14,"turns":3},{"damage":40,"enemies":"The Guardian","floor":16,"turns":10},{"damage":22,"enemies":"2 Thieves","floor":18,"turns":4},{"damage":24,"enemies":"3 Byrds","floor":19,"turns":5},{"damage":24,"enemies":"Snake Plant","floor":20,"turns":3}],"seed_played":"4030795865220319937","potions_obtained":[{"floor":1,"key":"Strength Potion"},{"floor":7,"key":"ColorlessPotion"},{"floor":11,"key":"GhostInAJar"},{"floor":14,"key":"Regen Potion"},{"floor":16,"key":"LiquidBronze"},{"floor":18,"key":"DuplicationPotion"}],"is_trial":false,"path_per_floor":["M","$","?","T","?","R","M","E","T","E","M","$","M","M","R","B",null,"M","M","M"],"character_chosen":"THE_SILENT","items_purchased":["Sucker Punch","Membership Card"],"campfire_rested":1,"item_purchase_floors":[2,12],"current_hp_per_floor":[69,69,62,62,44,44,43,31,31,20,20,20,11,11,32,32,70,48,24,0,0],"gold":165,"neow_bonus":"BOSS_RELIC","is_daily":false,"chose_seed":false,"campfire_upgraded":1,"win_rate":0.0,"timestamp":1609667596,"path_taken":["M","$","?","?","?","R","M","E","T","E","M","?","M","M","R","BOSS","M","M","M"],"items_purchased_type":["Card","Relic"],"build_version":"2020-12-22","purchased_purges":0,"victory":false,"max_hp_per_floor":[70,70,70,70,70,70,70,70,70,70,70,70,70,70,70,70,70,70,70,70,70],"card_choices":[{"not_picked":["Choke","Blur"],"picked":"Cloak And Dagger","floor":1},{"not_picked":["Endless Agony","Dagger Spray"],"picked":"Backstab","floor":7},{"not_picked":["Underhanded Strike","Terror"],"picked":"Leg Sweep","floor":8},{"not_picked":["PiercingWail","Endless Agony"],"picked":"Quick Slash","floor":10},{"not_picked":["Bullet Time","Deflect"],"picked":"Flying Knee","floor":11},{"not_picked":["Dagger Spray","Crippling Poison"],"picked":"Dodge and Roll","floor":13},{"not_picked":["Choke","Eviscerate","Bouncing Flask"],"picked":"SKIP","floor":14},{"not_picked":["Night Terror","Grand Finale"],"picked":"Storm of Steel","floor":16},{"not_picked":["Bane","Escape Plan"],"picked":"Backflip","floor":18},{"not_picked":["Bane+1","Backflip+1"],"picked":"Dagger Throw+1","floor":19}],"player_experience":280107,"relics_obtained":[{"floor":4,"key":"Darkstone Periapt"},{"floor":8,"key":"Gambling Chip"},{"floor":9,"key":"Shuriken"},{"floor":10,"key":"Pantograph"}],"event_choices":[{"cards_removed":["Defend_G"],"damage_healed":0,"gold_gain":0,"player_choice":"Card Removal","damage_taken":7,"max_hp_gain":0,"max_hp_loss":0,"event_name":"Golden Wing","floor":3,"gold_loss":0},{"damage_healed":0,"gold_gain":0,"player_choice":"Success","damage_taken":18,"relics_obtained":["PreservedInsect"],"max_hp_gain":0,"max_hp_loss":0,"event_name":"Scrap Ooze","floor":5,"gold_loss":0}],"is_beta":false,"boss_relics":[{"not_picked":["Velvet Choker","Philosopher\u0027s Stone","Coffee Dripper"]}],"items_purged_floors":[],"is_endless":false,"potions_floor_spawned":[1,7,11,14,16,18],"killed_by":"Snake Plant","ascension_level":3}}