{"host":"p1xsuo25udtrkbq2","time":1609709450,"event":{"mods":["BaseMod","Colored Map","Minty Spire (QoL Compilation)","Rare Cards Sparkle","Relic Stats","Slay the Relics Exporter","StSLib","everything is the same but u backflip on backflip"],"gold_per_floor":[113,129,145,46,63,63,91,91,91,91,241,241,276,291,291,291,291],"floor_reached":16,"playtime":1107,"items_purged":[],"score":193,"play_id":"4672b28c-e87a-49b2-978d-6a2dc2b3ff9c","local_time":"20210103163050","is_ascension_mode":true,"campfire_choices":[{"data":"Noxious Fumes","floor":6,"key":"SMITH"},{"floor":8,"key":"REST"},{"data":"Well Laid Plans","floor":10,"key":"SMITH"},{"data":"Neutralize","floor":12,"key":"SMITH"},{"floor":15,"key":"REST"}],"circlet_count":0,"master_deck":["AscendersBane","Strike_G","Strike_G","Strike_G","Strike_G","Strike_G","Defend_G","Defend_G","Defend_G","Defend_G","Defend_G","Survivor","Neutralize+1","Quick Slash","Dagger Spray","Cloak And Dagger","Noxious Fumes+1","Backflip","Well Laid Plans+1","PiercingWail","Doubt","Flying Knee"],"relics":["Ring of the Snake","Oddly Smooth Stone","Calipers","Darkstone Periapt","Letter Opener"],"acts_visited":["Exordium"],"potions_floor_usage":[5,16],"damage_taken":[{"damage":2,"enemies":"Small Slimes","floor":1,"turns":5},{"damage":3,"enemies":"Jaw Worm","floor":2,"turns":4},{"damage":1,"enemies":"Cultist","floor":3,"turns":4},{"damage":5,"enemies":"Looter","floor":5,"turns":3},{"damage":42,"enemies":"Gremlin Nob","floor":7,"turns":6},{"damage":13,"enemies":"Lagavulin","floor":13,"turns":9},{"damage":0,"enemies":"2 Fungi Beasts","floor":14,"turns":3},{"damage":42,"enemies":"The Guardian","floor":16,"turns":6}],"seed_played":"6439130518667862956","potions_obtained":[{"floor":2,"key":"Fire Potion"},{"floor":5,"key":"Dexterity Potion"},{"floor":13,"key":"ColorlessPotion"}],"is_trial":false,"path_per_floor":["M","M","M","$","M","R","E","R","T","R","?","R","E","M","R","B"],"character_chosen":"THE_SILENT","items_purchased":["Noxious Fumes","Backflip"],"campfire_rested":2,"item_purchase_floors":[4,4],"current_hp_per_floor":[57,54,53,53,48,48,6,25,25,25,31,31,18,18,39,0,0],"gold":291,"neow_bonus":"RANDOM_COMMON_RELIC","is_daily":false,"chose_seed":false,"campfire_upgraded":3,"win_rate":0.0,"timestamp":1609709450,"path_taken":["M","M","M","$","M","R","E","R","T","R","?","R","E","M","R","BOSS"],"items_purchased_type":["Card","Card"],"build_version":"2020-12-22","purchased_purges":0,"victory":false,"max_hp_per_floor":[66,66,66,66,66,66,66,66,66,66,72,72,72,72,72,72,72],"relic_stats":{"Darkstone Periapt":6,"counters":[8,40],"Letter Opener":[0],"obtain_stats":[{"Darkstone Periapt":9,"Calipers":7,"Oddly Smooth Stone":0,"Letter Opener":13,"Ring of the Snake":0},{"Darkstone Periapt":5,"Calipers":5,"Oddly Smooth Stone":0,"Letter Opener":6,"Ring of the Snake":0},{"Darkstone Periapt":22,"Calipers":22,"Oddly Smooth Stone":0,"Letter Opener":31,"Ring of the Snake":0}],"Ring of the Snake":[16]},"card_choices":[{"not_picked":["Blur","Acrobatics"],"picked":"Quick Slash","floor":1},{"not_picked":["All Out Attack","PiercingWail"],"picked":"Dagger Spray","floor":2},{"not_picked":["Skewer","All Out Attack"],"picked":"Cloak And Dagger","floor":3},{"not_picked":["Grand Finale","Deadly Poison"],"picked":"Well Laid Plans","floor":5},{"not_picked":["Bane","Infinite Blades"],"picked":"PiercingWail","floor":7},{"not_picked":["Backflip","Blade Dance"],"picked":"Flying Knee","floor":13},{"not_picked":["Sucker Punch","Skewer","Outmaneuver"],"picked":"SKIP","floor":14}],"player_experience":847977,"relics_obtained":[{"floor":7,"key":"Calipers"},{"floor":9,"key":"Darkstone Periapt"},{"floor":13,"key":"Letter Opener"}],"event_choices":[{"damage_healed":0,"gold_gain":150,"player_choice":"AGREE","damage_taken":0,"max_hp_gain":0,"max_hp_loss":0,"event_name":"Liars Game","floor":11,"gold_loss":0,"cards_obtained":["Doubt"]}],"is_beta":false,"boss_relics":[],"items_purged_floors":[],"is_endless":false,"potions_floor_spawned":[2,5,13],"killed_by":"The Guardian","ascension_level":15}}