{"host":"y2d5jdk6et74e3ks","time":1609639087,"event":{"mods":["BaseMod","Colored Map","Downfall","Hubris","Minty Spire (QoL Compilation)","Replay The Spire","StSLib"],"gold_per_floor":[10000,9321,9402,8734,8747,8747,8766,8786,8786,8817,8837,8863,8863,8881,8881,8979,8979,8991,9004,9058,9058,8188,8188,7536,7536,7561,7561,7573,7593,6660,6673,6673,6773,6773,6785,6053,6073,6073,6085,6114,6114,6114,6114,6139,6139,6139,6156,6206,6206,6224,6224,6224,6224,6224,5603,5630,5630,5630],"floor_reached":57,"playtime":2440,"items_purged":["Bash","Defend_R","Demonic Infusion","expansioncontent:DonusPower+1","Fire Breathing"],"score":1121,"play_id":"2e04b7ba-d2ad-4866-8c64-6a95afa2c6dd","local_time":"20210102205807","is_ascension_mode":true,"campfire_choices":[{"data":"expansioncontent:DonusPower","floor":6,"key":"SMITH"},{"floor":13,"key":"RECALL"},{"data":"Twin Strike","floor":15,"key":"SMITH"},{"data":"champ:PerfectedStrike","floor":25,"key":"SMITH"},{"data":"Wild Strike","floor":27,"key":"SMITH"},{"data":"Barricade","floor":32,"key":"SMITH"},{"data":"Limit Break","floor":46,"key":"SMITH"},{"data":"Defend_R","floor":49,"key":"SMITH"},{"data":"Armaments","floor":51,"key":"SMITH"},{"data":"Flex","floor":54,"key":"SMITH"}],"circlet_count":0,"master_deck":["Strike_R","Strike_R","Strike_R","Strike_R","Strike_R","Defend_R","Defend_R","Defend_R+1","Wild Strike+1","Fire Breathing+1","Twin Strike+1","Pommel Strike","ReplayTheSpireMod:Strike From Hell","Metallicize","Pommel Strike","Rage","Power Through","ReplayTheSpireMod:Strike From Hell","Flex+1","Life Link","Poisoned Strike+1","champ:PerfectedStrike+1","Barricade+1","Limit Break+1","Flex+1","Inflame","Pommel Strike","Poisoned Strike","ReplayTheSpireMod:Strike From Hell+1","Pommel Strike+1","Flex+1","Armaments+1","Inflame"],"relics":["Burning Blood","Medical Kit","Oddly Smooth Stone","Nunchaku","Pen Nib","Sling","Blood Vial","Replay:Bottled Steam","Bottled Flame","Replay:WaspNest","Coffee Dripper","MealTicket","MutagenicStrength","Lee\u0027s Waffle","ReplayTheSpireMod:TigerMarble","hubris:Metronome","Darkstone Periapt","White Beast Statue","Guide Book","Lizard Tail","Champion Belt","Philosopher\u0027s Stone","Brimstone","Anchor","PreservedInsect","hubris:Towel","Boot","hubris:Icosahedron","Gremlin Horn","Mercury Hourglass","CaptainsWheel","HandDrill","hubris:SlimyHat","StoneCalendar","Quantum Egg"],"acts_visited":["Exordium","TheCity","TheBeyond","TheEnding"],"potions_floor_usage":[7,12,19,33,33,33,35,37,40,40,44,48,50,52,52,57],"damage_taken":[{"damage":10,"enemies":"Jaw Worm","floor":1,"turns":4},{"damage":0,"enemies":"Cultist","floor":5,"turns":3},{"damage":0,"enemies":"2 Louse","floor":7,"turns":1},{"damage":5,"enemies":"Exordium Wildlife","floor":8,"turns":3},{"damage":24,"enemies":"Lagavulin","floor":10,"turns":5},{"damage":18,"enemies":"3 Louse","floor":11,"turns":3},{"damage":0,"enemies":"Gremlin Nob","floor":12,"turns":2},{"damage":0,"enemies":"2 Fungi Beasts","floor":14,"turns":2},{"damage":41,"enemies":"The Guardian","floor":16,"turns":8},{"damage":26,"enemies":"2 Thieves","floor":18,"turns":3},{"damage":7,"enemies":"Chosen","floor":19,"turns":4},{"damage":12,"enemies":"Shelled Parasite and Fungi","floor":28,"turns":2},{"damage":0,"enemies":"Snake Plant","floor":29,"turns":1},{"damage":0,"enemies":"Cultist and Chosen","floor":31,"turns":2},{"damage":31,"enemies":"Pondfish","floor":33,"turns":7},{"damage":0,"enemies":"Orb Walker","floor":35,"turns":1},{"damage":15,"enemies":"3 Shapes","floor":37,"turns":2},{"damage":0,"enemies":"Maw","floor":39,"turns":4},{"damage":12,"enemies":"Giant Head","floor":40,"turns":4},{"damage":67,"enemies":"Nemesis","floor":44,"turns":5},{"damage":19,"enemies":"3 Darklings","floor":47,"turns":3},{"damage":8,"enemies":"2 Orb Walkers","floor":48,"turns":1},{"damage":0,"enemies":"4 Shapes","floor":50,"turns":1},{"damage":53,"enemies":"hubris:GrandSnecko","floor":52,"turns":7},{"damage":33,"enemies":"Shield and Spear","floor":56,"turns":3},{"damage":105,"enemies":"The Heart","floor":57,"turns":5}],"seed_played":"-339771646680254374","potions_obtained":[{"floor":7,"key":"sneckomod:MuddlingPotion"},{"floor":11,"key":"FearPotion"},{"floor":12,"key":"sneckomod:MuddlingPotion"},{"floor":18,"key":"SkillPotion"},{"floor":28,"key":"Energy Potion"},{"floor":29,"key":"Adrenaline Potion"},{"floor":31,"key":"FearPotion"},{"floor":33,"key":"ColorlessPotion"},{"floor":35,"key":"Weak Potion"},{"floor":37,"key":"Block Potion"},{"floor":39,"key":"Death Potion"},{"floor":40,"key":"PowerPotion"},{"floor":44,"key":"Elixir"},{"floor":47,"key":"Slimebound:ThreeZeroPotion"},{"floor":48,"key":"Explosive Potion"},{"floor":50,"key":"Reflective Coating"},{"floor":56,"key":"Block Potion"}],"is_trial":false,"path_per_floor":["M","$","?","$","M","R","M","M","T","E","M","E","R","M","R","B",null,"M","M","T","?","$","?","$","R","T","R","M","M","$","M","R","B",null,"M","$","M","?","M","E","?","PTL","PTL","E","T","R","M","?","R","M","R","B",null,"R","$","E","B"],"character_chosen":"IRONCLAD","items_purchased":["Medical Kit","Oddly Smooth Stone","Nunchaku","expansioncontent:DonusPower","SteroidPotion","ReplayTheSpireMod:Strike From Hell","Metallicize","Pen Nib","Sling","Blood Vial","Lee\u0027s Waffle","ReplayTheSpireMod:TigerMarble","hubris:Metronome","Poisoned Strike","Darkstone Periapt","White Beast Statue","Guide Book","Lizard Tail","Champion Belt","Brimstone","Anchor","PreservedInsect","Inflame","Pommel Strike","Poisoned Strike","HandDrill","hubris:SlimyHat","StoneCalendar"],"campfire_rested":0,"item_purchase_floors":[2,2,2,2,2,4,4,4,4,4,22,22,22,22,24,24,30,30,30,36,36,36,36,36,36,55,55,55],"current_hp_per_floor":[68,68,68,68,76,76,84,87,87,71,61,69,69,77,77,44,96,76,77,77,77,103,103,103,103,103,103,97,103,103,103,103,78,103,106,106,97,97,105,100,100,100,100,41,41,41,30,30,30,38,38,46,106,106,106,79,0,0],"gold":5630,"neow_bonus":"TWENTY_PERCENT_HP_BONUS","is_daily":false,"chose_seed":false,"campfire_upgraded":9,"win_rate":0.0,"timestamp":1609639087,"path_taken":["M","$","?","$","?","R","M","M","T","E","M","E","R","M","R","BOSS","M","M","?","?","?","?","$","R","T","R","?","M","$","M","R","BOSS","M","$","M","?","M","E","?","PTL","PTL","E","T","R","M","?","R","M","R","BOSS","R","$","E","BOSS"],"items_purchased_type":["Relic","Relic","Relic","Card","Potion","Card","Card","Relic","Relic","Relic","Relic","Relic","Relic","Card","Relic","Relic","Relic","Relic","Relic","Relic","Relic","Relic","Card","Card","Card","Relic","Relic","Relic"],"build_version":"2020-12-22","purchased_purges":5,"victory":false,"max_hp_per_floor":[96,96,96,96,96,96,96,96,96,96,96,96,96,96,96,96,96,96,96,96,96,103,103,103,103,103,103,103,103,103,103,103,103,103,106,106,106,106,106,106,106,106,106,106,106,106,106,106,106,106,106,106,106,106,106,106,106,106],"card_choices":[{"not_picked":["ReplayTheSpireMod:Strike From Hell","hubris:ReadiedAction"],"picked":"Wild Strike","floor":1},{"not_picked":["Wild Strike","Blood for Blood"],"picked":"Fire Breathing","floor":3},{"not_picked":["Searing Blow","Cleave"],"picked":"Twin Strike","floor":3},{"not_picked":["Reaper","Clash"],"picked":"Pommel Strike","floor":3},{"not_picked":["Replay:Undeath\u0027s Touch","Armaments"],"picked":"Pommel Strike","floor":5},{"not_picked":["Disarm","Reckless Charge"],"picked":"Rage","floor":7},{"not_picked":["Clash","Sword Boomerang","Reckless Charge"],"picked":"SKIP","floor":8},{"not_picked":["Iron Wave","Demonic Infusion","Wild Strike"],"picked":"SKIP","floor":10},{"not_picked":["Searing Blow","Warcry"],"picked":"Power Through","floor":11},{"not_picked":["Warcry","Shrug It Off"],"picked":"ReplayTheSpireMod:Strike From Hell","floor":12},{"not_picked":["True Grit","Feel No Pain"],"picked":"Flex","floor":14},{"not_picked":["Offering","Exhume"],"picked":"Demonic Infusion","floor":16},{"not_picked":["Replay:Undeath\u0027s Touch","True Grit"],"picked":"Life Link","floor":18},{"not_picked":["True Grit","Thunderclap"],"picked":"Fire Breathing","floor":19},{"not_picked":["Entrench","Sever Soul+1","Warcry"],"picked":"SKIP","floor":28},{"not_picked":["Run Through","Body Slam","Armaments"],"picked":"SKIP","floor":29},{"not_picked":["Flex+1","Cleave"],"picked":"Barricade","floor":31},{"not_picked":["Feed","Bludgeon"],"picked":"Limit Break","floor":33},{"not_picked":["Iron Wave+1","Flame Barrier"],"picked":"Flex+1","floor":35},{"not_picked":["Shrug It Off","Spot Weakness+1"],"picked":"ReplayTheSpireMod:Strike From Hell+1","floor":37},{"not_picked":["Havoc+1","Clothesline","Replay:Undeath\u0027s Touch"],"picked":"SKIP","floor":39},{"not_picked":["Anger+1","Armaments+1","Sword Boomerang+1"],"picked":"SKIP","floor":40},{"not_picked":["Warcry","Disarm+1"],"picked":"Pommel Strike+1","floor":44},{"not_picked":["Reaper","Battle Trance"],"picked":"Flex+1","floor":47},{"not_picked":["Eclipse","ReplayReversal+1"],"picked":"Armaments","floor":50},{"not_picked":["Sentinel","Power Through+1"],"picked":"Inflame","floor":56}],"player_experience":115295,"relics_obtained":[{"floor":9,"key":"Replay:Bottled Steam"},{"floor":10,"key":"Bottled Flame"},{"floor":12,"key":"Replay:WaspNest"},{"floor":20,"key":"MealTicket"},{"floor":40,"key":"Boot"},{"floor":44,"key":"Gremlin Horn"},{"floor":45,"key":"Mercury Hourglass"},{"floor":48,"key":"CaptainsWheel"},{"floor":56,"key":"Quantum Egg"}],"event_choices":[{"damage_healed":0,"gold_gain":0,"player_choice":"Inject Mutagens","damage_taken":0,"relics_obtained":["MutagenicStrength"],"max_hp_gain":0,"max_hp_loss":0,"event_name":"Drug Dealer","floor":21,"gold_loss":0},{"damage_healed":0,"gold_gain":0,"player_choice":"Read","damage_taken":0,"max_hp_gain":0,"max_hp_loss":0,"event_name":"The Library","floor":23,"gold_loss":0,"cards_obtained":["champ:PerfectedStrike"]},{"damage_healed":0,"gold_gain":0,"player_choice":"Fight","damage_taken":0,"max_hp_gain":0,"max_hp_loss":0,"event_name":"Mysterious Sphere","floor":48,"gold_loss":0}],"is_beta":false,"boss_relics":[{"not_picked":["hubris:HollowSoul","Snecko Eye"],"picked":"Coffee Dripper"},{"not_picked":["Astrolabe","Runic Cube"],"picked":"Philosopher\u0027s Stone"}],"items_purged_floors":[2,4,22,24,30],"is_endless":false,"potions_floor_spawned":[7,11,12,18,28,29,31,33,35,37,39,40,44,47,48,50,56],"killed_by":"The Heart","ascension_level":1}}