{"host":"mitsb0f2d3kywzzp","time":1609643789,"event":{"mods":["AchievementEnabler","BaseMod","Colored Map","Colored Powertips","Downfall","Hermit","Highlight Path","Marisa????????","Minty Spire (QoL Compilation)","READ ME - Guardian Mod","Rare Cards Sparkle","Replay The Spire","StSLib","SuperFastMode","The Cursed","The Necromancer","The Servant 0.9.4"],"gold_per_floor":[99,99,99,24,124,140,167,178,178,197,197,15,15,35,53,53,53,53],"floor_reached":16,"playtime":1114,"items_purged":["Slimebound:Defend_Slimebound","Slimebound:Strike_Slimebound"],"score":90,"play_id":"e03a6b26-ee8c-4b76-8a0c-6e81a1331a82","local_time":"20210102221629","is_ascension_mode":false,"campfire_choices":[{"floor":1,"key":"DIG"},{"floor":9,"key":"RECALL"},{"data":"Slimebound:Gluttony","floor":13,"key":"SMITH"}],"circlet_count":0,"master_deck":["Slimebound:Strike_Slimebound","Slimebound:Strike_Slimebound","Slimebound:Tackle","Slimebound:Defend_Slimebound","Slimebound:Defend_Slimebound","Slimebound:Defend_Slimebound","Slimebound:Split","Slimebound:CorrosiveSpit","Slimebound:SplitAcid","Slimebound:FormOfPuddle","Slimebound:GoopSpray","Slimebound:SamplingLick","Slimebound:ProtectTheBoss","Slimebound:Gluttony+1","Slimebound:LeechingTouch","Slimebound:AcidTongue","Slimebound:SplitBruiser","Slimebound:SplitAcid"],"relics":["Slimebound:AbsorbEndCombat","downfall:HeartsMalice","Divine Protection","Juzu Bracelet","Slimebound:GreedOozeRelic"],"acts_visited":["Exordium"],"potions_floor_usage":[16],"damage_taken":[{"damage":0,"enemies":"2 Louse","floor":2,"turns":1},{"damage":0,"enemies":"Jaw Worm","floor":3,"turns":1},{"damage":0,"enemies":"downfall:FleeingMerchant","floor":4,"turns":1},{"damage":11,"enemies":"Small Slimes","floor":6,"turns":3},{"damage":28,"enemies":"Exordium Thugs","floor":8,"turns":4},{"damage":16,"enemies":"Blue Slaver","floor":10,"turns":4},{"damage":8,"enemies":"downfall:FleeingMerchant","floor":12,"turns":4},{"damage":12,"enemies":"Gremlin Gang","floor":14,"turns":4},{"damage":20,"enemies":"Red Slaver","floor":15,"turns":3},{"damage":73,"enemies":"downfall:Defect","floor":16,"turns":5}],"seed_played":"6676537022817030489","potions_obtained":[{"floor":6,"key":"ColorlessPotion"},{"floor":10,"key":"Languid Potion"},{"floor":14,"key":"Elixir"}],"is_trial":false,"path_per_floor":["R_BF","M","M","$","?","M","T","M","R","M","?","$","R","M","M","B"],"character_chosen":"SLIMEBOUND","items_purchased":["Slimebound:AcidTongue"],"campfire_rested":0,"item_purchase_floors":[12],"current_hp_per_floor":[60,60,60,60,60,52,52,44,44,48,48,60,60,60,56,0,0,0],"gold":53,"neow_bonus":"THREE_ENEMY_KILL","is_daily":false,"chose_seed":false,"campfire_upgraded":1,"win_rate":0.0,"timestamp":1609643789,"path_taken":["R_BF","M","M","$","?","M","T","M","R","M","?","$","R","M","M","BOSS"],"items_purchased_type":["Card"],"build_version":"2020-12-22","purchased_purges":2,"victory":false,"max_hp_per_floor":[60,60,60,60,60,60,60,60,60,60,60,60,60,60,60,60,60,60],"card_choices":[{"not_picked":["Slimebound:AcidTongue","Slimebound:DisruptingSlam"],"picked":"Slimebound:SplitAcid","floor":2},{"not_picked":["Slimebound:ComboTackle","Slimebound:RainOfGoop"],"picked":"Slimebound:FormOfPuddle","floor":3},{"not_picked":["Slimebound:SlimeBrawl","Slimebound:SplitBruiser"],"picked":"Slimebound:GoopSpray","floor":4},{"not_picked":["Slimebound:LeadByExample","Slimebound:LivingWall"],"picked":"Slimebound:SamplingLick","floor":6},{"not_picked":["Slimebound:ViciousTackle","Slimebound:DisruptingSlam"],"picked":"Slimebound:ProtectTheBoss","floor":8},{"not_picked":["Slimebound:ComboTackle","Slimebound:SplitMire"],"picked":"Slimebound:Gluttony","floor":10},{"not_picked":["Slimebound:Teamwork","Slimebound:MegaLick"],"picked":"Slimebound:LeechingTouch","floor":12},{"not_picked":["Slimebound:ComboTackle","Slimebound:RollThrough"],"picked":"Slimebound:SplitBruiser","floor":14},{"not_picked":["Slimebound:AcidTongue","Slimebound:Grow"],"picked":"Slimebound:SplitAcid","floor":15}],"player_experience":326799,"relics_obtained":[{"floor":1,"key":"Divine Protection"},{"floor":7,"key":"Juzu Bracelet"}],"event_choices":[],"is_beta":false,"boss_relics":[],"items_purged_floors":[4,12],"is_endless":false,"potions_floor_spawned":[6,10,14],"killed_by":"downfall:Defect","ascension_level":0}}