{"host":"98ajcw3do3zsggh8","time":1609704698,"event":{"mods":["BaseMod","Minty Spire (QoL Compilation)","Replay The Spire","StSLib"],"gold_per_floor":[115,127,52,52,52,52,62,87,114,139,159,185,211,40,40,135,135,146,146,146,165,180,208,208,483,553,553,553,553,563,603,603,603,603],"floor_reached":33,"playtime":758,"items_purged":["Strike_P"],"score":287,"play_id":"bdf1cde4-f923-412c-87bf-14591c17052a","local_time":"20210103211138","is_ascension_mode":true,"campfire_choices":[{"data":"Consecrate","floor":6,"key":"SMITH"},{"data":"Ragnarok","floor":15,"key":"SMITH"},{"data":"ForeignInfluence","floor":24,"key":"SMITH"},{"data":"Blasphemy","floor":27,"key":"SMITH"},{"data":"RitualDagger","floor":29,"key":"SMITH"},{"floor":32,"key":"REST"}],"circlet_count":0,"master_deck":["Strike_P+1","Strike_P","Defend_P","Defend_P","Defend_P","Defend_P","Eruption+1","Vigilance","Consecrate+1","FlyingSleeves","Dark Shackles","FollowUp","ForeignInfluence+1","Ragnarok+1","JustLucky+1","Blasphemy+1","RitualDagger+1","CommonCold","Consecrate+1","Regret"],"relics":["PureWater","NeowsBlessing","Pet Ghost","Blue Doll","Whetstone","Odd Mushroom","Tiny Chest","Philosopher\u0027s Stone","Ring of Hypnosis","Bronze Scales","Question Card","MealTicket"],"acts_visited":["Exordium","TheCity"],"potions_floor_usage":[10,22,22,22,23,33],"damage_taken":[{"damage":0,"enemies":"Cultist","floor":1,"turns":1},{"damage":0,"enemies":"Small Slimes","floor":2,"turns":1},{"damage":0,"enemies":"2 Louse","floor":7,"turns":1},{"damage":13,"enemies":"Gremlin Nob","floor":8,"turns":3},{"damage":13,"enemies":"Lagavulin","floor":10,"turns":4},{"damage":3,"enemies":"Gremlin Gang","floor":11,"turns":2},{"damage":0,"enemies":"The Mushroom Lair","floor":12,"turns":1},{"damage":12,"enemies":"Hexaghost","floor":16,"turns":4},{"damage":0,"enemies":"3 Byrds","floor":18,"turns":3},{"damage":0,"enemies":"2 Thieves","floor":21,"turns":1},{"damage":23,"enemies":"Centurion and Healer","floor":22,"turns":2},{"damage":32,"enemies":"Slavers","floor":23,"turns":4},{"damage":0,"enemies":"Shelled Parasite and Fungi","floor":30,"turns":3},{"damage":13,"enemies":"3 Cultists","floor":31,"turns":4},{"damage":34,"enemies":"Champ","floor":33,"turns":1}],"seed_played":"626476197289825650","potions_obtained":[{"floor":7,"key":"LiquidMemories"},{"floor":10,"key":"Ambrosia"},{"floor":12,"key":"ColorlessPotion"},{"floor":16,"key":"Swift Potion"},{"floor":22,"key":"Regen Potion"},{"floor":30,"key":"BlessingOfTheForge"}],"is_trial":false,"path_per_floor":["M","M","$","?","?","R","M","E","T","E","M","?","T","$","R","B",null,"M","?","?","M","M","E","R","?","T","R","T","R","M","M","R","B"],"character_chosen":"WATCHER","items_purchased":["Ragnarok","JustLucky+1"],"campfire_rested":1,"item_purchase_floors":[14,14],"current_hp_per_floor":[72,72,72,72,72,72,72,59,59,46,43,43,43,43,43,31,72,72,66,66,66,43,23,23,23,23,23,23,23,23,10,31,0,0],"gold":603,"neow_bonus":"THREE_ENEMY_KILL","is_daily":false,"chose_seed":false,"campfire_upgraded":5,"win_rate":0.0,"timestamp":1609704698,"path_taken":["M","?","$","?","?","R","?","E","T","E","M","?","?","$","R","BOSS","M","?","?","M","M","E","R","?","T","R","?","R","M","M","R","BOSS"],"items_purchased_type":["Card","Card"],"build_version":"2020-12-22","purchased_purges":1,"victory":false,"max_hp_per_floor":[72,72,72,72,72,72,72,72,72,72,72,72,72,72,72,72,72,72,72,72,72,72,72,72,72,72,72,72,72,72,72,72,72,72],"card_choices":[{"not_picked":["ThirdEye","Vengeance"],"picked":"Consecrate","floor":1},{"not_picked":["MentalFortress","FlyingSleeves","FearNoEvil"],"picked":"SKIP","floor":2},{"not_picked":["Fasting2","Wallop"],"picked":"FollowUp","floor":7},{"not_picked":["CutThroughFate","Replay:ManipulateFuture"],"picked":"ForeignInfluence","floor":8},{"not_picked":["JustLucky","BowlingBash","Alpha"],"picked":"SKIP","floor":10},{"not_picked":["FlyingSleeves","Replay:ManipulateFuture","FlurryOfBlows"],"picked":"SKIP","floor":11},{"not_picked":["Ragnarok","DeusExMachina"],"picked":"Blasphemy","floor":16},{"not_picked":["Replay:BluntJabs","EmptyFist+1","Replay:Hum"],"picked":"SKIP","floor":18},{"not_picked":["LikeWater","SashWhip","DeceiveReality"],"picked":"SKIP","floor":21},{"not_picked":["Replay:ManipulateFuture","FollowUp+1","SashWhip"],"picked":"SKIP","floor":22},{"not_picked":["Replay:BluntJabs+1","Devotion"],"picked":"Consecrate+1","floor":23},{"not_picked":["PathToVictory","Crescendo","Perseverance","JustLucky"],"picked":"SKIP","floor":30},{"not_picked":["LikeWater+1","EmptyFist+1","PathToVictory","ForeignInfluence"],"picked":"SKIP","floor":31}],"player_experience":303084,"relics_obtained":[{"floor":8,"key":"Pet Ghost"},{"floor":9,"key":"Blue Doll"},{"floor":10,"key":"Whetstone"},{"floor":12,"key":"Odd Mushroom"},{"floor":13,"key":"Tiny Chest"},{"floor":20,"key":"Ring of Hypnosis"},{"floor":23,"key":"Bronze Scales"},{"floor":26,"key":"Question Card"},{"floor":28,"key":"MealTicket"}],"event_choices":[{"damage_healed":0,"gold_gain":0,"cards_transformed":["Strike_P"],"player_choice":"Change","damage_taken":0,"max_hp_gain":0,"max_hp_loss":0,"event_name":"Living Wall","floor":4,"gold_loss":0,"cards_obtained":["FlyingSleeves"]},{"damage_healed":0,"gold_gain":0,"player_choice":"1 cards matched","damage_taken":0,"max_hp_gain":0,"max_hp_loss":0,"event_name":"Match and Keep!","floor":5,"gold_loss":0,"cards_obtained":["Dark Shackles"]},{"damage_healed":0,"gold_gain":0,"player_choice":"Fought Mushrooms","damage_taken":0,"max_hp_gain":0,"max_hp_loss":0,"event_name":"Mushrooms","floor":12,"gold_loss":0},{"damage_healed":0,"gold_gain":0,"player_choice":"Joined the Cult","damage_taken":6,"max_hp_gain":0,"max_hp_loss":0,"event_name":"Nest","floor":19,"gold_loss":0,"cards_obtained":["RitualDagger"]},{"damage_healed":0,"gold_gain":275,"player_choice":"Desecrate","damage_taken":0,"max_hp_gain":0,"max_hp_loss":0,"event_name":"Golden Shrine","floor":25,"gold_loss":0,"cards_obtained":["Regret"]}],"is_beta":false,"boss_relics":[{"not_picked":["Ectoplasm","Cursed Key"],"picked":"Philosopher\u0027s Stone"}],"items_purged_floors":[3],"is_endless":false,"potions_floor_spawned":[7,10,12,16,22,30],"killed_by":"Champ","ascension_level":1}}