{"host":"oigynbtg272c19pw","time":1609670922,"event":{"mods":["BaseMod","Colored Map","Minty Spire (QoL Compilation)","Relic Stats","StSLib"],"gold_per_floor":[109,109,121,141,141,141,141,152,175,207,165,193,220,235,235,235,235],"floor_reached":16,"playtime":544,"items_purged":[],"score":220,"play_id":"cb638845-5afc-48c8-974a-d3347d141f4b","local_time":"20210103114842","is_ascension_mode":true,"campfire_choices":[{"data":"Indignation","floor":6.0,"key":"SMITH"},{"floor":15,"key":"REST"}],"circlet_count":0,"master_deck":["AscendersBane","Strike_P","Strike_P","Strike_P","Defend_P","Defend_P","Defend_P+1","Defend_P","Eruption","Vigilance","BowlingBash+1","FollowUp","Indignation+1","Ragnarok","EmptyFist","FlurryOfBlows","Consecrate","Crescendo"],"relics":["PureWater","Bronze Scales","Akabeko","Strawberry","Blue Candle","Odd Mushroom"],"acts_visited":["Exordium"],"potions_floor_usage":[13,13,16],"damage_taken":[{"damage":3.0,"enemies":"Small Slimes","floor":1.0,"turns":5.0},{"damage":0.0,"enemies":"2 Louse","floor":3.0,"turns":3.0},{"damage":0.0,"enemies":"Cultist","floor":4.0,"turns":3.0},{"damage":0.0,"enemies":"3 Louse","floor":8.0,"turns":2.0},{"damage":17.0,"enemies":"Lagavulin","floor":10.0,"turns":5.0},{"damage":12,"enemies":"3 Sentries","floor":12,"turns":7},{"damage":6,"enemies":"The Mushroom Lair","floor":13,"turns":3},{"damage":0,"enemies":"Blue Slaver","floor":14,"turns":1},{"damage":30,"enemies":"The Guardian","floor":16,"turns":5}],"seed_played":"-59328623217375254","potions_obtained":[{"floor":3.0,"key":"StancePotion"},{"floor":4.0,"key":"Fire Potion"},{"floor":10.0,"key":"BlessingOfTheForge"},{"floor":12,"key":"StancePotion"},{"floor":14,"key":"Block Potion"}],"is_trial":false,"path_per_floor":["M","?","M","M","?","R","?","M","T","E","?","E","?","M","R","B"],"character_chosen":"WATCHER","items_purchased":[],"campfire_rested":1,"item_purchase_floors":[],"current_hp_per_floor":[58,38,38,38,43,43,36,36,36,26,26,14,8,8,32,2,2],"gold":235,"neow_bonus":"RANDOM_COMMON_RELIC","is_daily":false,"chose_seed":false,"campfire_upgraded":1,"win_rate":0.0,"timestamp":1609670922,"path_taken":["M","?","M","M","?","R","?","M","T","E","?","E","?","M","R","BOSS"],"items_purchased_type":[],"build_version":"2020-12-13","purchased_purges":0,"victory":false,"max_hp_per_floor":[68,68,68,68,73,73,73,73,73,80,80,80,80,80,80,80,80],"relic_stats":{"counters":[9,34],"Bronze Scales":[51],"Blue Candle":[0],"obtain_stats":[{"Bronze Scales":0,"Strawberry":10,"Blue Candle":12,"PureWater":0,"Odd Mushroom":13,"Akabeko":9},{"Bronze Scales":0,"Strawberry":5,"Blue Candle":6,"PureWater":0,"Odd Mushroom":7,"Akabeko":4},{"Bronze Scales":0,"Strawberry":18,"Blue Candle":25,"PureWater":0,"Odd Mushroom":28,"Akabeko":13}]},"card_choices":[{"not_picked":["ThirdEye","PathToVictory"],"picked":"BowlingBash","floor":1.0},{"not_picked":["MentalFortress","EmptyBody"],"picked":"FollowUp","floor":3.0},{"not_picked":["FlyingSleeves","Evaluate"],"picked":"Indignation","floor":4.0},{"not_picked":["FlyingSleeves","WaveOfTheHand"],"picked":"Ragnarok","floor":8.0},{"not_picked":["FollowUp","BowlingBash"],"picked":"EmptyFist","floor":10.0},{"not_picked":["CutThroughFate","Halt"],"picked":"FlurryOfBlows","floor":12},{"not_picked":["Prostrate","SashWhip"],"picked":"Consecrate","floor":13},{"not_picked":["JustLucky","EmptyFist"],"picked":"Crescendo","floor":14}],"player_experience":1335216,"relics_obtained":[{"floor":9.0,"key":"Akabeko"},{"floor":10.0,"key":"Strawberry"},{"floor":12,"key":"Blue Candle"},{"floor":13,"key":"Odd Mushroom"}],"event_choices":[{"damage_healed":0.0,"max_hp_gain":0.0,"max_hp_loss":0.0,"gold_gain":0.0,"event_name":"Shining Light","player_choice":"Entered Light","floor":2.0,"gold_loss":0.0,"damage_taken":20.0,"cards_upgraded":["Defend_P","BowlingBash"]},{"damage_healed":0.0,"max_hp_gain":5.0,"max_hp_loss":0.0,"gold_gain":0.0,"event_name":"Big Fish","player_choice":"Donut","floor":5.0,"gold_loss":0.0,"damage_taken":0.0},{"cards_removed":["Strike_P"],"damage_healed":0.0,"max_hp_gain":0.0,"max_hp_loss":0.0,"gold_gain":0.0,"event_name":"Golden Wing","player_choice":"Card Removal","floor":7.0,"gold_loss":0.0,"damage_taken":7.0},{"damage_healed":0.0,"max_hp_gain":0.0,"max_hp_loss":0.0,"gold_gain":0.0,"event_name":"World of Goop","player_choice":"Left Gold","floor":11.0,"gold_loss":42.0,"damage_taken":0.0},{"damage_healed":0,"gold_gain":0,"player_choice":"Fought Mushrooms","damage_taken":0,"max_hp_gain":0,"max_hp_loss":0,"event_name":"Mushrooms","floor":13,"gold_loss":0}],"is_beta":false,"boss_relics":[],"items_purged_floors":[],"is_endless":false,"potions_floor_spawned":[3,4,10,12,14],"killed_by":"The Guardian","ascension_level":20}}