{"host":"7rmsgc3rayi00cdt","time":1609699070,"event":{"mods":["BaseMod","Minty Spire (QoL Compilation)"],"gold_per_floor":[110,110,130,130,143,143,177,245,245,280,280,307,319,333,333,407,407,421,211,228,242,242,242,254,254,279,293,326,326,72,82,82,153,153,169,169,181,18,30,30,55,55,55,55,82,95,115,125,125,125],"floor_reached":51,"playtime":3551,"items_purged":[],"score":1491,"play_id":"f0ad2221-ccbf-4645-9ef4-27de2df9917d","local_time":"20210103183750","is_ascension_mode":true,"campfire_choices":[{"data":"Neutralize","floor":6,"key":"SMITH"},{"floor":11,"key":"REST"},{"floor":15,"key":"REST"},{"floor":23,"key":"REST"},{"floor":25,"key":"REST"},{"floor":29,"key":"REST"},{"floor":32,"key":"REST"},{"floor":40,"key":"REST"},{"floor":44,"key":"REST"},{"floor":49,"key":"REST"}],"circlet_count":0,"master_deck":["AscendersBane","Strike_G","Strike_G","Defend_G","Defend_G","Defend_G","Defend_G","Defend_G","Survivor","Neutralize+1","Acrobatics","Distraction","Dagger Throw","Underhanded Strike","After Image+1","Cloak And Dagger+1","Dodge and Roll+1","Tactician+1","Envenom","Noxious Fumes","Apotheosis+1","Blade Dance+1","Expertise+1","Acrobatics+1","Backflip+1","Phantasmal Killer+1","Heel Hook","Prepared+1","Glass Knife","CurseOfTheBell","Prepared+1","Noxious Fumes+1","Escape Plan+1","Sucker Punch+1","All Out Attack","Cloak And Dagger+1","Masterful Stab+1","Deadly Poison+1"],"relics":["Ring of the Snake","Boot","Toxic Egg 2","Meat on the Bone","MealTicket","Lantern","Fusion Hammer","Anchor","Oddly Smooth Stone","Bag of Preparation","Calling Bell","Regal Pillow","Frozen Egg 2","Tingsha","Toy Ornithopter","Nunchaku","Mercury Hourglass","Ancient Tea Set"],"acts_visited":["Exordium","TheCity","TheBeyond"],"potions_floor_usage":[7,7,10,16,18,28,28,33,47,48,48,50],"damage_taken":[{"damage":4,"enemies":"Small Slimes","floor":1,"turns":3},{"damage":6,"enemies":"Cultist","floor":3,"turns":6},{"damage":0,"enemies":"Jaw Worm","floor":5,"turns":5},{"damage":3,"enemies":"Gremlin Nob","floor":7,"turns":3},{"damage":34,"enemies":"3 Sentries","floor":10,"turns":19},{"damage":5,"enemies":"Exordium Wildlife","floor":13,"turns":6},{"damage":0,"enemies":"Exordium Thugs","floor":14,"turns":5},{"damage":42,"enemies":"The Guardian","floor":16,"turns":22},{"damage":8,"enemies":"3 Byrds","floor":18,"turns":9},{"damage":12,"enemies":"Spheric Guardian","floor":20,"turns":6},{"damage":7,"enemies":"Centurion and Healer","floor":21,"turns":7},{"damage":6,"enemies":"Sentry and Sphere","floor":24,"turns":6},{"damage":19,"enemies":"Chosen and Byrds","floor":27,"turns":6},{"damage":28,"enemies":"Gremlin Leader","floor":28,"turns":7},{"damage":12,"enemies":"Cultist and Chosen","floor":31,"turns":6},{"damage":20,"enemies":"Collector","floor":33,"turns":9},{"damage":30,"enemies":"3 Darklings","floor":35,"turns":5},{"damage":0,"enemies":"3 Shapes","floor":37,"turns":5},{"damage":0,"enemies":"Sphere and 2 Shapes","floor":39,"turns":3},{"damage":0,"enemies":"Nemesis","floor":41,"turns":7},{"damage":11,"enemies":"Reptomancer","floor":45,"turns":6},{"damage":0,"enemies":"Spire Growth","floor":46,"turns":4},{"damage":8,"enemies":"Writhing Mass","floor":47,"turns":7},{"damage":25,"enemies":"Jaw Worm Horde","floor":48,"turns":3},{"damage":55,"enemies":"Awakened One","floor":50,"turns":17}],"seed_played":"3473590523720410804","potions_obtained":[{"floor":1,"key":"PowerPotion"},{"floor":5,"key":"SkillPotion"},{"floor":7,"key":"SkillPotion"},{"floor":14,"key":"Weak Potion"},{"floor":16,"key":"ColorlessPotion"},{"floor":24,"key":"Fire Potion"},{"floor":27,"key":"LiquidMemories"},{"floor":31,"key":"SpeedPotion"},{"floor":35,"key":"GamblersBrew"},{"floor":39,"key":"Explosive Potion"},{"floor":46,"key":"Explosive Potion"},{"floor":47,"key":"AttackPotion"},{"floor":48,"key":"CunningPotion"}],"is_trial":false,"path_per_floor":["M","?","M","$","M","R","E","?","T","E","R","T","M","M","R","B",null,"M","$","M","M","?","R","M","R","T","M","E","R","$","M","R","B",null,"M","?","M","$","M","R","E","?","T","R","E","M","M","M","R","B",null],"character_chosen":"THE_SILENT","items_purchased":["Apotheosis+1","Bag of Preparation","Heel Hook","Toy Ornithopter"],"campfire_rested":9,"item_purchase_floors":[19,30,30,38],"current_hp_per_floor":[55,55,49,49,49,49,46,46,46,24,43,43,38,38,57,27,56,48,63,51,44,44,63,57,66,66,47,31,50,65,53,66,46,61,43,43,43,58,58,66,66,66,66,66,55,55,52,37,66,28],"gold":125,"neow_bonus":"RANDOM_COMMON_RELIC","is_daily":false,"chose_seed":false,"campfire_upgraded":1,"win_rate":0.0,"timestamp":1609699070,"path_taken":["M","?","M","?","?","R","E","?","T","E","R","?","M","?","R","BOSS","M","$","M","M","?","R","M","R","T","M","E","R","$","M","R","BOSS","M","?","M","?","M","R","E","?","T","R","E","M","M","M","R","BOSS"],"items_purchased_type":["Card","Relic","Card","Relic"],"build_version":"2020-12-22","purchased_purges":0,"victory":true,"max_hp_per_floor":[66,66,66,66,66,66,66,66,66,66,66,66,66,66,66,66,66,66,66,66,66,66,66,66,66,66,66,66,66,66,66,66,66,66,66,66,66,66,66,66,66,66,66,66,66,66,66,66,66,66],"card_choices":[{"not_picked":["Riddle With Holes","PiercingWail"],"picked":"Acrobatics","floor":1},{"not_picked":["Acrobatics","Expertise"],"picked":"Dagger Throw","floor":3},{"not_picked":["Backflip","Choke"],"picked":"Underhanded Strike","floor":5},{"not_picked":["Outmaneuver+1","Dash"],"picked":"After Image","floor":7},{"not_picked":["Deflect+1","Setup+1"],"picked":"Cloak And Dagger+1","floor":10},{"not_picked":["Flying Knee","Slice"],"picked":"Dodge and Roll+1","floor":13},{"not_picked":["Noxious Fumes","Deadly Poison+1"],"picked":"Tactician+1","floor":14},{"not_picked":["Phantasmal Killer+1","After Image"],"picked":"Envenom","floor":16},{"not_picked":["Caltrops","Dodge and Roll+1"],"picked":"Noxious Fumes","floor":18},{"not_picked":["Underhanded Strike","Flying Knee"],"picked":"Blade Dance+1","floor":20},{"not_picked":["Reflex+1","Escape Plan+1"],"picked":"Expertise+1","floor":21},{"not_picked":["Quick Slash","Deadly Poison+1"],"picked":"Acrobatics+1","floor":24},{"not_picked":["Expertise+1","Deadly Poison+1"],"picked":"Backflip+1","floor":27},{"not_picked":["Predator+1","Endless Agony"],"picked":"Phantasmal Killer+1","floor":28},{"not_picked":["Calculated Gamble+1","Sucker Punch"],"picked":"Prepared+1","floor":31},{"not_picked":["Night Terror+1","Burst+1"],"picked":"Glass Knife","floor":33},{"not_picked":["Underhanded Strike+1","Cloak And Dagger+1"],"picked":"Prepared+1","floor":35},{"not_picked":["Infinite Blades+1","Outmaneuver+1","Deadly Poison+1"],"picked":"SKIP","floor":37},{"not_picked":["Flying Knee+1","Sucker Punch"],"picked":"Escape Plan+1","floor":39},{"not_picked":["Dagger Spray","Dodge and Roll+1"],"picked":"Sucker Punch+1","floor":41},{"not_picked":["Outmaneuver+1","Skewer"],"picked":"All Out Attack","floor":45},{"not_picked":["Poisoned Stab","Sucker Punch"],"picked":"Cloak And Dagger+1","floor":46},{"not_picked":["Dagger Spray","Footwork+1"],"picked":"Masterful Stab+1","floor":47},{"not_picked":["Predator","PiercingWail+1"],"picked":"Deadly Poison+1","floor":48}],"player_experience":746039,"relics_obtained":[{"floor":7,"key":"Toxic Egg 2"},{"floor":9,"key":"Meat on the Bone"},{"floor":10,"key":"MealTicket"},{"floor":12,"key":"Lantern"},{"floor":26,"key":"Anchor"},{"floor":28,"key":"Oddly Smooth Stone"},{"floor":34,"key":"Regal Pillow"},{"floor":34,"key":"Frozen Egg 2"},{"floor":34,"key":"Tingsha"},{"floor":41,"key":"Nunchaku"},{"floor":43,"key":"Mercury Hourglass"},{"floor":45,"key":"Ancient Tea Set"}],"event_choices":[{"damage_healed":0,"gold_gain":0,"cards_transformed":["Strike_G"],"player_choice":"Transformed","damage_taken":0,"max_hp_gain":0,"max_hp_loss":0,"event_name":"Transmorgrifier","floor":2,"gold_loss":0,"cards_obtained":["Distraction"]},{"damage_healed":0,"gold_gain":68,"player_choice":"Gained Gold","damage_taken":0,"max_hp_gain":0,"max_hp_loss":0,"event_name":"Golden Wing","floor":8,"gold_loss":0},{"damage_healed":0,"gold_gain":0,"player_choice":"Forge","damage_taken":0,"max_hp_gain":0,"max_hp_loss":0,"event_name":"Accursed Blacksmith","floor":22,"gold_loss":0,"cards_upgraded":["After Image"]},{"damage_healed":0,"gold_gain":0,"cards_transformed":["Strike_G"],"player_choice":"Transformed","damage_taken":0,"max_hp_gain":0,"max_hp_loss":0,"event_name":"Transmorgrifier","floor":36,"gold_loss":0,"cards_obtained":["Noxious Fumes"]},{"cards_removed":["Strike_G"],"damage_healed":0,"gold_gain":0,"player_choice":"Removed Attack","damage_taken":0,"max_hp_gain":0,"max_hp_loss":0,"event_name":"Falling","floor":42,"gold_loss":0}],"is_beta":false,"boss_relics":[{"not_picked":["Runic Dome","Empty Cage"],"picked":"Fusion Hammer"},{"not_picked":["SacredBark","Busted Crown"],"picked":"Calling Bell"}],"items_purged_floors":[],"is_endless":false,"potions_floor_spawned":[1,5,7,14,16,24,27,31,35,39,46,47,48],"ascension_level":19}}