{"host":"3zqlgdr138v4qupe","time":1609663063,"event":{"mods":["BaseMod","Hermit","Minty Spire (QoL Compilation)","StSLib","The Cursed","The Poker Player"],"gold_per_floor":[117,129,204,204,17,17,57,57,57,57,57,57,19,38,38,162,162,187,208,4,27,46,46,69,124,124,124,164,189,189,203,203,331,331,344,358,358,383,260,0,13,13,13,13,74,89,89,107,107,107],"floor_reached":51,"playtime":2061,"items_purged":["Strike_B","Defend_B"],"score":667,"play_id":"c2db400f-dcd6-4cff-852f-245b2f141cfc","local_time":"20210103173743","is_ascension_mode":false,"campfire_choices":[{"data":"Chaos","floor":6,"key":"SMITH"},{"data":"Redo","floor":8,"key":"SMITH"},{"data":"Dualcast","floor":10,"key":"SMITH"},{"data":"Defragment","floor":12,"key":"SMITH"},{"data":"Zap","floor":15,"key":"SMITH"},{"data":"Electrodynamics","floor":23,"key":"SMITH"},{"data":"Capacitor","floor":27,"key":"SMITH"},{"data":"Defragment","floor":30,"key":"SMITH"},{"data":"Multi-Cast","floor":32,"key":"SMITH"},{"data":"Rainbow","floor":42,"key":"SMITH"},{"data":"Chaos","floor":44,"key":"SMITH"},{"data":"Darkness","floor":47,"key":"SMITH"},{"data":"PanicButton","floor":49,"key":"SMITH"}],"circlet_count":0,"master_deck":["Strike_B","Defend_B","Defend_B","Zap+1","Dualcast+1","Chaos+1","Ball Lightning","Defragment+1","Redo+1","Sweeping Beam","Electrodynamics+1","Stack+1","Glacier+1","Amplify+1","Self Repair+1","Capacitor+1","Darkness+1","BootSequence","Multi-Cast+1","Defragment+1","Chaos+1","Rainbow+1","Defragment+1","PanicButton+1","Good Instincts","Swift Strike"],"relics":["Cracked Core","NeowsBlessing","Golden Idol","Membership Card","Meat on the Bone","Unceasing Top","Bag of Marbles","Astrolabe","CaptainsWheel","Ancient Tea Set","White Beast Statue","Torii","Busted Crown","Happy Flower","Red Mask","Toy Ornithopter","FossilizedHelix"],"acts_visited":["Exordium","TheCity","TheBeyond"],"potions_floor_usage":[21,21,33,36,38,41,45,48,50,50,50],"damage_taken":[{"damage":0,"enemies":"Small Slimes","floor":1,"turns":1},{"damage":0,"enemies":"2 Louse","floor":2,"turns":1},{"damage":9,"enemies":"3 Sentries","floor":7,"turns":2},{"damage":11,"enemies":"Jaw Worm","floor":14,"turns":2},{"damage":20,"enemies":"Hexaghost","floor":16,"turns":8},{"damage":10,"enemies":"Chosen","floor":18,"turns":2},{"damage":1,"enemies":"Spheric Guardian","floor":19,"turns":3},{"damage":8,"enemies":"Centurion and Healer","floor":21,"turns":4},{"damage":29,"enemies":"Shelled Parasite and Fungi","floor":22,"turns":4},{"damage":4,"enemies":"Snake Plant","floor":24,"turns":3},{"damage":10,"enemies":"Slavers","floor":28,"turns":4},{"damage":18,"enemies":"Centurion and Healer","floor":29,"turns":5},{"damage":16,"enemies":"Chosen and Byrds","floor":31,"turns":5},{"damage":32,"enemies":"Collector","floor":33,"turns":7},{"damage":10,"enemies":"3 Shapes","floor":35,"turns":3},{"damage":1,"enemies":"3 Darklings","floor":36,"turns":2},{"damage":0,"enemies":"4 Shapes","floor":38,"turns":3},{"damage":8,"enemies":"Jaw Worm Horde","floor":41,"turns":5},{"damage":0,"enemies":"2 Orb Walkers","floor":45,"turns":3},{"damage":0,"enemies":"3 Darklings","floor":46,"turns":4},{"damage":0,"enemies":"4 Shapes","floor":48,"turns":4},{"damage":14,"enemies":"Time Eater","floor":50,"turns":8}],"seed_played":"4187908981995071544","potions_obtained":[{"floor":14,"key":"DuplicationPotion"},{"floor":16,"key":"SkillPotion"},{"floor":24,"key":"EssenceOfDarkness"},{"floor":28,"key":"CultistPotion"},{"floor":29,"key":"SpeedPotion"},{"floor":31,"key":"PowerPotion"},{"floor":33,"key":"EssenceOfSteel"},{"floor":35,"key":"SkillPotion"},{"floor":36,"key":"SpeedPotion"},{"floor":38,"key":"SteroidPotion"},{"floor":41,"key":"SteroidPotion"},{"floor":45,"key":"PowerPotion"},{"floor":48,"key":"FocusPotion"}],"is_trial":false,"path_per_floor":["M","M","?","?","$","R","E","R","T","R","?","R","$","M","R","B",null,"M","M","$","M","M","R","M","T","T","R","E","M","R","M","R","B",null,"M","M","?","M","$","?","M","R","T","R","?","M","R","M","R","B",null],"character_chosen":"DEFECT","items_purchased":["Membership Card","Defragment","Capacitor","CaptainsWheel","Darkness","Happy Flower"],"campfire_rested":0,"item_purchase_floors":[5,5,20,20,20,39],"current_hp_per_floor":[75,75,64,46,46,46,37,37,37,37,30,30,30,31,31,23,75,65,74,74,75,56,56,52,52,52,52,52,56,56,60,60,50,75,65,64,54,74,74,74,75,75,75,75,75,75,75,75,75,75],"gold":107,"neow_bonus":"THREE_ENEMY_KILL","is_daily":false,"chose_seed":false,"campfire_upgraded":13,"win_rate":0.0,"timestamp":1609663063,"path_taken":["M","M","?","?","$","R","E","R","T","R","?","R","?","M","R","BOSS","M","M","$","?","M","R","M","?","T","R","E","M","R","M","R","BOSS","M","M","?","M","$","?","M","R","T","R","?","M","R","M","R","BOSS"],"items_purchased_type":["Relic","Card","Card","Relic","Card","Relic"],"build_version":"2020-12-22","purchased_purges":2,"victory":true,"max_hp_per_floor":[75,75,75,75,75,75,75,75,75,75,75,75,75,75,75,75,75,75,75,75,75,75,75,75,75,75,75,75,75,75,75,75,75,75,75,75,75,75,75,75,75,75,75,75,75,75,75,75,75,75],"card_choices":[{"not_picked":["Beam Cell","Sweeping Beam"],"picked":"Chaos","floor":1},{"not_picked":["Sweeping Beam","Conserve Battery"],"picked":"Ball Lightning","floor":2},{"not_picked":["Coolheaded","Stack"],"picked":"Redo","floor":7},{"not_picked":["Reboot","Steam"],"picked":"Sweeping Beam","floor":14},{"not_picked":["Reboot","Buffer"],"picked":"Electrodynamics","floor":16},{"not_picked":["Skim","FTL"],"picked":"Self Repair+1","floor":18},{"not_picked":["Stack","Cold Snap+1","Leap"],"picked":"SKIP","floor":19},{"not_picked":["Beam Cell","Fusion","Cold Snap+1"],"picked":"SKIP","floor":21},{"not_picked":["Hologram","Streamline+1"],"picked":"BootSequence","floor":22},{"not_picked":["Beam Cell+1","Conserve Battery"],"picked":"Multi-Cast","floor":24},{"not_picked":["Coolheaded+1","Steam Power","FTL"],"picked":"SKIP","floor":28},{"not_picked":["Leap","Cold Snap+1"],"picked":"Defragment","floor":29},{"not_picked":["Reinforced Body","Hologram"],"picked":"Chaos","floor":31},{"not_picked":["Amplify","Machine Learning"],"picked":"Rainbow","floor":33},{"not_picked":["Conserve Battery"],"picked":"SKIP","floor":35},{"not_picked":[],"picked":"Defragment+1","floor":36},{"not_picked":[],"picked":"PanicButton","floor":37},{"not_picked":[],"picked":"Good Instincts","floor":37},{"not_picked":[],"picked":"Swift Strike","floor":37},{"not_picked":["Steam+1"],"picked":"SKIP","floor":38},{"not_picked":["Streamline"],"picked":"SKIP","floor":41},{"not_picked":["Stack+1"],"picked":"SKIP","floor":46},{"not_picked":["Stack"],"picked":"SKIP","floor":48}],"player_experience":13617,"relics_obtained":[{"floor":7,"key":"Meat on the Bone"},{"floor":9,"key":"Unceasing Top"},{"floor":25,"key":"Ancient Tea Set"},{"floor":26,"key":"White Beast Statue"},{"floor":28,"key":"Torii"},{"floor":43,"key":"Toy Ornithopter"},{"floor":45,"key":"FossilizedHelix"}],"event_choices":[{"damage_healed":0,"gold_gain":75,"player_choice":"Gather Gold","damage_taken":11,"max_hp_gain":0,"max_hp_loss":0,"event_name":"World of Goop","floor":3,"gold_loss":0},{"damage_healed":0,"gold_gain":0,"player_choice":"Take Damage","damage_taken":18,"relics_obtained":["Golden Idol"],"max_hp_gain":0,"max_hp_loss":0,"event_name":"Golden Idol","floor":4,"gold_loss":0},{"damage_healed":0,"gold_gain":0,"player_choice":"Success","damage_taken":7,"relics_obtained":["Bag of Marbles"],"max_hp_gain":0,"max_hp_loss":0,"event_name":"Scrap Ooze","floor":11,"gold_loss":0},{"damage_healed":0,"gold_gain":0,"player_choice":"Memory 3","damage_taken":10,"max_hp_gain":0,"max_hp_loss":0,"event_name":"SensoryStone","floor":37,"gold_loss":0},{"damage_healed":0,"gold_gain":0,"player_choice":"Paid","damage_taken":0,"relics_obtained":["Red Mask"],"max_hp_gain":0,"max_hp_loss":0,"event_name":"Tomb of Lord Red Mask","floor":40,"gold_loss":260},{"damage_healed":0,"gold_gain":0,"player_choice":"Fight","damage_taken":0,"max_hp_gain":0,"max_hp_loss":0,"event_name":"Mysterious Sphere","floor":45,"gold_loss":0}],"is_beta":false,"boss_relics":[{"not_picked":["Cursed Key","Velvet Choker"],"picked":"Astrolabe"},{"not_picked":["Philosopher\u0027s Stone","Tiny House"],"picked":"Busted Crown"}],"items_purged_floors":[13,39],"is_endless":false,"potions_floor_spawned":[14,16,24,28,29,31,33,35,36,38,41,45,46,48],"ascension_level":0}}