{"host":"kn32u0f2pym5bozc","time":1609667856,"event":{"mods":["2.2 Compatiblity","BaseMod","Better Third Choice","Minty Spire (QoL Compilation)","Permanent Neow","Relic Stats","StSLib","The Animator"],"gold_per_floor":[13,25,51,83,103,103,68,68,68,68,86,86,156,183,183,260,260,279,263,277,277,7,33,33,68,68,68,118,118,138,168,168,241,241,258,258,274,274,27,27,53,53,53,68,103,0,0,23,23,27],"floor_reached":51,"playtime":3466,"items_purged":["Writhe"],"score":1342,"play_id":"bfb019e0-68b0-48f1-8e6e-ccdb07f9ff55","local_time":"20210103045736","is_ascension_mode":true,"campfire_choices":[{"floor":6.0,"key":"REST"},{"data":"animator:Spearman","floor":8.0,"key":"SMITH"},{"data":"animator:Berserker","floor":12.0,"key":"SMITH"},{"data":"animator:DwarfShaman","floor":15.0,"key":"SMITH"},{"floor":24.0,"key":"REST"},{"data":"animator:Sloth","floor":27.0,"key":"SMITH"},{"data":"animator:HiiragiShinya","floor":29.0,"key":"SMITH"},{"data":"animator:Lelouch","floor":32.0,"key":"SMITH"},{"floor":40.0,"key":"REST"},{"data":"animator:Mikaela","floor":42.0,"key":"SMITH"},{"data":"animator:Shinoa","floor":47.0,"key":"SMITH"},{"data":"animator:GuildGirl","floor":49.0,"key":"SMITH"}],"circlet_count":0,"master_deck":["AscendersBane","animator:Strike_GoblinSlayer","animator:Defend_GoblinSlayer","animator:Strike","animator:Strike","animator:Strike","animator:Defend","animator:Defend","animator:Defend","animator:LizardPriest","animator:DwarfShaman+1","animator:FeridBathory","animator:Shigure","animator:Aqua","animator:Shuna","animator:Spearman+1","animator:Berserker+1","animator:Mikaela+1","animator:Elesis","animator:Yuuichirou","animator:Sloth+1","animator:RinTohsaka","animator:Lelouch+1","animator:HiiragiShinya+1","animator:Mitsuba+1","animator:IrohaTamaki","animator:CrowleyEusford","animator:Albedo+1","animator:PandorasActor","animator:TakanashiRikka","animator:Sebas","animator:HigakiRinne","animator:Shinoa+1","animator:Spearman","animator:Lancer","animator:Priestess+1","animator:GuildGirl+1"],"relics":["animator:LivingPicture","animator:TheMissingPiece","animator:PurgingStone","CaptainsWheel","Pantograph","Question Card","Velvet Choker","Akabeko","TungstenRod","Regal Pillow","Meat on the Bone","Centennial Puzzle","Mark of Pain","Vajra","Whetstone","Shuriken","Singing Bowl","Red Mask"],"acts_visited":["Exordium","TheCity","TheBeyond"],"potions_floor_usage":[50],"damage_taken":[{"damage":4.0,"enemies":"2 Louse","floor":1.0,"turns":4.0},{"damage":0.0,"enemies":"Small Slimes","floor":2.0,"turns":5.0},{"damage":2.0,"enemies":"Jaw Worm","floor":3.0,"turns":5.0},{"damage":13.0,"enemies":"Blue Slaver","floor":4.0,"turns":4.0},{"damage":18.0,"enemies":"3 Louse","floor":5.0,"turns":3.0},{"damage":6.0,"enemies":"Exordium Wildlife","floor":11.0,"turns":3.0},{"damage":14.0,"enemies":"Gremlin Nob","floor":14.0,"turns":4.0},{"damage":7.0,"enemies":"The Guardian","floor":16.0,"turns":9.0},{"damage":7.0,"enemies":"Shell Parasite","floor":18.0,"turns":4.0},{"damage":27.0,"enemies":"2 Thieves","floor":19.0,"turns":5.0},{"damage":13.0,"enemies":"Snake Plant","floor":20.0,"turns":3.0},{"damage":9.0,"enemies":"Gremlin Leader","floor":23.0,"turns":8.0},{"damage":3.0,"enemies":"animator:HornedBat","floor":25.0,"turns":8.0},{"damage":5.0,"enemies":"Centurion and Healer","floor":30.0,"turns":6.0},{"damage":30.0,"enemies":"Gremlin Leader","floor":31.0,"turns":9.0},{"damage":43.0,"enemies":"Collector","floor":33.0,"turns":11.0},{"damage":9.0,"enemies":"3 Shapes","floor":35.0,"turns":4.0},{"damage":9.0,"enemies":"Orb Walker","floor":37.0,"turns":2.0},{"damage":53.0,"enemies":"Nemesis","floor":41.0,"turns":7.0},{"damage":2.0,"enemies":"Sphere and 2 Shapes","floor":44.0,"turns":4.0},{"damage":0.0,"enemies":"Reptomancer","floor":45.0,"turns":6.0},{"damage":3.0,"enemies":"Transient","floor":48.0,"turns":5.0},{"damage":50,"enemies":"Time Eater","floor":50,"turns":13}],"seed_played":"604833853037694767","potions_obtained":[{"floor":1.0,"key":"Strength Potion"},{"floor":11.0,"key":"EssenceOfSteel"},{"floor":14.0,"key":"PowerPotion"},{"floor":18.0,"key":"SmokeBomb"},{"floor":19.0,"key":"Weak Potion"},{"floor":23.0,"key":"CultistPotion"},{"floor":37.0,"key":"Fire Potion"},{"floor":45.0,"key":"Weak Potion"}],"is_trial":false,"path_per_floor":["M","M","M","M","M","R","?","R","T","?","M","R","T","E","R","B",null,"M","M","M","?","$","E","R","E","T","R","?","R","M","E","R","B",null,"M","?","M","?","$","R","E","R","T","M","E","?","R","M","R","B",null],"character_chosen":"THE_ANIMATOR","items_purchased":["animator:Lelouch","animator:Shinoa","Vajra","animator:Spearman"],"campfire_rested":3,"item_purchase_floors":[22,39,39,39],"current_hp_per_floor":[50,50,50,39,23,41,56,56,56,56,52,52,52,38,38,56,59,54,29,18,18,18,11,29,28,28,28,28,28,37,21,21,17,49,42,42,35,26,26,59,19,19,19,32,36,36,36,35,35,24],"gold":27,"neow_bonus":"THREE_RARE_CARDS","is_daily":false,"chose_seed":false,"campfire_upgraded":9,"win_rate":0.0,"timestamp":1609667856,"path_taken":["M","M","M","M","M","R","?","R","T","?","M","R","?","E","R","BOSS","M","M","M","?","$","E","R","E","T","R","?","R","M","E","R","BOSS","M","?","M","?","$","R","E","R","T","M","E","?","R","M","R","BOSS"],"items_purchased_type":["Card","Card","Relic","Card"],"build_version":"2020-12-22","purchased_purges":1,"victory":true,"max_hp_per_floor":[60,60,60,60,60,60,60,60,60,60,60,60,60,60,60,60,60,60,60,60,60,60,60,60,60,60,60,60,60,60,60,60,60,60,60,60,60,60,60,60,60,60,60,61,63,63,63,63,63,63],"relic_stats":{"Regal Pillow":15,"Centennial Puzzle":[21],"Singing Bowl":2,"counters":[23,128],"Shuriken":[6],"Pantograph":72,"Whetstone":["animator:Mitsuba","animator:Albedo"],"Question Card":40,"obtain_stats":[{"Regal Pillow":25,"Singing Bowl":45,"animator:TheMissingPiece":0,"Velvet Choker":17,"Vajra":39,"Whetstone":41,"Question Card":14,"Akabeko":21,"CaptainsWheel":9,"Centennial Puzzle":31,"animator:PurgingStone":0,"Shuriken":43,"Pantograph":13,"animator:LivingPicture":0,"Mark of Pain":34,"Red Mask":46,"TungstenRod":23,"Meat on the Bone":26},{"Regal Pillow":13,"Singing Bowl":21,"animator:TheMissingPiece":0,"Velvet Choker":8,"Vajra":18,"Whetstone":19,"Question Card":7,"Akabeko":11,"CaptainsWheel":5,"Centennial Puzzle":15,"animator:PurgingStone":0,"Shuriken":19,"Pantograph":6,"animator:LivingPicture":0,"Mark of Pain":16,"Red Mask":21,"TungstenRod":12,"Meat on the Bone":13},{"Regal Pillow":61,"Singing Bowl":110,"animator:TheMissingPiece":0,"Velvet Choker":33,"Vajra":93,"Whetstone":100,"Question Card":25,"Akabeko":45,"CaptainsWheel":18,"Centennial Puzzle":76,"animator:PurgingStone":0,"Shuriken":100,"Pantograph":21,"animator:LivingPicture":0,"Mark of Pain":87,"Red Mask":110,"TungstenRod":53,"Meat on the Bone":61}],"TungstenRod":35,"Meat on the Bone":72},"card_choices":[{"not_picked":["animator:HomuraAkemi","animator:Father"],"picked":"animator:FeridBathory","floor":0.0},{"not_picked":["animator:Aqua","animator:Shion"],"picked":"animator:Shigure","floor":1.0},{"not_picked":["animator:Ain","animator:YuiTsuruno"],"picked":"animator:Aqua","floor":2.0},{"not_picked":["animator:CowGirl","animator:Guy"],"picked":"animator:Shuna","floor":3.0},{"not_picked":["animator:LizardPriest","animator:HighElfArcher"],"picked":"animator:Spearman","floor":4.0},{"not_picked":["animator:Ain","animator:MaesHughes","animator:AcuraAkari"],"picked":"SKIP","floor":5.0},{"not_picked":["animator:LizardPriest","animator:Caster"],"picked":"animator:Berserker","floor":11.0},{"not_picked":["animator:Greed","animator:Demiurge"],"picked":"animator:Mikaela","floor":14.0},{"not_picked":["animator:SwordMaiden","animator:Hans","animator:AcuraShin"],"picked":"animator:Elesis","floor":16.0},{"not_picked":["animator:Shigure","animator:Shinoa","animator:KrulTepes"],"picked":"animator:Yuuichirou","floor":18.0},{"not_picked":["animator:Benimaru","animator:Illya","animator:Greed"],"picked":"animator:Sloth","floor":19.0},{"not_picked":["animator:DolaStephanie","animator:Shuna","animator:Demiurge"],"picked":"animator:RinTohsaka","floor":20.0},{"not_picked":["animator:Shion","animator:Tet","animator:Yuuichirou"],"picked":"animator:HiiragiShinya","floor":23.0},{"not_picked":["animator:Yoichi","animator:CrowleyEusford","animator:Mikaela"],"picked":"animator:Mitsuba","floor":25.0},{"not_picked":["animator:Benimaru","animator:Vanir","animator:DolaCouronne"],"picked":"animator:IrohaTamaki","floor":30.0},{"not_picked":["animator:Hakurou","animator:NagisaMomoe","animator:IrohaTamaki"],"picked":"animator:CrowleyEusford","floor":31.0},{"not_picked":["animator:Greed","animator:Wiz","animator:Shiro"],"picked":"animator:Albedo","floor":33.0},{"not_picked":["animator:Souei+1","animator:Archer","animator:FielNirvalen"],"picked":"animator:PandorasActor","floor":35.0},{"not_picked":["animator:Kagari","animator:QuestionMark","animator:HarukoHaruhara"],"picked":"animator:TakanashiRikka","floor":36.0},{"not_picked":["animator:PandorasActor","animator:NarberalGamma","animator:Demiurge"],"picked":"animator:Sebas","floor":37.0},{"not_picked":["animator:IzunaHatsuse","animator:Ara","animator:Verdia"],"picked":"animator:Lancer","floor":41.0},{"not_picked":["animator:DolaCouronne+1","animator:Mitsurugi","animator:ChaikaBohdan"],"picked":"animator:Priestess+1","floor":44.0},{"not_picked":["animator:IzunaHatsuse","animator:Demiurge","animator:Raven","animator:Yuuichirou"],"picked":"Singing Bowl","floor":45.0},{"not_picked":["animator:Priestess","animator:CowGirl","animator:Witch"],"picked":"animator:GuildGirl","floor":48.0}],"player_experience":793371,"relics_obtained":[{"floor":9.0,"key":"CaptainsWheel"},{"floor":13.0,"key":"Pantograph"},{"floor":14.0,"key":"Question Card"},{"floor":23.0,"key":"TungstenRod"},{"floor":25.0,"key":"Regal Pillow"},{"floor":26.0,"key":"Meat on the Bone"},{"floor":31.0,"key":"Centennial Puzzle"},{"floor":41.0,"key":"Whetstone"},{"floor":43.0,"key":"Shuriken"},{"floor":45.0,"key":"Singing Bowl"}],"event_choices":[{"damage_healed":15.0,"max_hp_gain":0.0,"max_hp_loss":0.0,"gold_gain":0.0,"event_name":"The Cleric","player_choice":"Healed","floor":7.0,"gold_loss":35.0,"damage_taken":0.0},{"damage_healed":0.0,"max_hp_gain":0.0,"max_hp_loss":0.0,"gold_gain":0.0,"event_name":"The Mausoleum","player_choice":"Opened","floor":21.0,"gold_loss":0.0,"damage_taken":0.0,"relics_obtained":["Akabeko"],"cards_obtained":["Writhe"]},{"damage_healed":0.0,"max_hp_gain":0.0,"max_hp_loss":0.0,"gold_gain":50.0,"event_name":"betterThird:BetterNest","player_choice":"Steal","floor":28.0,"gold_loss":0.0,"damage_taken":0.0},{"damage_healed":0.0,"max_hp_gain":0.0,"max_hp_loss":0.0,"gold_gain":0.0,"event_name":"SensoryStone","player_choice":"Memory 1","floor":36.0,"gold_loss":0.0,"damage_taken":0.0},{"damage_healed":0.0,"max_hp_gain":0.0,"max_hp_loss":0.0,"gold_gain":0.0,"event_name":"Winding Halls","player_choice":"Embrace Madness","floor":38.0,"gold_loss":0.0,"damage_taken":10.0,"cards_obtained":["animator:HigakiRinne"]},{"damage_healed":0.0,"max_hp_gain":0.0,"max_hp_loss":0.0,"gold_gain":0.0,"event_name":"Tomb of Lord Red Mask","player_choice":"Paid","floor":46.0,"gold_loss":103.0,"damage_taken":0.0,"relics_obtained":["Red Mask"]}],"is_beta":false,"boss_relics":[{"not_picked":["Cursed Key","Fusion Hammer"],"picked":"Velvet Choker"},{"not_picked":["Philosopher\u0027s Stone","Pandora\u0027s Box"],"picked":"Mark of Pain"}],"items_purged_floors":[22],"is_endless":false,"potions_floor_spawned":[1,11,14,18,19,23,37,45,48],"ascension_level":15}}