{"host":"y1gy3vaohdji07z5","time":1609634009,"event":{"mods":["AchievementEnabler","BaseMod","Colored Map","Colored Powertips","Hermit","Minty Spire (QoL Compilation)","Random Character Button","Rare Cards Sparkle","StSLib"],"gold_per_floor":[109,125,30,42,42,42,58,114,114,114,128,128,128,145,145,245,245,264,281,299,310,92,103,136,136,136,1,19,19,37,54,54,159,159,178,196,212,62,79,79,104,104,104,119,119,146,21,41,41,41],"floor_reached":51,"playtime":3122,"items_purged":["Defend_R","Defend_R","Defend_R"],"score":901,"play_id":"b3cc72a7-718b-4e06-9066-0175ff4aa9d7","local_time":"20210103013329","is_ascension_mode":true,"campfire_choices":[{"data":"Sever Soul","floor":6,"key":"SMITH"},{"data":"Iron Wave","floor":10,"key":"SMITH"},{"floor":12,"key":"REST"},{"data":"Thunderclap","floor":15,"key":"SMITH"},{"data":"Iron Wave","floor":25,"key":"SMITH"},{"data":"Iron Wave","floor":29,"key":"SMITH"},{"data":"Sadistic Nature","floor":32,"key":"SMITH"},{"floor":40,"key":"REST"},{"floor":49,"key":"REST"}],"circlet_count":0,"master_deck":["Strike_R","Strike_R","Strike_R","Strike_R","Strike_R","Defend_R+1","Bash","Sadistic Nature+1","Sever Soul+1","Flash of Steel+1","Thunderclap+1","Iron Wave+1","Dropkick","Clothesline+1","Clothesline","Iron Wave+1","Thunderclap+1","Dropkick","Iron Wave+1","Pommel Strike+1","Feed","Dropkick+1","Iron Wave","Thunderclap+1","Madness","Madness","Pommel Strike+1","Dropkick+1"],"relics":["Black Blood","Ornamental Fan","Lantern","Mercury Hourglass","HandDrill","Centennial Puzzle","Mango","Fusion Hammer","DollysMirror","Strawberry","Kunai","FossilizedHelix"],"acts_visited":["Exordium","TheCity","TheBeyond"],"potions_floor_usage":[16,21,24,41,44,44,44,50],"damage_taken":[{"damage":6,"enemies":"Cultist","floor":1,"turns":3},{"damage":7,"enemies":"Jaw Worm","floor":2,"turns":3},{"damage":2,"enemies":"2 Louse","floor":4,"turns":2},{"damage":5,"enemies":"Large Slime","floor":7,"turns":5},{"damage":27,"enemies":"Gremlin Nob","floor":8,"turns":4},{"damage":2,"enemies":"3 Louse","floor":11,"turns":2},{"damage":1,"enemies":"Exordium Wildlife","floor":14,"turns":2},{"damage":19,"enemies":"Hexaghost","floor":16,"turns":8},{"damage":10,"enemies":"2 Thieves","floor":18,"turns":4},{"damage":11,"enemies":"3 Byrds","floor":19,"turns":4},{"damage":20,"enemies":"3 Cultists","floor":20,"turns":5},{"damage":6,"enemies":"Cultist and Chosen","floor":21,"turns":4},{"damage":9,"enemies":"Snake Plant","floor":23,"turns":3},{"damage":52,"enemies":"Book of Stabbing","floor":24,"turns":7},{"damage":4,"enemies":"Shelled Parasite and Fungi","floor":28,"turns":3},{"damage":5,"enemies":"3 Cultists","floor":30,"turns":3},{"damage":8,"enemies":"Cultist and Chosen","floor":31,"turns":4},{"damage":63,"enemies":"Automaton","floor":33,"turns":10},{"damage":7,"enemies":"3 Darklings","floor":35,"turns":3},{"damage":0,"enemies":"Orb Walker","floor":36,"turns":2},{"damage":19,"enemies":"Maw","floor":37,"turns":6},{"damage":24,"enemies":"Spire Growth","floor":39,"turns":3},{"damage":28,"enemies":"Nemesis","floor":41,"turns":7},{"damage":6,"enemies":"Jaw Worm Horde","floor":44,"turns":1},{"damage":28,"enemies":"Reptomancer","floor":46,"turns":5},{"damage":15,"enemies":"Maw","floor":48,"turns":6},{"damage":84,"enemies":"Awakened One","floor":50,"turns":13}],"seed_played":"5780823526418465164","potions_obtained":[{"floor":2,"key":"SpeedPotion"},{"floor":11,"key":"Swift Potion"},{"floor":14,"key":"GamblersBrew"},{"floor":20,"key":"SteroidPotion"},{"floor":21,"key":"Explosive Potion"},{"floor":28,"key":"AttackPotion"},{"floor":30,"key":"Fire Potion"},{"floor":39,"key":"SkillPotion"},{"floor":41,"key":"PowerPotion"},{"floor":46,"key":"SneckoOil"},{"floor":48,"key":"Dexterity Potion"}],"is_trial":false,"path_per_floor":["M","M","$","M","?","R","M","?","T","R","M","R","?","M","R","B",null,"M","M","M","M","$","M","E","R","T","$","M","R","M","M","R","B",null,"M","M","M","$","M","R","E","?","T","M","$","E","$","M","R","B",null],"character_chosen":"IRONCLAD","items_purchased":["Flash of Steel","HandDrill","Dropkick","DollysMirror"],"campfire_rested":3,"item_purchase_floors":[3,22,27,38],"current_hp_per_floor":[56,55,55,59,43,43,44,23,23,23,27,51,33,38,38,25,80,80,80,72,78,78,80,40,40,54,54,62,62,69,73,73,22,94,94,94,90,90,78,97,88,75,75,81,81,65,65,65,97,28],"gold":41,"neow_bonus":"RANDOM_COLORLESS_2","is_daily":false,"chose_seed":false,"campfire_upgraded":6,"win_rate":0.0,"timestamp":1609634009,"path_taken":["M","M","?","?","?","R","M","?","T","R","M","R","?","M","R","BOSS","M","M","M","M","$","M","E","R","T","$","M","R","M","M","R","BOSS","M","M","M","$","M","R","E","?","T","M","$","E","$","M","R","BOSS"],"items_purchased_type":["Card","Relic","Card","Relic"],"build_version":"2020-12-22","purchased_purges":3,"victory":true,"max_hp_per_floor":[80,80,80,80,80,80,80,80,80,80,80,80,80,80,80,80,80,80,80,80,80,80,80,80,80,94,94,94,94,94,94,94,94,94,94,94,97,97,97,97,104,104,104,104,104,104,104,107,107,110],"card_choices":[{"not_picked":["Chrysalis","Secret Technique"],"picked":"Sadistic Nature","floor":0},{"not_picked":["Bloodletting","Heavy Blade","Havoc"],"picked":"SKIP","floor":1},{"not_picked":["Clash","Flex"],"picked":"Sever Soul","floor":2},{"not_picked":["Wild Strike","Anger"],"picked":"Thunderclap","floor":4},{"not_picked":["Rampage","Cleave"],"picked":"Iron Wave","floor":7},{"not_picked":["Armaments","Whirlwind","Clothesline"],"picked":"SKIP","floor":11},{"not_picked":["Intimidate","Wild Strike"],"picked":"Dropkick","floor":14},{"not_picked":["Metallicize","Havoc"],"picked":"Clothesline+1","floor":18},{"not_picked":["Body Slam","Flame Barrier"],"picked":"Clothesline","floor":19},{"not_picked":["Shrug It Off","Anger"],"picked":"Iron Wave","floor":20},{"not_picked":["Combust","Dual Wield","Blood for Blood"],"picked":"SKIP","floor":21},{"not_picked":["Intimidate","Headbutt+1","Disarm"],"picked":"SKIP","floor":23},{"not_picked":["Reckless Charge","Evolve"],"picked":"Thunderclap+1","floor":24},{"not_picked":["Shrug It Off","Second Wind"],"picked":"Iron Wave","floor":28},{"not_picked":["Rage+1","Havoc"],"picked":"Pommel Strike+1","floor":30},{"not_picked":["Flex+1","Clothesline","Sword Boomerang"],"picked":"SKIP","floor":31},{"not_picked":["Limit Break","Fiend Fire"],"picked":"Feed","floor":33},{"not_picked":["Intimidate+1","Heavy Blade"],"picked":"Dropkick+1","floor":35},{"not_picked":["Cleave+1","Clash+1"],"picked":"Iron Wave","floor":36},{"not_picked":["Armaments","Thunderclap","Havoc"],"picked":"SKIP","floor":37},{"not_picked":["Reckless Charge","Clash","Metallicize+1"],"picked":"SKIP","floor":39},{"not_picked":["Seeing Red+1","Reaper","Carnage"],"picked":"SKIP","floor":41},{"not_picked":["Clothesline","Sword Boomerang+1"],"picked":"Pommel Strike+1","floor":44},{"not_picked":["Searing Blow+1","Clash+1","Pummel"],"picked":"SKIP","floor":46},{"not_picked":["Rupture","Hemokinesis+1"],"picked":"Dropkick+1","floor":48}],"player_experience":384857,"relics_obtained":[{"floor":8,"key":"Ornamental Fan"},{"floor":9,"key":"Lantern"},{"floor":24,"key":"Centennial Puzzle"},{"floor":26,"key":"Mango"},{"floor":41,"key":"Strawberry"},{"floor":43,"key":"Kunai"},{"floor":46,"key":"FossilizedHelix"}],"event_choices":[{"damage_healed":0,"gold_gain":0,"player_choice":"Entered Light","damage_taken":16,"max_hp_gain":0,"max_hp_loss":0,"event_name":"Shining Light","floor":5,"gold_loss":0,"cards_upgraded":["Defend_R","Flash of Steel"]},{"damage_healed":0,"gold_gain":30,"player_choice":"Searched \u00273\u0027 times","damage_taken":0,"max_hp_gain":0,"max_hp_loss":0,"event_name":"Dead Adventurer","floor":8,"gold_loss":0},{"damage_healed":0,"gold_gain":0,"player_choice":"Success","damage_taken":18,"relics_obtained":["Mercury Hourglass"],"max_hp_gain":0,"max_hp_loss":0,"event_name":"Scrap Ooze","floor":13,"gold_loss":0},{"damage_healed":0,"gold_gain":0,"player_choice":"Embrace Madness","damage_taken":13,"max_hp_gain":0,"max_hp_loss":0,"event_name":"Winding Halls","floor":42,"gold_loss":0,"cards_obtained":["Madness","Madness"]}],"is_beta":false,"boss_relics":[{"not_picked":["SacredBark","Black Star"],"picked":"Black Blood"},{"not_picked":["Runic Cube","Pandora\u0027s Box"],"picked":"Fusion Hammer"}],"items_purged_floors":[22,27,47],"is_endless":false,"potions_floor_spawned":[2,11,14,20,21,23,28,30,39,41,46,48],"ascension_level":3}}