{"host":"armnliea5o2aqs4b","time":1609689138,"event":{"mods":["BaseMod","Hubris","Infinite Spire","Minty Spire (QoL Compilation)","Quick Restart","StSLib"],"gold_per_floor":[119,119,119,119,119,150,166,184,184,209,58,58,75,88,88,186,186],"floor_reached":16,"playtime":349,"items_purged":[],"score":241,"play_id":"59cbd754-ecd3-433b-8b8d-1606baa04981","local_time":"20210104025218","is_ascension_mode":true,"campfire_choices":[{"data":"infinitespire:FinalStrike","floor":12,"key":"SMITH"},{"data":"Ghostly Armor","floor":15,"key":"SMITH"}],"circlet_count":0,"master_deck":["Strike_R","Strike_R","Strike_R","Strike_R","Defend_R","Defend_R","Defend_R","Defend_R","Bash","Ghostly Armor+1","infinitespire:FinalStrike+1","Whirlwind","Rage"],"relics":["Burning Blood","NeowsBlessing","hubris:Zylophone","Meat on the Bone","hubris:FunFungus","Orichalcum","hubris:EmptyBottle"],"acts_visited":["Exordium"],"potions_floor_usage":[16,16],"damage_taken":[{"damage":0,"enemies":"2 Louse","floor":1,"turns":1},{"damage":0,"enemies":"3 Sentries","floor":6,"turns":2},{"damage":0,"enemies":"Small Slimes","floor":7,"turns":1},{"damage":4,"enemies":"Jaw Worm","floor":8,"turns":3},{"damage":47,"enemies":"Lagavulin","floor":10,"turns":7},{"damage":3,"enemies":"Exordium Thugs","floor":13,"turns":5},{"damage":0,"enemies":"3 Louse","floor":14,"turns":2},{"damage":51,"enemies":"Slime Boss","floor":16,"turns":9}],"seed_played":"-7547244957559049329","potions_obtained":[{"floor":10,"key":"ElixirPotion"},{"floor":14,"key":"infinitespire:BlackPotion"},{"floor":16,"key":"PowerPotion"}],"is_trial":false,"path_per_floor":["M","?","?","$","?","E","M","M","T","E","$","R","M","M","R","B"],"character_chosen":"IRONCLAD","items_purchased":["hubris:EmptyBottle"],"campfire_rested":0,"item_purchase_floors":[11],"current_hp_per_floor":[78,60,53,53,33,39,57,59,59,32,32,32,47,53,53,21,21],"gold":186,"neow_bonus":"THREE_ENEMY_KILL","is_daily":false,"chose_seed":false,"campfire_upgraded":2,"win_rate":0.0,"timestamp":1609689138,"path_taken":["M","?","?","$","?","E","M","M","T","E","?","R","M","M","R","BOSS"],"items_purchased_type":["Relic"],"build_version":"2020-12-22","purchased_purges":0,"victory":false,"max_hp_per_floor":[80,80,80,80,80,80,80,80,80,80,80,80,80,80,80,80,80],"card_choices":[{"not_picked":["Pummel","True Grit"],"picked":"Ghostly Armor","floor":1},{"not_picked":["infinitespire:Fortify","hubris:Rewind"],"picked":"infinitespire:FinalStrike","floor":5},{"not_picked":["Havoc","Thunderclap"],"picked":"Whirlwind","floor":6},{"not_picked":["Anger","Warcry","Sentinel"],"picked":"SKIP","floor":7},{"not_picked":["Armaments","Wild Strike","Twin Strike"],"picked":"SKIP","floor":8},{"not_picked":["Impervious","Exhume"],"picked":"Rage","floor":10},{"not_picked":["Heavy Blade","Thunderclap","Searing Blow"],"picked":"SKIP","floor":13},{"not_picked":["Wild Strike","hubris:ReadiedAction","Clothesline"],"picked":"SKIP","floor":14}],"player_experience":167763,"relics_obtained":[{"floor":6,"key":"Meat on the Bone"},{"floor":9,"key":"hubris:FunFungus"},{"floor":10,"key":"Orichalcum"}],"event_choices":[{"damage_healed":0,"gold_gain":0,"player_choice":"Success","damage_taken":18,"relics_obtained":["hubris:Zylophone"],"max_hp_gain":0,"max_hp_loss":0,"event_name":"Scrap Ooze","floor":2,"gold_loss":0},{"cards_removed":["Strike_R"],"damage_healed":0,"gold_gain":0,"player_choice":"Card Removal","damage_taken":7,"max_hp_gain":0,"max_hp_loss":0,"event_name":"Golden Wing","floor":3,"gold_loss":0}],"is_beta":false,"boss_relics":[],"items_purged_floors":[],"is_endless":false,"potions_floor_spawned":[10,14,16],"killed_by":"Slime Boss","ascension_level":6}}