{"host":"9l1knhxfturzliqa","time":1609641528,"event":{"mods":["BaseMod","Colored Map","Colored Powertips","DeckTracker","Highlight Path","Keyboard Shortcuts","Minty Spire (QoL Compilation)","Random Character Button"],"gold_per_floor":[114,64,164,179,194,224,239,314,314,314,329,79,109,124,124,224,224,239,239,254,269,269,299,314,344,369,369,69,84,99,114,114,214,264,279,34,49,64,79,94,0,30,30,30,30],"floor_reached":44,"playtime":2882,"items_purged":[],"score":621,"play_id":"3186b44c-5152-4d23-8062-613ac6aed50f","local_time":"20210103113848","daily_mods":["Allstar","Hoarder","Terminal"],"is_ascension_mode":false,"campfire_choices":[{"data":"Infernal Blade","floor":10,"key":"SMITH"},{"data":"Infernal Blade","floor":15,"key":"SMITH"},{"data":"Infernal Blade","floor":32,"key":"SMITH"}],"circlet_count":0,"master_deck":["Strike_R","Strike_R","Strike_R","Defend_R","Defend_R","Defend_R","Defend_R","Bash","Thinking Ahead","Thinking Ahead","Thinking Ahead","The Bomb","The Bomb","The Bomb","PanicButton","PanicButton","PanicButton","Secret Weapon","Secret Weapon","Secret Weapon","Good Instincts","Good Instincts","Good Instincts","Twin Strike","Twin Strike","Twin Strike","Perfected Strike","Perfected Strike","Perfected Strike","Flex","Flex","Flex","Sword Boomerang","Sword Boomerang","Sword Boomerang","Infernal Blade+1","Infernal Blade+1","Infernal Blade+1","Metallicize+1","Metallicize+1","Metallicize+1","Cleave","Cleave","Cleave","Headbutt","Headbutt","Headbutt+1","Sword Boomerang","Sword Boomerang","Sword Boomerang","Fiend Fire","Fiend Fire","Fiend Fire","Battle Trance","Battle Trance","Battle Trance","Perfected Strike","Perfected Strike","Perfected Strike","Apotheosis","Apotheosis","Apotheosis"],"relics":["Burning Blood","Thread and Needle","Anchor","Eternal Feather","Kunai","Busted Crown","Omamori","Mercury Hourglass","Strawberry","Boot","Tiny House","Membership Card","Red Mask","Peace Pipe","Dead Branch"],"acts_visited":["Exordium","TheCity","TheBeyond"],"potions_floor_usage":[13,13,18,21,23,23,29,33,38,42],"damage_taken":[{"damage":0,"enemies":"Small Slimes","floor":1,"turns":3},{"damage":0,"enemies":"2 Louse","floor":4,"turns":3},{"damage":0,"enemies":"Cultist","floor":5,"turns":2},{"damage":4,"enemies":"3 Sentries","floor":6,"turns":7},{"damage":0,"enemies":"Gremlin Gang","floor":7,"turns":3},{"damage":0,"enemies":"2 Fungi Beasts","floor":11,"turns":2},{"damage":11,"enemies":"Gremlin Nob","floor":13,"turns":3},{"damage":0,"enemies":"Exordium Wildlife","floor":14,"turns":1},{"damage":24,"enemies":"Hexaghost","floor":16,"turns":8},{"damage":0,"enemies":"3 Byrds","floor":18,"turns":3},{"damage":0,"enemies":"Spheric Guardian","floor":20,"turns":3},{"damage":8,"enemies":"Shelled Parasite and Fungi","floor":21,"turns":4},{"damage":8,"enemies":"Slavers","floor":23,"turns":4},{"damage":0,"enemies":"3 Cultists","floor":24,"turns":4},{"damage":0,"enemies":"Gremlin Leader","floor":25,"turns":9},{"damage":0,"enemies":"Snecko","floor":29,"turns":4},{"damage":0,"enemies":"Chosen and Byrds","floor":30,"turns":3},{"damage":0,"enemies":"Snake Plant","floor":31,"turns":2},{"damage":26,"enemies":"Collector","floor":33,"turns":7},{"damage":6,"enemies":"3 Shapes","floor":35,"turns":2},{"damage":0,"enemies":"Orb Walker","floor":37,"turns":2},{"damage":5,"enemies":"Spire Growth","floor":38,"turns":4},{"damage":1,"enemies":"Sphere and 2 Shapes","floor":39,"turns":3},{"damage":16,"enemies":"Transient","floor":40,"turns":5},{"damage":40,"enemies":"Nemesis","floor":42,"turns":4},{"damage":32,"enemies":"Reptomancer","floor":44,"turns":4}],"seed_played":"4251252283042701915","potions_obtained":[{"floor":1,"key":"GamblersBrew"},{"floor":7,"key":"SteroidPotion"},{"floor":11,"key":"FearPotion"},{"floor":13,"key":"Explosive Potion"},{"floor":18,"key":"Strength Potion"},{"floor":20,"key":"AttackPotion"},{"floor":31,"key":"ColorlessPotion"},{"floor":34,"key":"ColorlessPotion"},{"floor":35,"key":"Ancient Potion"},{"floor":37,"key":"Block Potion"},{"floor":40,"key":"SmokeBomb"}],"is_trial":false,"path_per_floor":["M","?","?","M","M","E","M","?","T","R","M","$","E","M","R","B",null,"M","?","M","M","?","E","M","E","T","?","$","M","M","M","R","B",null,"M","$","M","M","M","M","?","E","T","E"],"character_chosen":"IRONCLAD","items_purchased":["Eternal Feather","Boot","Sword Boomerang","DistilledChaos","Dexterity Potion","Membership Card","Perfected Strike","Apotheosis"],"campfire_rested":0,"item_purchase_floors":[12,28,28,28,28,36,36,36],"current_hp_per_floor":[78,77,76,75,74,73,72,61,61,61,67,67,62,65,64,46,62,61,60,59,57,57,55,55,54,60,50,50,56,61,60,59,39,62,61,60,59,58,57,47,47,13,13,0,0],"gold":30,"neow_bonus":"","is_daily":true,"chose_seed":false,"campfire_upgraded":3,"win_rate":0.0,"timestamp":1609641528,"path_taken":["M","?","?","M","?","E","?","?","T","R","M","?","E","M","R","BOSS","M","?","M","M","?","E","?","E","T","?","$","M","M","M","R","BOSS","M","$","M","M","M","M","?","E","T","E"],"items_purchased_type":["Relic","Relic","Card","Potion","Potion","Relic","Card","Card"],"build_version":"2020-12-22","purchased_purges":0,"victory":false,"max_hp_per_floor":[78,77,76,75,74,73,72,71,70,69,68,67,66,65,64,63,62,61,60,59,58,57,56,55,54,60,64,63,62,61,60,59,58,62,61,60,59,58,57,56,55,54,53,53,53],"card_choices":[{"not_picked":["Hemokinesis","Iron Wave"],"picked":"Twin Strike","floor":1},{"not_picked":["Armaments","Anger"],"picked":"Perfected Strike","floor":4},{"not_picked":["Combust","Burning Pact"],"picked":"Flex","floor":5},{"not_picked":["Brutality","Combust"],"picked":"Sword Boomerang","floor":6},{"not_picked":["Sword Boomerang","Clash"],"picked":"Infernal Blade","floor":7},{"not_picked":["Clash","Dropkick","Flex"],"picked":"SKIP","floor":11},{"not_picked":["Headbutt","Entrench","Combust"],"picked":"SKIP","floor":13},{"not_picked":["True Grit","Intimidate","Sword Boomerang"],"picked":"SKIP","floor":14},{"not_picked":["Wild Strike"],"picked":"SKIP","floor":18},{"not_picked":[],"picked":"Metallicize+1","floor":20},{"not_picked":[],"picked":"Cleave","floor":21},{"not_picked":["True Grit+1"],"picked":"SKIP","floor":23},{"not_picked":["Power Through+1"],"picked":"SKIP","floor":24},{"not_picked":["Iron Wave"],"picked":"SKIP","floor":25},{"not_picked":["Berserk"],"picked":"SKIP","floor":29},{"not_picked":["Iron Wave"],"picked":"SKIP","floor":30},{"not_picked":["Clash"],"picked":"SKIP","floor":31},{"not_picked":[],"picked":"Fiend Fire","floor":33},{"not_picked":[],"picked":"Battle Trance","floor":35},{"not_picked":["Body Slam+1"],"picked":"SKIP","floor":37},{"not_picked":["Anger+1"],"picked":"SKIP","floor":38},{"not_picked":["True Grit"],"picked":"SKIP","floor":39},{"not_picked":["Hemokinesis"],"picked":"SKIP","floor":40},{"not_picked":["Shockwave"],"picked":"SKIP","floor":42}],"player_experience":315294,"relics_obtained":[{"floor":6,"key":"Thread and Needle"},{"floor":9,"key":"Anchor"},{"floor":13,"key":"Kunai"},{"floor":23,"key":"Omamori"},{"floor":25,"key":"Mercury Hourglass"},{"floor":26,"key":"Strawberry"},{"floor":42,"key":"Peace Pipe"},{"floor":43,"key":"Dead Branch"}],"event_choices":[{"cards_removed":["Strike_R"],"damage_healed":0,"gold_gain":0,"player_choice":"Card Removal","damage_taken":0,"max_hp_gain":0,"max_hp_loss":0,"event_name":"The Cleric","floor":2,"gold_loss":50},{"damage_healed":0,"gold_gain":100,"player_choice":"Pray","damage_taken":0,"max_hp_gain":0,"max_hp_loss":0,"event_name":"Golden Shrine","floor":3,"gold_loss":0},{"damage_healed":0,"gold_gain":75,"player_choice":"Gather Gold","damage_taken":11,"max_hp_gain":0,"max_hp_loss":0,"event_name":"World of Goop","floor":8,"gold_loss":0},{"damage_healed":0,"gold_gain":0,"player_choice":"Ignored","damage_taken":0,"max_hp_gain":0,"max_hp_loss":0,"event_name":"The Mausoleum","floor":19,"gold_loss":0},{"damage_healed":0,"gold_gain":0,"cards_transformed":["Strike_R"],"player_choice":"Transformed","damage_taken":0,"max_hp_gain":0,"max_hp_loss":0,"event_name":"Transmorgrifier","floor":22,"gold_loss":0,"cards_obtained":["Headbutt"]},{"damage_healed":0,"gold_gain":0,"player_choice":"Shed Blood","damage_taken":15,"max_hp_gain":5,"max_hp_loss":0,"event_name":"Forgotten Altar","floor":27,"gold_loss":0},{"damage_healed":0,"gold_gain":0,"player_choice":"Paid","damage_taken":0,"relics_obtained":["Red Mask"],"max_hp_gain":0,"max_hp_loss":0,"event_name":"Tomb of Lord Red Mask","floor":41,"gold_loss":94}],"is_beta":false,"boss_relics":[{"not_picked":["Fusion Hammer","SacredBark"],"picked":"Busted Crown"},{"not_picked":["Sozu","Black Star"],"picked":"Tiny House"}],"items_purged_floors":[],"is_endless":false,"potions_floor_spawned":[1,7,11,13,18,20,31,35,37,40],"killed_by":"Reptomancer","ascension_level":0}}