{"host":"3zqlgdr138v4qupe","time":1609681096,"event":{"mods":["BaseMod","Hermit","Minty Spire (QoL Compilation)","StSLib","The Cursed","The Poker Player"],"gold_per_floor":[110,110,185,204,204,238,251,26,26,26,26,38,38,51,51,149,149,162,162,162,175,175,201,47,47,47],"floor_reached":25,"playtime":797,"items_purged":["Regret"],"score":244,"play_id":"07c4d2ce-1140-4902-950f-26c3b5ee6c70","local_time":"20210103223816","is_ascension_mode":false,"campfire_choices":[{"data":"Armaments","floor":10,"key":"SMITH"},{"data":"Armaments","floor":15,"key":"SMITH"}],"circlet_count":0,"master_deck":["Strike_R","Strike_R+1","Strike_R+1","Strike_R","Defend_R","Defend_R","Defend_R","Defend_R","Bash","Cleave","Armaments+1","Armaments+1","Flex","Double Tap","Shockwave","J.A.X.","Shrug It Off+1","Reaper"],"relics":["Burning Blood","NeowsBlessing","Shuriken","Unceasing Top","Pen Nib","Blood Vial","SacredBark","Nilry\u0027s Codex","Mercury Hourglass","Whetstone"],"acts_visited":["Exordium","TheCity"],"potions_floor_usage":[23,23,25],"damage_taken":[{"damage":0,"enemies":"Small Slimes","floor":1,"turns":1},{"damage":0,"enemies":"2 Louse","floor":4,"turns":1},{"damage":0,"enemies":"Gremlin Nob","floor":6,"turns":1},{"damage":14,"enemies":"Jaw Worm","floor":7,"turns":2},{"damage":2,"enemies":"Blue Slaver","floor":12,"turns":5},{"damage":1,"enemies":"Gremlin Gang","floor":14,"turns":3},{"damage":37,"enemies":"Slime Boss","floor":16,"turns":13},{"damage":21,"enemies":"Shell Parasite","floor":18,"turns":5},{"damage":29,"enemies":"2 Thieves","floor":21,"turns":4},{"damage":23,"enemies":"Book of Stabbing","floor":23,"turns":7},{"damage":44,"enemies":"Gremlin Leader","floor":25,"turns":7}],"seed_played":"1995580378967780918","potions_obtained":[{"floor":6,"key":"LiquidMemories"},{"floor":12,"key":"SpeedPotion"},{"floor":14,"key":"Swift Potion"},{"floor":16,"key":"BlessingOfTheForge"}],"is_trial":false,"path_per_floor":["M","$","?","M","?","E","M","$","T","R","?","M","$","M","R","B",null,"M","?","?","M","T","E","$","E"],"character_chosen":"IRONCLAD","items_purchased":["Pen Nib","Reaper"],"campfire_rested":0,"item_purchase_floors":[8,24],"current_hp_per_floor":[80,80,69,75,75,80,72,72,72,72,65,71,71,78,78,49,80,65,49,49,28,28,13,13,1,1],"gold":47,"neow_bonus":"THREE_ENEMY_KILL","is_daily":false,"chose_seed":false,"campfire_upgraded":2,"win_rate":0.0,"timestamp":1609681096,"path_taken":["M","$","?","M","?","E","M","$","T","R","?","M","?","M","R","BOSS","M","?","?","M","?","E","$","E"],"items_purchased_type":["Relic","Card"],"build_version":"2020-12-22","purchased_purges":1,"victory":false,"max_hp_per_floor":[80,80,80,80,80,80,80,80,80,80,80,80,80,80,80,80,80,80,80,80,80,80,80,80,80,80],"card_choices":[{"not_picked":["Iron Wave","Warcry","Searing Blow"],"picked":"SKIP","floor":1},{"not_picked":["Disarm","Bloodletting"],"picked":"Cleave","floor":4},{"not_picked":["Carnage","Perfected Strike","Headbutt"],"picked":"SKIP","floor":6},{"not_picked":["Flex","Body Slam"],"picked":"Armaments","floor":7},{"not_picked":["Cleave","Headbutt"],"picked":"Armaments","floor":12},{"not_picked":["Dual Wield","Ghostly Armor"],"picked":"Flex","floor":14},{"not_picked":["Brutality","Juggernaut"],"picked":"Double Tap","floor":16},{"not_picked":["Searing Blow","Bloodletting+1"],"picked":"Shockwave","floor":18},{"not_picked":["True Grit+1","Dark Embrace"],"picked":"Shrug It Off+1","floor":21},{"not_picked":["Carnage+1","Shrug It Off","Blood for Blood"],"picked":"SKIP","floor":23}],"player_experience":22123,"relics_obtained":[{"floor":6,"key":"Unceasing Top"},{"floor":9,"key":"Blood Vial"},{"floor":19,"key":"Nilry\u0027s Codex"},{"floor":22,"key":"Mercury Hourglass"},{"floor":23,"key":"Whetstone"}],"event_choices":[{"damage_healed":0,"gold_gain":75,"player_choice":"Gather Gold","damage_taken":11,"max_hp_gain":0,"max_hp_loss":0,"event_name":"World of Goop","floor":3,"gold_loss":0},{"damage_healed":0,"gold_gain":0,"player_choice":"Box","damage_taken":0,"relics_obtained":["Shuriken"],"max_hp_gain":0,"max_hp_loss":0,"event_name":"Big Fish","floor":5,"gold_loss":0,"cards_obtained":["Regret"]},{"cards_removed":["Strike_R"],"damage_healed":0,"gold_gain":0,"player_choice":"Card Removal","damage_taken":7,"max_hp_gain":0,"max_hp_loss":0,"event_name":"Golden Wing","floor":11,"gold_loss":0},{"damage_healed":0,"gold_gain":0,"player_choice":"Obtained Book","damage_taken":16,"max_hp_gain":0,"max_hp_loss":0,"event_name":"Cursed Tome","floor":19,"gold_loss":0},{"damage_healed":0,"gold_gain":0,"player_choice":"Obtain J.A.X.","damage_taken":0,"max_hp_gain":0,"max_hp_loss":0,"event_name":"Drug Dealer","floor":20,"gold_loss":0,"cards_obtained":["J.A.X."]}],"is_beta":false,"boss_relics":[{"not_picked":["Runic Dome","Philosopher\u0027s Stone"],"picked":"SacredBark"}],"items_purged_floors":[8],"is_endless":false,"potions_floor_spawned":[6,12,14,16,21],"killed_by":"Gremlin Leader","ascension_level":0}}