{"host":"0ydzwspkajt4brzd","time":1609665951,"event":{"mods":["AchievementEnabler","BaseMod","Colored Map","DeckTracker","Highlight Path","Minty Spire (QoL Compilation)","Quick Restart","Random Character Button","Rare Cards Sparkle"],"gold_per_floor":[110,110,125,57,75,110,110,145,145,158,168,196,216,229,229,326,326,344,344,117,135,35,35,35,35,35,52,84,98,98,125,125,125,125],"floor_reached":33,"playtime":2040,"items_purged":["Strike_B","Strike_B"],"score":382,"play_id":"bac5e565-f0df-49e7-b8fb-dc7d6fa8af70","local_time":"20210103012551","is_ascension_mode":true,"campfire_choices":[{"data":"Rainbow","floor":7,"key":"SMITH"},{"floor":15,"key":"REST"},{"data":"Seek","floor":23,"key":"SMITH"},{"data":"Double Energy","floor":30,"key":"SMITH"},{"data":"Dualcast","floor":32,"key":"SMITH"}],"circlet_count":0,"master_deck":["Strike_B","Strike_B","Defend_B","Defend_B","Defend_B","Defend_B","Zap+1","Dualcast+1","Conserve Battery","Tempest","Rainbow+1","Lockon","Melter","Fusion+1","Doom and Gloom","Double Energy+1","Ball Lightning","Darkness","Stack","Redo","Seek+1","BootSequence+1","Coolheaded+1","Necronomicurse","Reinforced Body+1","Undo+1","Steam","White Noise+1"],"relics":["Cracked Core","Ancient Tea Set","Meat on the Bone","Dream Catcher","Akabeko","Philosopher\u0027s Stone","NlothsMask","Bronze Scales","Necronomicon","Vajra","War Paint"],"acts_visited":["Exordium","TheCity"],"potions_floor_usage":[10,10,11,14,21,31,33,33],"damage_taken":[{"damage":18,"enemies":"Small Slimes","floor":1,"turns":3},{"damage":1,"enemies":"Cultist","floor":3,"turns":3},{"damage":2,"enemies":"2 Louse","floor":5,"turns":3},{"damage":12,"enemies":"Gremlin Nob","floor":6,"turns":3},{"damage":25,"enemies":"3 Sentries","floor":8,"turns":5},{"damage":0,"enemies":"2 Fungi Beasts","floor":10,"turns":2},{"damage":3,"enemies":"Exordium Thugs","floor":11,"turns":3},{"damage":19,"enemies":"Lagavulin","floor":12,"turns":5},{"damage":0,"enemies":"3 Louse","floor":13,"turns":1},{"damage":13,"enemies":"Large Slime","floor":14,"turns":3},{"damage":19,"enemies":"The Guardian","floor":16,"turns":11},{"damage":7,"enemies":"Chosen","floor":18,"turns":4},{"damage":9,"enemies":"2 Thieves","floor":21,"turns":3},{"damage":0,"enemies":"Snecko","floor":27,"turns":3},{"damage":0,"enemies":"Slavers","floor":28,"turns":2},{"damage":9,"enemies":"Snake Plant","floor":29,"turns":2},{"damage":27,"enemies":"Book of Stabbing","floor":31,"turns":4},{"damage":69,"enemies":"Collector","floor":33,"turns":8}],"seed_played":"-2189220889983344854","potions_obtained":[{"floor":8,"key":"EntropicBrew"},{"floor":10,"key":"SkillPotion"},{"floor":12,"key":"ColorlessPotion"},{"floor":13,"key":"Regen Potion"},{"floor":14,"key":"FearPotion"},{"floor":16,"key":"Regen Potion"},{"floor":21,"key":"Energy Potion"},{"floor":31,"key":"GamblersBrew"}],"is_trial":false,"path_per_floor":["M","?","M","$","M","E","R","E","T","M","M","E","M","M","R","B",null,"M","?","$","M","$","R","?","?","T","M","E","M","R","E","R","B"],"character_chosen":"DEFECT","items_purchased":["Rainbow","Bronze Scales"],"campfire_rested":1,"item_purchase_floors":[4,20],"current_hp_per_floor":[57,62,61,61,59,47,47,22,22,34,43,36,48,47,71,52,80,73,73,73,64,64,64,48,48,48,48,48,51,51,45,45,0,0],"gold":125,"neow_bonus":"UPGRADE_CARD","is_daily":false,"chose_seed":false,"campfire_upgraded":4,"win_rate":0.0,"timestamp":1609665951,"path_taken":["M","?","M","$","M","E","R","E","T","M","M","E","M","M","R","BOSS","M","?","$","?","$","R","?","?","T","M","E","?","R","E","R","BOSS"],"items_purchased_type":["Card","Relic"],"build_version":"2020-12-22","purchased_purges":2,"victory":false,"max_hp_per_floor":[75,80,80,80,80,80,80,80,80,80,80,80,80,80,80,80,80,80,80,80,80,80,80,80,80,80,80,80,80,80,80,80,80,80],"card_choices":[{"not_picked":["Go for the Eyes","Consume"],"picked":"Conserve Battery","floor":1},{"not_picked":["Turbo","Compile Driver"],"picked":"Tempest","floor":3},{"not_picked":["Conserve Battery","Hologram"],"picked":"Lockon","floor":5},{"not_picked":["Stack","Go for the Eyes"],"picked":"Melter","floor":6},{"not_picked":["Static Discharge","Rip and Tear"],"picked":"Fusion","floor":8},{"not_picked":["Scrape","Glacier"],"picked":"Doom and Gloom","floor":10},{"not_picked":["Consume","Chill"],"picked":"Double Energy","floor":11},{"not_picked":["Cold Snap","Scrape"],"picked":"Ball Lightning","floor":12},{"not_picked":["Sweeping Beam","Barrage"],"picked":"Darkness","floor":13},{"not_picked":["Coolheaded","Hologram"],"picked":"Stack","floor":14},{"not_picked":["Skim","Lockon"],"picked":"Redo","floor":15},{"not_picked":["Multi-Cast","Electrodynamics"],"picked":"Seek","floor":16},{"not_picked":["Cold Snap","Gash"],"picked":"BootSequence+1","floor":18},{"not_picked":["Streamline+1","Leap"],"picked":"Coolheaded","floor":21},{"not_picked":["Leap+1","Go for the Eyes"],"picked":"Reinforced Body","floor":27},{"not_picked":["Conserve Battery","Blizzard"],"picked":"Undo+1","floor":28},{"not_picked":["Chill","Gash"],"picked":"Steam","floor":29},{"not_picked":["Double Energy","Consume"],"picked":"White Noise+1","floor":31}],"player_experience":436575,"relics_obtained":[{"floor":6,"key":"Ancient Tea Set"},{"floor":8,"key":"Meat on the Bone"},{"floor":9,"key":"Dream Catcher"},{"floor":12,"key":"Akabeko"},{"floor":24,"key":"Necronomicon"},{"floor":28,"key":"Vajra"},{"floor":31,"key":"War Paint"}],"event_choices":[{"damage_healed":0,"gold_gain":0,"player_choice":"Donut","damage_taken":0,"max_hp_gain":5,"max_hp_loss":0,"event_name":"Big Fish","floor":2,"gold_loss":0},{"damage_healed":0,"gold_gain":0,"player_choice":"Trade","damage_taken":0,"relics_obtained":["NlothsMask"],"max_hp_gain":0,"max_hp_loss":0,"event_name":"FaceTrader","floor":19,"gold_loss":0},{"damage_healed":0,"gold_gain":0,"player_choice":"Obtained Book","damage_taken":16,"max_hp_gain":0,"max_hp_loss":0,"event_name":"Cursed Tome","floor":24,"gold_loss":0},{"damage_healed":0,"gold_gain":0,"player_choice":"Upgraded","damage_taken":0,"max_hp_gain":0,"max_hp_loss":0,"event_name":"Upgrade Shrine","floor":25,"gold_loss":0,"cards_upgraded":["Fusion"]}],"is_beta":false,"boss_relics":[{"not_picked":["Coffee Dripper","Empty Cage"],"picked":"Philosopher\u0027s Stone"}],"items_purged_floors":[20,22],"is_endless":false,"potions_floor_spawned":[8,10,12,13,14,16,18,21,29,31],"killed_by":"Collector","ascension_level":3}}