{"host":"ta9mufxydm4vkknf","time":1609688841,"event":{"mods":["AchievementEnabler","BaseMod","Minty Spire (QoL Compilation)"],"gold_per_floor":[110,127,202,101,101,101,1,1,74,74,34,62,80,92,92,197,197,215,234,109,127,140,140,140,140],"floor_reached":24,"playtime":922,"items_purged":["Strike_B","Strike_B","Strike_B"],"score":225,"play_id":"ee27cbe6-e6ce-4add-9ced-1f26350940e8","local_time":"20210103164721","is_ascension_mode":true,"campfire_choices":[{"data":"Gash","floor":6,"key":"SMITH"},{"data":"Gash","floor":8,"key":"SMITH"},{"data":"Zap","floor":10,"key":"SMITH"},{"data":"Gash","floor":15,"key":"SMITH"},{"floor":23,"key":"REST"}],"circlet_count":0,"master_deck":["Strike_B","Defend_B","Defend_B","Defend_B","Defend_B","Zap+1","Dualcast","Writhe","Violence","Cold Snap","Gash+1","Gash+1","Stack","Rebound","Gash+1","Rainbow","Loop+1","Rip and Tear+1","White Noise","Conserve Battery+1"],"relics":["Cracked Core","Symbiotic Virus","Sundial","Runic Pyramid"],"acts_visited":["Exordium","TheCity"],"potions_floor_usage":[21,24,24,24],"damage_taken":[{"damage":7,"enemies":"2 Louse","floor":1,"turns":3},{"damage":0,"enemies":"Small Slimes","floor":2,"turns":3},{"damage":9,"enemies":"3 Sentries","floor":12,"turns":6},{"damage":4,"enemies":"Cultist","floor":13,"turns":3},{"damage":1,"enemies":"Exordium Wildlife","floor":14,"turns":2},{"damage":17,"enemies":"Slime Boss","floor":16,"turns":8},{"damage":17,"enemies":"Shell Parasite","floor":18,"turns":3},{"damage":10,"enemies":"3 Byrds","floor":19,"turns":4},{"damage":21,"enemies":"3 Cultists","floor":21,"turns":5},{"damage":20,"enemies":"Centurion and Healer","floor":22,"turns":6},{"damage":46,"enemies":"Slavers","floor":24,"turns":2}],"seed_played":"5682571366875370492","potions_obtained":[{"floor":11,"key":"SneckoOil"},{"floor":11,"key":"Swift Potion"},{"floor":11,"key":"Regen Potion"},{"floor":12,"key":"AttackPotion"},{"floor":21,"key":"LiquidMemories"},{"floor":22,"key":"Explosive Potion"}],"is_trial":false,"path_per_floor":["M","M","?","$","?","R","$","R","T","R","?","E","M","M","R","B",null,"M","M","$","M","M","R","E"],"character_chosen":"DEFECT","items_purchased":["Gash"],"campfire_rested":1,"item_purchase_floors":[4],"current_hp_per_floor":[68,68,57,57,62,62,62,62,62,62,62,53,49,48,48,31,80,63,53,53,32,12,36,0,0],"gold":140,"neow_bonus":"RANDOM_COLORLESS_2","is_daily":false,"chose_seed":false,"campfire_upgraded":4,"win_rate":0.0,"timestamp":1609688841,"path_taken":["M","M","?","$","?","R","$","R","T","R","?","E","M","M","R","BOSS","M","M","$","M","?","R","E"],"items_purchased_type":["Card"],"build_version":"2020-12-22","purchased_purges":3,"victory":false,"max_hp_per_floor":[75,75,75,75,80,80,80,80,80,80,80,80,80,80,80,80,80,80,80,80,80,80,80,80,80],"card_choices":[{"not_picked":["HandOfGreed","Transmutation"],"picked":"Violence","floor":0},{"not_picked":["Stack","Compile Driver"],"picked":"Cold Snap","floor":1},{"not_picked":["Double Energy","Go for the Eyes"],"picked":"Gash","floor":2},{"not_picked":["Genetic Algorithm","Meteor Strike"],"picked":"Stack","floor":12},{"not_picked":["Stack","Static Discharge"],"picked":"Rebound","floor":13},{"not_picked":["Ball Lightning","Redo"],"picked":"Gash","floor":14},{"not_picked":["Amplify","Fission"],"picked":"Rainbow","floor":16},{"not_picked":["Sunder","Steam"],"picked":"Loop+1","floor":18},{"not_picked":["Go for the Eyes+1","Coolheaded+1"],"picked":"Rip and Tear+1","floor":19},{"not_picked":["Force Field","Scrape"],"picked":"White Noise","floor":21},{"not_picked":["Leap","Melter"],"picked":"Conserve Battery+1","floor":22}],"player_experience":163234,"relics_obtained":[{"floor":9,"key":"Symbiotic Virus"},{"floor":12,"key":"Sundial"}],"event_choices":[{"damage_healed":0,"gold_gain":75,"player_choice":"Gather Gold","damage_taken":11,"max_hp_gain":0,"max_hp_loss":0,"event_name":"World of Goop","floor":3,"gold_loss":0},{"damage_healed":0,"gold_gain":0,"player_choice":"Donut","damage_taken":0,"max_hp_gain":5,"max_hp_loss":0,"event_name":"Big Fish","floor":5,"gold_loss":0},{"damage_healed":0,"gold_gain":0,"player_choice":"Bought 3 Potions","damage_taken":0,"max_hp_gain":0,"max_hp_loss":0,"event_name":"The Woman in Blue","floor":11,"gold_loss":0}],"is_beta":false,"boss_relics":[{"not_picked":["FrozenCore","Fusion Hammer"],"picked":"Runic Pyramid"}],"items_purged_floors":[4,7,20],"is_endless":false,"potions_floor_spawned":[12,16,21,22],"killed_by":"Slavers","ascension_level":3}}