{"host":"qnjnvu4zn3mp0nla","time":1609646305,"event":{"mods":["BaseMod","Better Altar","Better Third Choice","BetterRewards","Colored Powertips","Minty Spire (QoL Compilation)","Permanent Neow","Shop Mod","Spicy Shops","StSLib","The Blackbeard","The Cursed","The Judge","The Necromancer","TheBandit"],"gold_per_floor":[110,285,300,300,28,53,65,65,65,75,95,26,26,26,26,128,128,148,133,7,7,26,26,26],"floor_reached":23,"playtime":1138,"items_purged":["Doubt","Defend_B"],"score":191,"play_id":"151a2c9c-8e4d-42f9-b688-608e43310157","local_time":"20210103045825","is_ascension_mode":false,"campfire_choices":[{"floor":13,"key":"REST"},{"data":"Dualcast","floor":15,"key":"SMITH"}],"circlet_count":0,"master_deck":["Strike_B","Strike_B","Strike_B","Strike_B","Defend_B","Defend_B","Defend_B+1","Zap+1","Dualcast+1","Go for the Eyes","Coolheaded","Blizzard","Ball Lightning","Leap","Go for the Eyes","Leap","Redo","Cold Snap","Thunder Strike","Conserve Battery","Loop","Conserve Battery","RitualDagger","Beam Cell+1"],"relics":["Cracked Core","Lantern","Anchor","Torii","Pantograph","Strawberry","War Paint","Blood Vial","Runic Pyramid"],"acts_visited":["Exordium","TheCity"],"potions_floor_usage":[6,16,19,23,23,23,23,23],"damage_taken":[{"damage":0,"enemies":"Jaw Worm","floor":1,"turns":3},{"damage":0,"enemies":"2 Louse","floor":3,"turns":1},{"damage":38,"enemies":"Lagavulin","floor":6,"turns":6},{"damage":0,"enemies":"Cultist","floor":7,"turns":2},{"damage":0,"enemies":"Red Slaver","floor":10,"turns":2},{"damage":10,"enemies":"2 Fungi Beasts","floor":11,"turns":3},{"damage":38,"enemies":"Hexaghost","floor":16,"turns":14},{"damage":22,"enemies":"3 Byrds","floor":18,"turns":7},{"damage":1,"enemies":"2 Thieves","floor":19,"turns":4},{"damage":7,"enemies":"Chosen and Byrds","floor":22,"turns":7},{"damage":72,"enemies":"Gremlin Leader","floor":23,"turns":9}],"seed_played":"5258123173501129487","potions_obtained":[{"floor":1,"key":"Strength Potion"},{"floor":6,"key":"BlessingOfTheForge"},{"floor":11,"key":"Regen Potion"},{"floor":16,"key":"Ancient Potion"},{"floor":18,"key":"EntropicBrew"}],"is_trial":false,"path_per_floor":["M","?","M","?","$","E","M","?","T","M","M","$","R","$","R","B",null,"M","M","$","?","M","E"],"character_chosen":"DEFECT","items_purchased":["Lantern","Anchor","Go for the Eyes","Strawberry","Ball Lightning","Cold Snap","Conserve Battery"],"campfire_rested":1,"item_purchase_floors":[0,0,0,5,5,12,20],"current_hp_per_floor":[51,51,51,56,63,25,25,25,25,27,19,19,45,45,45,49,87,65,66,66,60,55,0,0],"gold":26,"neow_bonus":"","is_daily":false,"chose_seed":false,"campfire_upgraded":1,"win_rate":0.0,"timestamp":1609646305,"path_taken":["M","?","M","?","$","E","M","?","T","?","M","?","R","$","R","BOSS","M","M","$","?","M","E"],"items_purchased_type":["Relic","Relic","Card","Relic","Card","Card","Card"],"build_version":"2020-12-22","purchased_purges":2,"victory":false,"max_hp_per_floor":[75,75,75,80,87,87,87,87,87,87,87,87,87,87,87,87,87,87,87,87,87,87,87,87],"card_choices":[{"not_picked":["Cold Snap","Go for the Eyes"],"picked":"Coolheaded","floor":1},{"not_picked":["Stack","Fission"],"picked":"Blizzard","floor":3},{"not_picked":["Stack","Force Field"],"picked":"Leap","floor":6},{"not_picked":["Stack","Sweeping Beam"],"picked":"Go for the Eyes","floor":7},{"not_picked":["Go for the Eyes","Melter"],"picked":"Leap","floor":10},{"not_picked":["Conserve Battery","Chaos"],"picked":"Redo","floor":11},{"not_picked":["Buffer","Machine Learning"],"picked":"Thunder Strike","floor":16},{"not_picked":["Hologram","Go for the Eyes"],"picked":"Conserve Battery","floor":18},{"not_picked":["Stack","Hologram"],"picked":"Loop","floor":19},{"not_picked":["Cold Snap","Coolheaded"],"picked":"Beam Cell+1","floor":22}],"player_experience":25660,"relics_obtained":[{"floor":6,"key":"War Paint"},{"floor":9,"key":"Blood Vial"}],"event_choices":[{"damage_healed":0,"gold_gain":175,"player_choice":"AGREE","damage_taken":110,"max_hp_gain":0,"max_hp_loss":0,"event_name":"betterThird:BetterSerpent","floor":2,"gold_loss":0},{"damage_healed":0,"gold_gain":0,"player_choice":"Donut","damage_taken":0,"max_hp_gain":5,"max_hp_loss":0,"event_name":"Big Fish","floor":4,"gold_loss":0},{"damage_healed":0,"gold_gain":0,"player_choice":"Ignored","damage_taken":0,"max_hp_gain":0,"max_hp_loss":0,"event_name":"NoteForYourself","floor":8,"gold_loss":0},{"damage_healed":0,"gold_gain":0,"player_choice":"Dagger","damage_taken":6,"max_hp_gain":0,"max_hp_loss":0,"event_name":"betterThird:BetterNest","floor":21,"gold_loss":0,"cards_obtained":["RitualDagger"]}],"is_beta":false,"boss_relics":[{"not_picked":["SacredBark","Philosopher\u0027s Stone"],"picked":"Runic Pyramid"}],"items_purged_floors":[5,20],"is_endless":false,"potions_floor_spawned":[1,6,11,16,18],"killed_by":"Gremlin Leader","ascension_level":0}}