{"host":"y89x8uui45kcjy42","time":1609675713,"event":{"mods":["2.2 Compatiblity","BaseMod","CapriCore","Colored Map","Colored Powertips","Custom Start","Friendly Minions","Keyboard Shortcuts","Minty Spire (QoL Compilation)","Relic Stats","Slay the Relics Exporter","StSLib","SuperFastMode"],"gold_per_floor":[115,129,129,147,157,157,167,193,193,193,193,227,152,162,162,238,238,249,268,268,268,268,301,301,301],"floor_reached":24,"playtime":1196,"items_purged":["Cloak And Dagger+1"],"score":702,"play_id":"5c46e453-a503-458e-bb5d-76a214716ea2","local_time":"20210103210833","is_ascension_mode":true,"campfire_choices":[{"floor":6,"key":"RECALL"},{"data":"Sucker Punch","floor":11,"key":"SMITH"},{"data":"Crippling Poison","floor":15,"key":"SMITH"}],"circlet_count":0,"master_deck":["Cloak And Dagger+1","Cloak And Dagger+1","Cloak And Dagger+1","Cloak And Dagger+1","After Image+1","After Image+1","After Image+1","After Image+1","After Image+1","Eruption+1","Crescendo+1","Indignation+1","Tantrum+1","Backflip","Sucker Punch+1","Crippling Poison+1","Burst"],"relics":["Runic Dome","Mummified Hand","PureWater","Ring of the Serpent","Snake Skull","Molten Egg 2","Bottled Flame","SacredBark","Bag of Preparation","StrikeDummy"],"acts_visited":["Exordium","TheCity"],"potions_floor_usage":[],"damage_taken":[{"damage":0,"enemies":"Jaw Worm","floor":1,"turns":2},{"damage":0,"enemies":"Small Slimes","floor":2,"turns":2},{"damage":0,"enemies":"Cultist","floor":4,"turns":2},{"damage":0,"enemies":"Large Slime","floor":5,"turns":2},{"damage":0,"enemies":"2 Fungi Beasts","floor":7,"turns":2},{"damage":0,"enemies":"Lagavulin","floor":8,"turns":3},{"damage":0,"enemies":"3 Sentries","floor":12,"turns":3},{"damage":7,"enemies":"Looter","floor":14,"turns":2},{"damage":0,"enemies":"The Guardian","floor":16,"turns":5},{"damage":3,"enemies":"2 Thieves","floor":18,"turns":2},{"damage":1,"enemies":"Shell Parasite","floor":19,"turns":3},{"damage":31,"enemies":"Gremlin Leader","floor":23,"turns":3},{"damage":11,"enemies":"Snake Plant","floor":24,"turns":1}],"seed_played":"-3335083817870382011","potions_obtained":[{"floor":2,"key":"AttackPotion"},{"floor":8,"key":"Strength Potion"},{"floor":12,"key":"Ancient Potion"}],"is_trial":false,"path_per_floor":["M","M","?","M","M","R","M","E","T","?","R","E","$","M","R","B",null,"M","M","?","?","?","E","M"],"character_chosen":"THE_SILENT","items_purchased":[],"campfire_rested":0,"item_purchase_floors":[],"current_hp_per_floor":[59,59,59,59,59,59,59,59,59,66,66,66,66,59,59,59,64,61,60,60,42,42,11,0,0],"gold":301,"neow_bonus":"BOSS_RELIC","is_daily":false,"chose_seed":false,"campfire_upgraded":2,"win_rate":0.0,"timestamp":1609675713,"path_taken":["M","M","?","M","M","R","M","E","T","?","R","E","$","?","R","BOSS","M","M","?","?","?","E","M"],"items_purchased_type":[],"build_version":"2020-12-22","purchased_purges":1,"victory":false,"max_hp_per_floor":[66,66,66,66,66,66,66,66,66,66,66,66,66,66,66,66,66,66,66,66,71,71,71,71,71],"relic_stats":{"counters":[13,32],"Mummified Hand":[50],"Snake Skull":[11],"Bag of Preparation":[8],"obtain_stats":[{"Runic Dome":0,"Bottled Flame":12,"Mummified Hand":0,"SacredBark":17,"Molten Egg 2":9,"Snake Skull":8,"Bag of Preparation":17,"PureWater":0,"StrikeDummy":23,"Ring of the Serpent":0,"Ring of the Snake":0},{"Runic Dome":0,"Bottled Flame":7,"Mummified Hand":0,"SacredBark":9,"Molten Egg 2":6,"Snake Skull":6,"Bag of Preparation":9,"PureWater":0,"StrikeDummy":12,"Ring of the Serpent":0,"Ring of the Snake":0},{"Runic Dome":0,"Bottled Flame":16,"Mummified Hand":0,"SacredBark":23,"Molten Egg 2":13,"Snake Skull":13,"Bag of Preparation":23,"PureWater":0,"StrikeDummy":31,"Ring of the Serpent":0,"Ring of the Snake":0}]},"card_choices":[{"not_picked":["Slice","Dash","Dagger Spray"],"picked":"SKIP","floor":1},{"not_picked":["Dagger Spray","Setup","Underhanded Strike"],"picked":"SKIP","floor":2},{"not_picked":["PiercingWail","Deadly Poison"],"picked":"Noxious Fumes","floor":4},{"not_picked":["Finisher","PiercingWail"],"picked":"Backflip","floor":5},{"not_picked":["Setup","Dash"],"picked":"Sucker Punch","floor":7},{"not_picked":["Underhanded Strike","Distraction","Outmaneuver"],"picked":"SKIP","floor":8},{"not_picked":["Malaise","Crippling Poison","Underhanded Strike+1"],"picked":"SKIP","floor":12},{"not_picked":["Malaise","Crippling Poison","Underhanded Strike+1"],"picked":"SKIP","floor":12},{"not_picked":["Malaise","Underhanded Strike+1"],"picked":"Crippling Poison","floor":12},{"not_picked":["Backflip","Cloak And Dagger","Deflect"],"picked":"SKIP","floor":14},{"not_picked":["Unload+1","Bullet Time"],"picked":"Burst","floor":16},{"not_picked":["Poisoned Stab+1","Finisher+1","Blade Dance"],"picked":"SKIP","floor":18},{"not_picked":["Underhanded Strike+1","Prepared","Bouncing Flask"],"picked":"SKIP","floor":19},{"not_picked":["Calculated Gamble","Leg Sweep","Bane+1"],"picked":"SKIP","floor":23}],"player_experience":545502,"relics_obtained":[{"floor":8,"key":"Snake Skull"},{"floor":9,"key":"Molten Egg 2"},{"floor":12,"key":"Bottled Flame"},{"floor":23,"key":"StrikeDummy"}],"event_choices":[{"damage_healed":0,"gold_gain":0,"player_choice":"Ignored","damage_taken":0,"max_hp_gain":0,"max_hp_loss":0,"event_name":"Shining Light","floor":3,"gold_loss":0},{"cards_removed":["Noxious Fumes"],"damage_healed":7,"gold_gain":0,"player_choice":"Offered Uncommon","damage_taken":0,"max_hp_gain":0,"max_hp_loss":0,"event_name":"Bonfire Elementals","floor":10,"gold_loss":0},{"damage_healed":0,"gold_gain":0,"player_choice":"Ignored","damage_taken":0,"max_hp_gain":0,"max_hp_loss":0,"event_name":"Ghosts","floor":20,"gold_loss":0},{"damage_healed":0,"gold_gain":0,"player_choice":"Shed Blood","damage_taken":23,"max_hp_gain":5,"max_hp_loss":0,"event_name":"Forgotten Altar","floor":21,"gold_loss":0},{"damage_healed":0,"gold_gain":0,"player_choice":"Ignored","damage_taken":0,"max_hp_gain":0,"max_hp_loss":0,"event_name":"Vampires","floor":22,"gold_loss":0}],"is_beta":false,"boss_relics":[{"not_picked":["Sozu","Cursed Key"],"picked":"SacredBark"}],"items_purged_floors":[13],"is_endless":false,"potions_floor_spawned":[2,8,12,16],"killed_by":"Snake Plant","ascension_level":20}}