{"host":"z59j9eghykmqrz8g","time":1609709300,"event":{"mods":["Aspiration","BaseMod","Conspire","Infinite Spire","Minty Spire (QoL Compilation)","Replay The Spire","StSLib","vexMod"],"gold_per_floor":[109,109,109,127,144,170,185,32,32,32,62,81,114,132,132,232,232,251,251,261,261,278,278,289,289,289,301,332,332,332,347,347,445,445,462,476,496,508,526,526,563,563,590,565,565,575,589,140,140,140],"floor_reached":51,"playtime":3802,"items_purged":[],"score":1038,"play_id":"49f87fb4-67f9-454e-9596-4c6e14f780f4","local_time":"20210104082820","daily_mods":["SealedDeck","Vintage","Heirloom","Time Dilation"],"is_ascension_mode":false,"campfire_choices":[{"data":"1","floor":10,"key":"LIFT"},{"data":"2","floor":15,"key":"LIFT"},{"data":"3","floor":23,"key":"LIFT"},{"data":"Flex","floor":25,"key":"SMITH"},{"data":"Iron Wave","floor":30,"key":"SMITH"},{"data":"Iron Wave","floor":32,"key":"SMITH"},{"data":"Twin Strike","floor":40,"key":"SMITH"},{"data":"Clash","floor":42,"key":"SMITH"},{"data":"Clash","floor":45,"key":"SMITH"},{"data":"Pommel Strike","floor":49,"key":"SMITH"}],"circlet_count":0,"master_deck":["Twin Strike+1","Armaments+1","Iron Wave+1","Pommel Strike","Metallicize+1","Pommel Strike+1","Iron Wave+1","Flex+1","Clash+1","Clash+1","ReplayTheSpireMod:Stacked+1","Clash+1","Replay:Fractal Strike+1","Anger+1"],"relics":["Burning Blood","conspire:Boomerang","Calipers","Replay:Wax Seal","Molten Egg 2","Bird Faced Urn","CaptainsWheel","Replay:Bottled Snecko","Anchor","Guide Book","Girya","Odd Mushroom","Counterbalance","Bottled Tornado","Pantograph","Ring of Chaos","Unceasing Top","aspiration:Lifesprig","aspiration:SecretTechniqueScroll","StrikeDummy","CeramicFish","infinitespire:CursedDice","Kunai","Golden Egg","Pear","SlaversCollar","ReplayFunnel","PreservedInsect","ReplayTheSpireMod:Lightbulb","Replay:Rubber Ducky","BranchBurnRelic","Replay:Mystery Machine","Lantern","ReplayTheSpireMod:Shallot","ReplayTheSpireMod:TigerMarble","Strange Spoon","TungstenRod"],"acts_visited":["Exordium","TheCity","TheBeyond"],"potions_floor_usage":[20,33,33,33,41],"damage_taken":[{"damage":0,"enemies":"Small Slimes","floor":1,"turns":1},{"damage":3,"enemies":"Jaw Worm","floor":4,"turns":2},{"damage":0,"enemies":"2 Louse","floor":5,"turns":2},{"damage":4,"enemies":"Lagavulin","floor":6,"turns":3},{"damage":0,"enemies":"Large Slime","floor":7,"turns":1},{"damage":0,"enemies":"The Mushroom Lair","floor":11,"turns":3},{"damage":0,"enemies":"Gremlin Gang","floor":12,"turns":2},{"damage":0,"enemies":"Gremlin Nob","floor":13,"turns":2},{"damage":0,"enemies":"Lots of Slimes","floor":14,"turns":2},{"damage":0,"enemies":"Fading Forest","floor":16,"turns":11},{"damage":0,"enemies":"2 Thieves","floor":18,"turns":2},{"damage":0,"enemies":"Spheric Guardian","floor":20,"turns":2},{"damage":0,"enemies":"Snecko","floor":22,"turns":1},{"damage":0,"enemies":"3 Cultists","floor":24,"turns":3},{"damage":0,"enemies":"Centurion and Healer","floor":27,"turns":2},{"damage":0,"enemies":"conspire:SneckoGhost","floor":28,"turns":2},{"damage":0,"enemies":"conspire:HollyBat","floor":31,"turns":4},{"damage":0,"enemies":"Collector","floor":33,"turns":4},{"damage":0,"enemies":"3 Shapes","floor":35,"turns":2},{"damage":0,"enemies":"Orb Walker","floor":36,"turns":2},{"damage":0,"enemies":"Spire Growth","floor":37,"turns":3},{"damage":0,"enemies":"Sphere and 2 Shapes","floor":38,"turns":2},{"damage":0,"enemies":"Transient","floor":39,"turns":5},{"damage":0,"enemies":"R_Hoarder","floor":41,"turns":2},{"damage":0,"enemies":"Jaw Worm Horde","floor":46,"turns":2},{"damage":0,"enemies":"3 Darklings","floor":47,"turns":2},{"damage":0,"enemies":"Time Eater","floor":50,"turns":4}],"seed_played":"1088309775645282725","potions_obtained":[{"floor":5,"key":"SpeedPotion"},{"floor":11,"key":"DuplicationPotion"},{"floor":13,"key":"AttackPotion"},{"floor":20,"key":"BloodPotion"},{"floor":22,"key":"BlessingOfTheForge"},{"floor":35,"key":"BlessingOfTheForge"},{"floor":36,"key":"BloodPotion"},{"floor":41,"key":"ElixirPotion"}],"is_trial":true,"path_per_floor":["M","?","T","M","M","E","M","$","T","R","?","M","E","M","R","B",null,"M","?","M","AVR","M","R","M","R","T","M","E","$","R","M","R","B",null,"M","M","M","M","M","R","E","R","T","?","R","M","M","$","R","B",null],"character_chosen":"IRONCLAD","items_purchased":["Guide Book","Strange Spoon","TungstenRod"],"campfire_rested":0,"item_purchase_floors":[8,48,48],"current_hp_per_floor":[80,80,80,80,80,80,80,80,80,80,80,80,80,80,80,80,80,80,80,80,80,80,80,80,80,80,80,80,80,80,90,90,90,90,90,90,90,90,90,90,90,90,90,90,90,90,90,90,90,90],"gold":140,"neow_bonus":"","is_daily":false,"chose_seed":false,"campfire_upgraded":7,"win_rate":0.0,"timestamp":1609709300,"path_taken":["M","?","?","M","M","E","M","$","T","R","?","M","E","M","R","BOSS","M","?","M","AVR","M","R","M","R","T","M","E","$","R","M","R","BOSS","M","?","M","M","?","R","E","R","T","?","R","M","M","$","R","BOSS"],"items_purchased_type":["Relic","Relic","Relic"],"build_version":"2020-12-22","purchased_purges":0,"victory":true,"max_hp_per_floor":[80,80,80,80,80,80,80,80,80,80,80,80,80,80,80,80,80,80,80,80,80,80,80,80,80,80,80,80,80,80,90,90,90,90,90,90,90,90,90,90,90,90,90,90,90,90,90,90,90,90],"card_choices":[{"not_picked":["Abandon","Pommel Strike+1"],"picked":"ReplayTheSpireMod:Stacked","floor":6},{"not_picked":["Intimidate","Armaments"],"picked":"Clash+1","floor":11},{"not_picked":["Brutality","Headbutt+1","Carnage+1"],"picked":"SKIP","floor":13},{"not_picked":["Sentinel+1","ReplayTheSpireMod:LeadingStrike+1","Warcry"],"picked":"SKIP","floor":28},{"not_picked":["Havoc","Searing Blow+1"],"picked":"Anger+1","floor":41}],"player_experience":1504995,"relics_obtained":[{"floor":1,"key":"Calipers"},{"floor":2,"key":"Replay:Wax Seal"},{"floor":3,"key":"Molten Egg 2"},{"floor":4,"key":"Bird Faced Urn"},{"floor":5,"key":"CaptainsWheel"},{"floor":6,"key":"Replay:Bottled Snecko"},{"floor":7,"key":"Anchor"},{"floor":9,"key":"Girya"},{"floor":11,"key":"Odd Mushroom"},{"floor":12,"key":"Counterbalance"},{"floor":13,"key":"Bottled Tornado"},{"floor":14,"key":"Pantograph"},{"floor":18,"key":"Unceasing Top"},{"floor":20,"key":"aspiration:Lifesprig"},{"floor":22,"key":"StrikeDummy"},{"floor":24,"key":"CeramicFish"},{"floor":26,"key":"infinitespire:CursedDice"},{"floor":27,"key":"Kunai"},{"floor":28,"key":"Golden Egg"},{"floor":31,"key":"Pear"},{"floor":35,"key":"Dead Branch"},{"floor":36,"key":"ReplayFunnel"},{"floor":37,"key":"PreservedInsect"},{"floor":38,"key":"ReplayTheSpireMod:Lightbulb"},{"floor":39,"key":"Replay:Rubber Ducky"},{"floor":41,"key":"Replay:Mystery Machine"},{"floor":43,"key":"Lantern"},{"floor":46,"key":"ReplayTheSpireMod:Shallot"},{"floor":47,"key":"ReplayTheSpireMod:TigerMarble"}],"event_choices":[{"damage_healed":0,"gold_gain":0,"player_choice":"Fought Mushrooms","damage_taken":0,"max_hp_gain":0,"max_hp_loss":0,"event_name":"Mushrooms","floor":11,"gold_loss":0},{"damage_healed":0,"gold_gain":0,"player_choice":"Upgraded","damage_taken":0,"max_hp_gain":0,"max_hp_loss":0,"event_name":"Upgrade Shrine","floor":19,"gold_loss":0,"cards_upgraded":["Armaments"]}],"is_beta":false,"boss_relics":[{"not_picked":["vexMod:BigBerry","vexMod:NewClearReactor"],"picked":"Ring of Chaos"},{"not_picked":["Fusion Hammer","Replay:Drink Me"],"picked":"SlaversCollar"}],"items_purged_floors":[],"is_endless":false,"potions_floor_spawned":[5,11,13,14,20,22,27,31,35,36,41],"ascension_level":0}}