{"host":"g8a0qo0vjtg6u5wv","time":1609656887,"event":{"mods":["BaseMod","Colored Map","Custom Start","KOR Keyword Fix","Minty Spire (QoL Compilation)","StSLib","SuperFastMode","The Jungle"],"gold_per_floor":[117,117,137,148,158,158,187,61,61,61,80,99,114,193,193,270,270,290,301,226,44,63,63,63,96,121,121,138,138,149,160,160,160,160],"floor_reached":33,"playtime":746,"items_purged":["Strike_R","Strike_R"],"score":486,"play_id":"b3e93291-9c87-4bdf-9e5f-335eff4c08d4","local_time":"20210103155447","is_ascension_mode":true,"campfire_choices":[{"data":"Sword Boomerang","floor":6,"key":"SMITH"},{"data":"Blood for Blood","floor":10,"key":"SMITH"},{"floor":15,"key":"REST"},{"floor":23,"key":"REST"},{"data":"Strike_R","floor":29,"key":"PURGE"},{"floor":32,"key":"REST"}],"circlet_count":0,"master_deck":["AscendersBane","Strike_R","Defend_R","Defend_R","Defend_R","Defend_R","Bash+1","Wild Strike","Reckless Charge","Blood for Blood+1","Sword Boomerang+1","Pommel Strike","Spot Weakness","Feed+1","Headbutt+1","Flame Barrier","Immolate+1","Armaments","Uppercut+1","Inflame","Flex","Warcry+1","Rage","Dark Embrace","Reaper+1","Flex"],"relics":["Runic Cube","Smiling Mask","Molten Egg 2","Velvet Choker","Peace Pipe","Dead Branch","Anchor"],"acts_visited":["Exordium","TheCity"],"potions_floor_usage":[7,12,13,16,19,25,30,31],"damage_taken":[{"damage":4,"enemies":"2 Louse","floor":1,"turns":3},{"damage":1,"enemies":"Cultist","floor":3,"turns":3},{"damage":0,"enemies":"Small Slimes","floor":4,"turns":3},{"damage":10,"enemies":"2 Fungi Beasts","floor":5,"turns":3},{"damage":55,"enemies":"3 Sentries","floor":7,"turns":11},{"damage":12,"enemies":"Looter","floor":11,"turns":3},{"damage":12,"enemies":"Lots of Slimes","floor":12,"turns":3},{"damage":0,"enemies":"2 Fungi Beasts","floor":13,"turns":1},{"damage":18,"enemies":"Slime Boss","floor":16,"turns":9},{"damage":24,"enemies":"Spheric Guardian","floor":18,"turns":4},{"damage":6,"enemies":"2 Thieves","floor":19,"turns":2},{"damage":19,"enemies":"Snake Plant","floor":22,"turns":2},{"damage":37,"enemies":"Book of Stabbing","floor":25,"turns":4},{"damage":16,"enemies":"Centurion and Healer","floor":28,"turns":5},{"damage":0,"enemies":"Cultist and Chosen","floor":30,"turns":3},{"damage":27,"enemies":"Chosen and Byrds","floor":31,"turns":5},{"damage":56,"enemies":"Collector","floor":33,"turns":5}],"seed_played":"2341269189140815212","potions_obtained":[{"floor":4,"key":"EntropicBrew"},{"floor":7,"key":"ColorlessPotion"},{"floor":13,"key":"Energy Potion"},{"floor":16,"key":"DuplicationPotion"},{"floor":18,"key":"Energy Potion"},{"floor":19,"key":"ColorlessPotion"},{"floor":25,"key":"EssenceOfSteel"}],"is_trial":false,"path_per_floor":["M","?","M","M","M","R","E","$","T","R","M","M","M","?","R","B",null,"M","M","?","$","M","R","?","E","T","?","M","R","M","M","R","B"],"character_chosen":"IRONCLAD","items_purchased":["Spot Weakness","Inflame","Flex"],"campfire_rested":3,"item_purchase_floors":[8,21,21],"current_hp_per_floor":[64,64,63,63,53,53,22,22,22,22,10,2,2,2,25,7,61,37,35,35,35,16,40,40,3,3,30,22,22,26,12,41,0,0],"gold":160,"neow_bonus":"BOSS_RELIC","is_daily":false,"chose_seed":false,"campfire_upgraded":2,"win_rate":0.0,"timestamp":1609656887,"path_taken":["M","?","M","M","M","R","E","$","T","R","M","M","?","?","R","BOSS","M","M","?","$","M","R","?","E","T","?","M","R","M","M","R","BOSS"],"items_purchased_type":["Card","Card","Card"],"build_version":"2020-12-22","purchased_purges":2,"victory":false,"max_hp_per_floor":[75,75,75,75,75,75,75,75,75,75,75,79,79,79,79,79,79,79,83,83,83,83,83,83,83,83,83,91,91,95,99,99,99,99],"card_choices":[{"not_picked":["Flex","Havoc"],"picked":"Wild Strike","floor":1},{"not_picked":["Iron Wave","Battle Trance"],"picked":"Reckless Charge","floor":3},{"not_picked":["Headbutt","Pommel Strike"],"picked":"Blood for Blood","floor":4},{"not_picked":["Battle Trance","Headbutt"],"picked":"Sword Boomerang","floor":5},{"not_picked":["Thunderclap","Headbutt"],"picked":"Pommel Strike","floor":7},{"not_picked":["Searing Blow+1","Sword Boomerang+1"],"picked":"Feed+1","floor":11},{"not_picked":["Sentinel","Body Slam+1"],"picked":"Headbutt+1","floor":12},{"not_picked":["Flex","Seeing Red"],"picked":"Flame Barrier","floor":13},{"not_picked":["Reaper+1","Demon Form"],"picked":"Immolate+1","floor":16},{"not_picked":["Heavy Blade+1","Dropkick+1"],"picked":"Armaments","floor":18},{"not_picked":["Inflame","Carnage+1"],"picked":"Uppercut+1","floor":19},{"not_picked":["Perfected Strike+1","Twin Strike+1"],"picked":"Warcry+1","floor":22},{"not_picked":["Body Slam+1","Searing Blow+1"],"picked":"Rage","floor":25},{"not_picked":["Metallicize","Wild Strike+1"],"picked":"Dark Embrace","floor":28},{"not_picked":["Sword Boomerang+1","Carnage+1"],"picked":"Reaper+1","floor":30},{"not_picked":["Dual Wield","Heavy Blade+1"],"picked":"Flex","floor":31}],"player_experience":544215,"relics_obtained":[{"floor":7,"key":"Smiling Mask"},{"floor":9,"key":"Molten Egg 2"},{"floor":25,"key":"Dead Branch"},{"floor":26,"key":"Anchor"}],"event_choices":[{"damage_healed":0,"gold_gain":0,"player_choice":"Forge","damage_taken":0,"max_hp_gain":0,"max_hp_loss":0,"event_name":"Accursed Blacksmith","floor":2,"gold_loss":0,"cards_upgraded":["Bash"]},{"damage_healed":0,"gold_gain":79,"player_choice":"Gained Gold","damage_taken":0,"max_hp_gain":0,"max_hp_loss":0,"event_name":"Golden Wing","floor":14,"gold_loss":0},{"cards_removed":["Strike_R"],"damage_healed":0,"gold_gain":0,"player_choice":"Gave Gold","damage_taken":0,"max_hp_gain":0,"max_hp_loss":0,"event_name":"Beggar","floor":20,"gold_loss":75},{"damage_healed":0,"gold_gain":0,"player_choice":"Opened","damage_taken":0,"relics_obtained":["Peace Pipe"],"max_hp_gain":0,"max_hp_loss":0,"event_name":"The Mausoleum","floor":24,"gold_loss":0},{"damage_healed":27,"gold_gain":0,"player_choice":"Heal","damage_taken":0,"max_hp_gain":0,"max_hp_loss":0,"event_name":"The Library","floor":27,"gold_loss":0}],"is_beta":false,"boss_relics":[{"not_picked":["SacredBark","Busted Crown"],"picked":"Velvet Choker"}],"items_purged_floors":[8,21],"is_endless":false,"potions_floor_spawned":[4,7,13,16,18,19,25],"killed_by":"Collector","ascension_level":14}}