{"host":"jgqxb38yl0c1w101","time":1609654302,"event":{"mods":["BaseMod","Colored Map","Downfall","Minty Spire (QoL Compilation)","StSLib"],"gold_per_floor":[99,99,99,99,549,574,650,650,670,470,470,470,84,97,112,112,112,112],"floor_reached":16,"playtime":831,"items_purged":["downfall:Icky"],"score":114,"play_id":"456c1c3a-dc0e-4c84-b93e-395ab10a6814","local_time":"20210103011142","is_ascension_mode":true,"campfire_choices":[{"floor":1,"key":"RECALL"},{"floor":10,"key":"REST"}],"circlet_count":0,"master_deck":["champ:Strike","champ:Strike+1","champ:Strike","champ:Strike","champ:Defend","champ:Defend+1","champ:Defend","champ:Defend","champ:Execute","champ:Taunt","champ:DefensiveStyle+1","champ:PreciseThrust+1","champ:Circumvent+1","downfall:Icky","champ:DefensiveStyle","champ:BringItOn","downfall:Malfunctioning","champ:CrownThrow","champ:FlashCut","champ:FocusedDefense"],"relics":["champ:ChampionCrown","downfall:HeartsMalice","Ancient Tea Set","Spirit Poop","downfall:HeartBlessingRed","downfall:HeartBlessingBlue","downfall:ShatteredFragment","Whetstone","champ:FightingForDummies"],"acts_visited":["Exordium"],"potions_floor_usage":[9,16,16],"damage_taken":[{"damage":0,"enemies":"Jaw Worm","floor":2,"turns":1},{"damage":0,"enemies":"2 Louse","floor":3,"turns":1},{"damage":0,"enemies":"Cultist","floor":4,"turns":1},{"damage":76,"enemies":"3 Sentries","floor":6,"turns":11},{"damage":0,"enemies":"2 Fungi Beasts","floor":9,"turns":3},{"damage":9,"enemies":"downfall:FleeingMerchant","floor":13,"turns":4},{"damage":5,"enemies":"Red Slaver","floor":14,"turns":3},{"damage":0,"enemies":"Blue Slaver","floor":15,"turns":3},{"damage":41,"enemies":"downfall:Defect","floor":16,"turns":8}],"seed_played":"-3597430231185755773","potions_obtained":[{"floor":6,"key":"Fire Potion"},{"floor":9,"key":"AttackPotion"},{"floor":14,"key":"Block Potion"}],"is_trial":false,"path_per_floor":["R","M","M","M","?","E","T","?","M","R","?","?","$","M","M","B"],"character_chosen":"THE_CHAMP","items_purchased":["Whetstone","champ:FightingForDummies"],"campfire_rested":1,"item_purchase_floors":[13,13],"current_hp_per_floor":[90,90,90,90,90,29,29,29,29,69,69,42,38,38,38,0,0,0],"gold":112,"neow_bonus":"THREE_ENEMY_KILL","is_daily":false,"chose_seed":false,"campfire_upgraded":0,"win_rate":0.0,"timestamp":1609654302,"path_taken":["R","M","M","M","?","E","T","?","?","R","?","?","$","M","M","BOSS"],"items_purchased_type":["Relic","Relic"],"build_version":"2020-12-22","purchased_purges":1,"victory":false,"max_hp_per_floor":[90,90,90,90,90,90,90,90,90,100,100,100,100,100,100,100,100,100],"card_choices":[{"not_picked":["champ:Backstep","champ:HeartStrike"],"picked":"champ:DefensiveStyle","floor":2},{"not_picked":["champ:EnGarde","champ:FanOfKnives"],"picked":"champ:PreciseThrust","floor":3},{"not_picked":["champ:RecklessLeap","champ:BerserkerStyle"],"picked":"champ:Circumvent","floor":4},{"not_picked":["champ:StanceDance","champ:Circumvent"],"picked":"champ:DefensiveStyle","floor":6},{"not_picked":["champ:BladeFlurry","champ:GutPunch"],"picked":"champ:BringItOn","floor":9},{"not_picked":["champ:ViciousMockery","champ:SkillfulDodge"],"picked":"champ:CrownThrow","floor":13},{"not_picked":["champ:PreciseThrust","champ:TornadoPunch"],"picked":"champ:FlashCut","floor":14},{"not_picked":["champ:CrownThrow","champ:Encircle"],"picked":"champ:FocusedDefense","floor":15}],"player_experience":137802,"relics_obtained":[{"floor":6,"key":"Ancient Tea Set"}],"event_choices":[{"cards_removed":["downfall:Icky"],"damage_healed":0,"gold_gain":0,"player_choice":"Offered Curse","damage_taken":0,"relics_obtained":["Spirit Poop"],"max_hp_gain":0,"max_hp_loss":0,"event_name":"Bonfire Elementals","floor":8,"gold_loss":0}],"is_beta":false,"boss_relics":[],"items_purged_floors":[13],"is_endless":false,"potions_floor_spawned":[6,9,14],"killed_by":"downfall:Defect","ascension_level":4}}