{"host":"rolltorest","time":1609708556,"event":{"mods":["BaseMod","Minty Spire (QoL Compilation)","Relic Stats","Robot Space Explorer","Slay the Relics Exporter","StSLib"],"gold_per_floor":[114,114,114,129,129,161,161,193,220,233,252,252,252,252],"floor_reached":13,"playtime":331,"items_purged":[],"score":183,"play_id":"0f5aa4d0-0f34-4133-ba4c-808ec74f5a20","local_time":"20210103131556","is_ascension_mode":true,"campfire_choices":[{"data":"RobotSpaceExplorer:DoubleFind","floor":7,"key":"SMITH"},{"floor":12,"key":"REST"}],"circlet_count":0,"master_deck":["AscendersBane","RobotSpaceExplorer:Strike","RobotSpaceExplorer:Strike","RobotSpaceExplorer:Strike","RobotSpaceExplorer:Strike+1","RobotSpaceExplorer:Defend","RobotSpaceExplorer:Defend","RobotSpaceExplorer:Defend","RobotSpaceExplorer:Defend","RobotSpaceExplorer:Scan+1","RobotSpaceExplorer:MiniLasers","RobotSpaceExplorer:DoubleFind+1","RobotSpaceExplorer:ExhaustFan","RobotSpaceExplorer:Smokescreen"],"relics":["RobotSpaceExplorer:RoboCore","NeowsBlessing","Regal Pillow","Orichalcum"],"acts_visited":["Exordium"],"potions_floor_usage":[8,11,13],"damage_taken":[{"damage":0,"enemies":"Small Slimes","floor":1,"turns":1},{"damage":0,"enemies":"Cultist","floor":4,"turns":1},{"damage":0,"enemies":"3 Sentries","floor":6,"turns":2},{"damage":45,"enemies":"Gremlin Nob","floor":8,"turns":6},{"damage":0,"enemies":"Jaw Worm","floor":10,"turns":5},{"damage":0,"enemies":"3 Louse","floor":11,"turns":3},{"damage":51,"enemies":"Lagavulin","floor":13,"turns":13}],"seed_played":"-7420358042007431497","potions_obtained":[{"floor":4,"key":"FearPotion"},{"floor":6,"key":"Block Potion"},{"floor":8,"key":"Explosive Potion"}],"is_trial":false,"path_per_floor":["M","?","?","M","?","E","R","E","T","M","M","R","E"],"character_chosen":"RobotSpaceExplorer","items_purchased":[],"campfire_rested":1,"item_purchase_floors":[],"current_hp_per_floor":[68,53,58,58,50,50,50,5,5,5,5,44,0,0],"gold":252,"neow_bonus":"THREE_ENEMY_KILL","is_daily":false,"chose_seed":false,"campfire_upgraded":1,"win_rate":0.0,"timestamp":1609708556,"path_taken":["M","?","?","M","?","E","R","E","T","M","M","R","E"],"items_purchased_type":[],"build_version":"2020-12-18","purchased_purges":0,"victory":false,"max_hp_per_floor":[75,75,80,80,80,80,80,80,80,80,80,80,80,80],"relic_stats":{"Regal Pillow":15,"counters":[7,31],"Orichalcum":[30],"obtain_stats":[{"Regal Pillow":6,"NeowsBlessing":0,"RobotSpaceExplorer:RoboCore":0,"Orichalcum":8},{"Regal Pillow":3,"NeowsBlessing":0,"RobotSpaceExplorer:RoboCore":0,"Orichalcum":4},{"Regal Pillow":4,"NeowsBlessing":0,"RobotSpaceExplorer:RoboCore":0,"Orichalcum":10}]},"card_choices":[{"not_picked":["RobotSpaceExplorer:Pulsar","RobotSpaceExplorer:Calculate","RobotSpaceExplorer:Probe"],"picked":"SKIP","floor":1},{"not_picked":["RobotSpaceExplorer:MiniDrones","RobotSpaceExplorer:FreezeRay","RobotSpaceExplorer:LuckyStrike"],"picked":"SKIP","floor":4},{"not_picked":["RobotSpaceExplorer:SlimeMissile","RobotSpaceExplorer:Pulsar"],"picked":"RobotSpaceExplorer:DoubleFind","floor":6},{"not_picked":["RobotSpaceExplorer:Calculate","RobotSpaceExplorer:GlueShot"],"picked":"RobotSpaceExplorer:ExhaustFan","floor":8},{"not_picked":["RobotSpaceExplorer:ShockKick","RobotSpaceExplorer:ScrapMissile"],"picked":"RobotSpaceExplorer:Smokescreen","floor":10},{"not_picked":["RobotSpaceExplorer:StunGrenade","RobotSpaceExplorer:ScrapMissile","RobotSpaceExplorer:ScrapShield"],"picked":"SKIP","floor":11}],"player_experience":1755130,"relics_obtained":[{"floor":6,"key":"Regal Pillow"},{"floor":8,"key":"Orichalcum"}],"event_choices":[{"damage_healed":0,"gold_gain":0,"player_choice":"Entered Light","damage_taken":15,"max_hp_gain":0,"max_hp_loss":0,"event_name":"Shining Light","floor":2,"gold_loss":0,"cards_upgraded":["RobotSpaceExplorer:Strike","RobotSpaceExplorer:Scan"]},{"damage_healed":0,"gold_gain":0,"player_choice":"Donut","damage_taken":0,"max_hp_gain":5,"max_hp_loss":0,"event_name":"Big Fish","floor":3,"gold_loss":0},{"damage_healed":0,"gold_gain":0,"player_choice":"Damaged","damage_taken":8,"max_hp_gain":0,"max_hp_loss":0,"event_name":"Wheel of Change","floor":5,"gold_loss":0}],"is_beta":true,"boss_relics":[],"items_purged_floors":[],"is_endless":false,"potions_floor_spawned":[4,6,8],"killed_by":"Lagavulin","ascension_level":11}}