{"host":"u1dfzl6o6mfmauc3","time":1609712269,"event":{"mods":["2.2 Compatiblity","BaseMod","Block Reminder","Minty Spire (QoL Compilation)","Relic Stats","StSLib"],"gold_per_floor":[116,131,131,150,160,195,211,10,10,37,37,12,12,27,27,125,125,137,137,154,168,179,179,190,34,34,34,67,79,91,128,140,152,152],"floor_reached":33,"playtime":1490,"items_purged":[],"score":297,"play_id":"09972cf0-bfb2-417c-acb8-4d50da606bae","local_time":"20210103171749","is_ascension_mode":false,"campfire_choices":[{"data":"Seeing Red","floor":11,"key":"SMITH"},{"data":"Flame Barrier","floor":15,"key":"SMITH"},{"data":"Fiend Fire","floor":23,"key":"SMITH"},{"floor":27,"key":"REST"},{"data":"Flex","floor":32,"key":"SMITH"}],"circlet_count":0,"master_deck":["Strike_R+1","Strike_R+1","Strike_R+1","Strike_R+1","Strike_R+1","Defend_R+1","Defend_R+1","Defend_R+1","Defend_R+1","Bash+1","Pommel Strike","Flex+1","Cleave","Flame Barrier+1","Clothesline","Seeing Red+1","Anger","Armaments+1","Dual Wield","Fiend Fire+1","Iron Wave+1","Disarm+1","Thunderclap+1","Impervious"],"relics":["Burning Blood","Bag of Preparation","Bag of Marbles","Toy Ornithopter","Whetstone","Philosopher\u0027s Stone","Frozen Egg 2","Membership Card","Sundial","MawBank","Self Forming Clay"],"acts_visited":["Exordium","TheCity"],"potions_floor_usage":[5,10,16,18,28,28,31,33],"damage_taken":[{"damage":6,"enemies":"Cultist","floor":1,"turns":3},{"damage":3,"enemies":"Small Slimes","floor":2,"turns":3},{"damage":1,"enemies":"Jaw Worm","floor":4,"turns":3},{"damage":4,"enemies":"2 Fungi Beasts","floor":5,"turns":2},{"damage":26,"enemies":"3 Sentries","floor":6,"turns":8},{"damage":2,"enemies":"Blue Slaver","floor":7,"turns":4},{"damage":12,"enemies":"Lagavulin","floor":10,"turns":6},{"damage":0,"enemies":"Red Slaver","floor":14,"turns":1},{"damage":47,"enemies":"The Guardian","floor":16,"turns":11},{"damage":8,"enemies":"3 Byrds","floor":18,"turns":2},{"damage":0,"enemies":"Chosen","floor":20,"turns":3},{"damage":40,"enemies":"Sentry and Sphere","floor":21,"turns":6},{"damage":16,"enemies":"Centurion and Healer","floor":22,"turns":7},{"damage":20,"enemies":"Cultist and Chosen","floor":24,"turns":5},{"damage":15,"enemies":"Gremlin Leader","floor":28,"turns":3},{"damage":4,"enemies":"Book of Stabbing","floor":31,"turns":5},{"damage":62,"enemies":"Champ","floor":33,"turns":10}],"seed_played":"6888607033643274361","potions_obtained":[{"floor":1,"key":"LiquidBronze"},{"floor":4,"key":"SkillPotion"},{"floor":7,"key":"AttackPotion"},{"floor":18,"key":"Strength Potion"},{"floor":22,"key":"BlessingOfTheForge"},{"floor":28,"key":"AttackPotion"},{"floor":31,"key":"ColorlessPotion"}],"is_trial":false,"path_per_floor":["M","M","?","M","M","E","M","$","T","E","R","$","?","M","R","B",null,"M","?","M","M","M","R","M","$","T","R","E","?","?","E","R","B"],"character_chosen":"IRONCLAD","items_purchased":["Bag of Marbles","SkillPotion","Armaments","Membership Card"],"campfire_rested":1,"item_purchase_floors":[8,8,12,25],"current_hp_per_floor":[80,80,80,80,80,60,64,64,64,63,63,63,63,69,69,33,80,78,78,80,46,36,36,22,22,22,46,47,47,47,54,54,0,0],"gold":152,"neow_bonus":"","is_daily":false,"chose_seed":false,"campfire_upgraded":4,"win_rate":0.0,"timestamp":1609712269,"path_taken":["M","?","?","M","M","E","M","$","T","E","R","?","?","M","R","BOSS","M","?","M","?","M","R","M","$","T","R","E","?","?","E","R","BOSS"],"items_purchased_type":["Relic","Potion","Card","Relic"],"build_version":"2020-12-22","purchased_purges":0,"victory":false,"max_hp_per_floor":[80,80,80,80,80,80,80,80,80,80,80,80,80,80,80,80,80,80,80,80,80,80,80,80,80,80,80,80,80,80,80,80,80,80],"relic_stats":{"counters":[17,82],"Sundial":[2],"Self Forming Clay":[12],"Bag of Preparation":[24],"Whetstone":["Bash","Strike_R"],"MawBank":60,"obtain_stats":[{"Sundial":26,"Self Forming Clay":31,"Philosopher\u0027s Stone":17,"Bag of Preparation":6,"Bag of Marbles":8,"Whetstone":10,"Membership Card":25,"Frozen Egg 2":19,"MawBank":28,"Burning Blood":0,"Toy Ornithopter":9},{"Sundial":14,"Self Forming Clay":16,"Philosopher\u0027s Stone":9,"Bag of Preparation":5,"Bag of Marbles":6,"Whetstone":7,"Membership Card":14,"Frozen Egg 2":10,"MawBank":15,"Burning Blood":0,"Toy Ornithopter":6},{"Sundial":64,"Self Forming Clay":72,"Philosopher\u0027s Stone":41,"Bag of Preparation":19,"Bag of Marbles":23,"Whetstone":29,"Membership Card":64,"Frozen Egg 2":43,"MawBank":67,"Burning Blood":0,"Toy Ornithopter":23}],"Burning Blood":82,"Toy Ornithopter":30},"card_choices":[{"not_picked":["Combust","Dark Embrace"],"picked":"Pommel Strike","floor":1},{"not_picked":["Warcry","Clash"],"picked":"Flex","floor":2},{"not_picked":["Warcry","Sword Boomerang"],"picked":"Cleave","floor":4},{"not_picked":["Hemokinesis","Burning Pact"],"picked":"Flame Barrier","floor":5},{"not_picked":["Flex","Juggernaut"],"picked":"Clothesline","floor":6},{"not_picked":["True Grit","Headbutt"],"picked":"Seeing Red","floor":7},{"not_picked":["Twin Strike","Searing Blow"],"picked":"Anger","floor":10},{"not_picked":["Armaments","Clash"],"picked":"Dual Wield","floor":14},{"not_picked":["Double Tap","Corruption"],"picked":"Fiend Fire","floor":16},{"not_picked":["Pommel Strike+1","Combust"],"picked":"Iron Wave+1","floor":18},{"not_picked":["Infernal Blade","Carnage","Clothesline+1"],"picked":"SKIP","floor":20},{"not_picked":["Headbutt","Sword Boomerang+1"],"picked":"Disarm+1","floor":21},{"not_picked":["Disarm","Cleave"],"picked":"Thunderclap+1","floor":22},{"not_picked":["Warcry","Armaments","Reckless Charge+1"],"picked":"SKIP","floor":24},{"not_picked":["Feel No Pain+1","True Grit+1"],"picked":"Impervious","floor":28},{"not_picked":["Clash","Twin Strike","Iron Wave+1"],"picked":"SKIP","floor":31}],"player_experience":0,"relics_obtained":[{"floor":6,"key":"Bag of Preparation"},{"floor":9,"key":"Toy Ornithopter"},{"floor":10,"key":"Whetstone"},{"floor":19,"key":"Frozen Egg 2"},{"floor":26,"key":"Sundial"},{"floor":28,"key":"MawBank"},{"floor":31,"key":"Self Forming Clay"}],"event_choices":[{"damage_healed":0,"gold_gain":0,"player_choice":"Ignored","damage_taken":0,"max_hp_gain":0,"max_hp_loss":0,"event_name":"Liars Game","floor":3,"gold_loss":0},{"damage_healed":0,"gold_gain":0,"player_choice":"Grow","damage_taken":0,"max_hp_gain":0,"max_hp_loss":0,"event_name":"Living Wall","floor":13,"gold_loss":0,"cards_upgraded":["Armaments"]},{"damage_healed":0,"gold_gain":0,"player_choice":"Relic","damage_taken":0,"max_hp_gain":0,"max_hp_loss":0,"event_name":"Wheel of Change","floor":19,"gold_loss":0},{"damage_healed":0,"gold_gain":0,"player_choice":"Simplicity","damage_taken":0,"max_hp_gain":0,"max_hp_loss":0,"event_name":"Back to Basics","floor":29,"gold_loss":0,"cards_upgraded":["Strike_R","Strike_R","Strike_R","Strike_R","Defend_R","Defend_R","Defend_R","Defend_R"]},{"damage_healed":0,"gold_gain":0,"player_choice":"Ignored","damage_taken":0,"max_hp_gain":0,"max_hp_loss":0,"event_name":"The Mausoleum","floor":30,"gold_loss":0}],"is_beta":false,"boss_relics":[{"not_picked":["SacredBark","Cursed Key"],"picked":"Philosopher\u0027s Stone"}],"items_purged_floors":[],"is_endless":false,"potions_floor_spawned":[1,4,7,18,22,28,31],"killed_by":"Champ","ascension_level":0}}