{"host":"Jonboy","time":1609695140,"event":{"mods":["AchievementEnabler","BaseMod","Block Reminder","Colored Powertips","Minty Spire (QoL Compilation)","Relic Stats"],"gold_per_floor":[110,110,130,146,146,146,173,173,196,15,15,28,45,63,63,167,167,186,186,186,186,210,210,239,254,280,291,291,311,328,345,345,445,445,455,469,488,36,36,36,69,80,152,186,186,200,200,234,234,234],"floor_reached":51,"playtime":2824,"items_purged":["Strike_G"],"score":1289,"play_id":"7e70d6f4-ce99-4cca-8f82-f3de397284af","local_time":"20210103173220","is_ascension_mode":true,"campfire_choices":[{"data":"Cloak And Dagger","floor":6,"key":"SMITH"},{"data":"Quick Slash","floor":8,"key":"SMITH"},{"floor":11,"key":"REST"},{"data":"Bouncing Flask","floor":15,"key":"SMITH"},{"floor":23,"key":"REST"},{"floor":28,"key":"REST"},{"floor":32,"key":"REST"},{"floor":40,"key":"REST"},{"floor":45,"key":"REST"},{"floor":47,"key":"REST"},{"floor":49,"key":"REST"}],"circlet_count":0,"master_deck":["AscendersBane","Strike_G","Strike_G","Strike_G+1","Strike_G","Defend_G+1","Defend_G","Defend_G","Defend_G","Defend_G","Survivor","Neutralize+1","Quick Slash+1","Footwork","Cloak And Dagger+1","Footwork","Backflip","Adrenaline","Bouncing Flask+1","Backstab","Tools of the Trade","Catalyst+1","Crippling Poison","RitualDagger","Dodge and Roll+1","Escape Plan","Noxious Fumes","Wraith Form v2","PiercingWail","Calculated Gamble","Leg Sweep","Acrobatics","Deflect+1","Deadly Poison","Adrenaline+1","Backflip+1","Concentrate+1"],"relics":["Ring of the Snake","Snake Skull","Tough Bandages","Smiling Mask","Vajra","Fusion Hammer","Strawberry","Singing Bowl","War Paint","Runic Pyramid","PreservedInsect","Lee\u0027s Waffle","Bronze Scales","Toxic Egg 2","Orichalcum","Calipers"],"acts_visited":["Exordium","TheCity","TheBeyond"],"potions_floor_usage":[7,7,13,25,31,44,44],"damage_taken":[{"damage":1,"enemies":"2 Louse","floor":1,"turns":4},{"damage":0,"enemies":"Jaw Worm","floor":3,"turns":4},{"damage":0,"enemies":"Small Slimes","floor":4,"turns":3},{"damage":16,"enemies":"3 Sentries","floor":7,"turns":11},{"damage":0,"enemies":"Looter","floor":12,"turns":5},{"damage":0,"enemies":"Gremlin Gang","floor":13,"turns":2},{"damage":6,"enemies":"Large Slime","floor":14,"turns":4},{"damage":5,"enemies":"Hexaghost","floor":16,"turns":9},{"damage":5,"enemies":"Chosen","floor":18,"turns":4},{"damage":20,"enemies":"Book of Stabbing","floor":24,"turns":5},{"damage":6,"enemies":"2 Thieves","floor":25,"turns":4},{"damage":4,"enemies":"Centurion and Healer","floor":27,"turns":6},{"damage":16,"enemies":"Shelled Parasite and Fungi","floor":29,"turns":6},{"damage":1,"enemies":"Cultist and Chosen","floor":30,"turns":6},{"damage":0,"enemies":"Centurion and Healer","floor":31,"turns":5},{"damage":8,"enemies":"Champ","floor":33,"turns":9},{"damage":0,"enemies":"Orb Walker","floor":35,"turns":4},{"damage":15,"enemies":"3 Darklings","floor":36,"turns":6},{"damage":1,"enemies":"Jaw Worm Horde","floor":37,"turns":6},{"damage":15,"enemies":"Giant Head","floor":41,"turns":8},{"damage":0,"enemies":"Transient","floor":42,"turns":5},{"damage":12,"enemies":"Reptomancer","floor":44,"turns":7},{"damage":1,"enemies":"Sphere and 2 Shapes","floor":46,"turns":5},{"damage":0,"enemies":"Giant Head","floor":48,"turns":8},{"damage":10,"enemies":"Awakened One","floor":50,"turns":16}],"seed_played":"-2191503234995372979","potions_obtained":[{"floor":0,"key":"EntropicBrew"},{"floor":0,"key":"CunningPotion"},{"floor":16,"key":"BlessingOfTheForge"},{"floor":18,"key":"Block Potion"},{"floor":29,"key":"Strength Potion"},{"floor":31,"key":"Fire Potion"},{"floor":36,"key":"Weak Potion"},{"floor":41,"key":"Energy Potion"},{"floor":48,"key":"Weak Potion"}],"is_trial":false,"path_per_floor":["M","?","M","M","?","R","E","R","T","$","R","M","M","M","R","B",null,"M","?","?","?","T","R","E","M","T","M","R","M","M","M","R","B",null,"M","M","M","$","?","R","E","M","T","E","R","M","R","E","R","B",null],"character_chosen":"THE_SILENT","items_purchased":["Backflip","Vajra","Leg Sweep","Acrobatics","PreservedInsect","Lee\u0027s Waffle"],"campfire_rested":8,"item_purchase_floors":[10,10,38,38,38,38],"current_hp_per_floor":[62,48,48,48,41,41,25,25,25,25,46,46,46,40,40,35,61,56,56,56,50,57,77,57,51,51,49,72,58,57,59,83,75,81,81,68,67,92,88,98,83,83,83,71,98,97,98,98,98,88],"gold":234,"neow_bonus":"THREE_SMALL_POTIONS","is_daily":false,"chose_seed":false,"campfire_upgraded":3,"win_rate":0.0,"timestamp":1609695140,"path_taken":["M","?","M","M","?","R","E","R","T","$","R","M","M","M","R","BOSS","M","?","?","?","?","R","E","M","T","M","R","M","M","M","R","BOSS","M","?","M","$","?","R","E","M","T","E","R","M","R","E","R","BOSS"],"items_purchased_type":["Card","Relic","Card","Card","Relic","Relic"],"build_version":"2020-12-18","purchased_purges":1,"victory":true,"max_hp_per_floor":[70,70,70,70,70,70,70,70,70,70,70,70,70,70,70,70,70,70,70,70,70,77,77,77,77,77,79,79,81,81,83,83,83,83,83,85,85,92,98,98,98,98,98,98,98,98,98,98,98,98],"relic_stats":{"Tough Bandages":[321],"Lee\u0027s Waffle":25,"Singing Bowl":14,"counters":[25,152],"Bronze Scales":[153],"Snake Skull":[197],"PreservedInsect":322,"War Paint":["Catalyst","Defend_G"],"Orichalcum":[18],"Smiling Mask":25,"obtain_stats":[{"Lee\u0027s Waffle":38,"Calipers":48,"Singing Bowl":24,"Vajra":10,"Snake Skull":5,"PreservedInsect":38,"War Paint":26,"Orichalcum":44,"Smiling Mask":9,"Tough Bandages":7,"Strawberry":22,"Bronze Scales":41,"Fusion Hammer":17,"Toxic Egg 2":43,"Ring of the Snake":0,"Runic Pyramid":34},{"Lee\u0027s Waffle":19,"Calipers":24,"Singing Bowl":10,"Vajra":4,"Snake Skull":3,"PreservedInsect":19,"War Paint":11,"Orichalcum":22,"Smiling Mask":4,"Tough Bandages":4,"Strawberry":9,"Bronze Scales":20,"Fusion Hammer":8,"Toxic Egg 2":21,"Ring of the Snake":0,"Runic Pyramid":16},{"Lee\u0027s Waffle":103,"Calipers":136,"Singing Bowl":51,"Vajra":22,"Snake Skull":11,"PreservedInsect":103,"War Paint":55,"Orichalcum":123,"Smiling Mask":22,"Tough Bandages":22,"Strawberry":46,"Bronze Scales":111,"Fusion Hammer":42,"Toxic Egg 2":116,"Ring of the Snake":0,"Runic Pyramid":87}],"Ring of the Snake":[50]},"card_choices":[{"not_picked":["Blur","Flechettes"],"picked":"Quick Slash","floor":1},{"not_picked":["Leg Sweep","Dagger Throw"],"picked":"Footwork","floor":3},{"not_picked":["Dodge and Roll","Expertise"],"picked":"Cloak And Dagger","floor":4},{"not_picked":["Bane","Quick Slash"],"picked":"Footwork","floor":7},{"not_picked":["Concentrate","Flying Knee"],"picked":"Adrenaline","floor":12},{"not_picked":["Slice","Dodge and Roll"],"picked":"Bouncing Flask","floor":13},{"not_picked":["Acrobatics","Setup"],"picked":"Backstab","floor":14},{"not_picked":["Envenom","A Thousand Cuts"],"picked":"Tools of the Trade","floor":16},{"not_picked":["Terror","Blade Dance"],"picked":"Catalyst","floor":18},{"not_picked":["Cloak And Dagger","Endless Agony"],"picked":"Dodge and Roll+1","floor":24},{"not_picked":["Terror","Distraction"],"picked":"Escape Plan","floor":25},{"not_picked":["Blade Dance","Distraction","Dagger Throw+1"],"picked":"Singing Bowl","floor":27},{"not_picked":["Blade Dance","Dodge and Roll+1","Dagger Spray"],"picked":"Singing Bowl","floor":29},{"not_picked":["Underhanded Strike","Sucker Punch"],"picked":"Noxious Fumes","floor":30},{"not_picked":["Envenom","Outmaneuver","Flying Knee"],"picked":"Singing Bowl","floor":31},{"not_picked":["Envenom","Burst"],"picked":"Wraith Form v2","floor":33},{"not_picked":["Dagger Spray","Dodge and Roll+1"],"picked":"PiercingWail","floor":35},{"not_picked":["Terror","Dagger Spray","Flying Knee"],"picked":"Singing Bowl","floor":36},{"not_picked":["Concentrate","Terror+1"],"picked":"Calculated Gamble","floor":37},{"not_picked":["Panacea","Magnetism","Forethought"],"picked":"Singing Bowl","floor":39},{"not_picked":["Jack Of All Trades","Purity","The Bomb"],"picked":"Singing Bowl","floor":39},{"not_picked":["Metamorphosis","PanicButton","Magnetism"],"picked":"Singing Bowl","floor":39},{"not_picked":["Blade Dance","Quick Slash"],"picked":"Deflect+1","floor":41},{"not_picked":["Bane","Flying Knee+1"],"picked":"Deadly Poison","floor":42},{"not_picked":["Outmaneuver+1","Prepared+1"],"picked":"Adrenaline+1","floor":44},{"not_picked":["Flying Knee","Tactician+1"],"picked":"Backflip+1","floor":46},{"not_picked":["Expertise+1","Slice"],"picked":"Concentrate+1","floor":48}],"player_experience":436558,"relics_obtained":[{"floor":7,"key":"Tough Bandages"},{"floor":9,"key":"Smiling Mask"},{"floor":22,"key":"Strawberry"},{"floor":24,"key":"Singing Bowl"},{"floor":26,"key":"War Paint"},{"floor":41,"key":"Bronze Scales"},{"floor":43,"key":"Toxic Egg 2"},{"floor":44,"key":"Orichalcum"},{"floor":48,"key":"Calipers"}],"event_choices":[{"damage_healed":0,"gold_gain":0,"player_choice":"Entered Light","damage_taken":14,"max_hp_gain":0,"max_hp_loss":0,"event_name":"Shining Light","floor":2,"gold_loss":0,"cards_upgraded":["Neutralize","Strike_G"]},{"damage_healed":0,"gold_gain":0,"player_choice":"Success","damage_taken":7,"relics_obtained":["Snake Skull"],"max_hp_gain":0,"max_hp_loss":0,"event_name":"Scrap Ooze","floor":5,"gold_loss":0},{"damage_healed":0,"gold_gain":0,"player_choice":"Read","damage_taken":0,"max_hp_gain":0,"max_hp_loss":0,"event_name":"The Library","floor":19,"gold_loss":0,"cards_obtained":["Crippling Poison"]},{"damage_healed":0,"gold_gain":0,"player_choice":"Ignored","damage_taken":0,"max_hp_gain":0,"max_hp_loss":0,"event_name":"The Mausoleum","floor":20,"gold_loss":0},{"damage_healed":0,"gold_gain":0,"player_choice":"Joined the Cult","damage_taken":6,"max_hp_gain":0,"max_hp_loss":0,"event_name":"Nest","floor":21,"gold_loss":0,"cards_obtained":["RitualDagger"]},{"damage_healed":0,"gold_gain":0,"player_choice":"Memory 3","damage_taken":10,"max_hp_gain":0,"max_hp_loss":0,"event_name":"SensoryStone","floor":39,"gold_loss":0}],"is_beta":true,"boss_relics":[{"not_picked":["Empty Cage","Astrolabe"],"picked":"Fusion Hammer"},{"not_picked":["Runic Dome","WristBlade"],"picked":"Runic Pyramid"}],"items_purged_floors":[38],"is_endless":false,"potions_floor_spawned":[3,4,12,16,18,24,29,31,33,36,37,41,48],"ascension_level":12}}