{"host":"s41rn2jhghpwfrvz","time":1609643324,"event":{"mods":["BaseMod","Minty Spire (QoL Compilation)","Quick Restart","Relic Stats","SuperFastMode"],"gold_per_floor":[111,131,131,151,76,109,109,135,135,170,183,195,206,240,240,318,318,335,385,395,412,438,472,483,518,572,606,633,645,424,451,451,528,528,542,542,542,558,583,610,622,648,648,676,706,736,751,803,803,803,803,803,803,254,283,283],"floor_reached":57,"playtime":1859,"items_purged":["Adaptation","Quick Slash","PiercingWail+1"],"score":4410,"play_id":"e63e9265-1eb9-4d09-a616-b814d73addc5","local_time":"20210103050844","daily_mods":["SealedDeck","Diverse","DeadlyEvents"],"is_ascension_mode":true,"campfire_choices":[{"data":"Genetic Algorithm","floor":15,"key":"SMITH"},{"data":"Scrawl","floor":32,"key":"SMITH"},{"floor":49,"key":"RECALL"},{"data":"Deflect","floor":53,"key":"PURGE"}],"circlet_count":0,"master_deck":["AscendersBane","Tempest+1","Acrobatics+1","Body Slam+1","Backflip","Genetic Algorithm+1","Scrawl+1","Second Wind","Pommel Strike+1","Adrenaline","Blur"],"relics":["Burning Blood","War Paint","Peace Pipe","InkBottle","Pocketwatch","Smiling Mask","Empty Cage","Self Forming Clay","Anchor","Molten Egg 2","Sundial","Bag of Preparation","PreservedInsect","White Beast Statue","Runic Dome","Girya","Centennial Puzzle","Potion Belt","MealTicket","CeramicFish","Blue Candle","Eternal Feather","Lantern","Strange Spoon","Strawberry","Blood Vial","Paper Frog"],"acts_visited":["Exordium","TheCity","TheBeyond","TheEnding"],"potions_floor_usage":[29,56,56,56,56,56,56,56],"damage_taken":[{"damage":0,"enemies":"Small Slimes","floor":1,"turns":5},{"damage":0,"enemies":"Jaw Worm","floor":2,"turns":4},{"damage":0,"enemies":"Cultist","floor":4,"turns":3},{"damage":0,"enemies":"Lagavulin","floor":6,"turns":5},{"damage":0,"enemies":"3 Sentries","floor":8,"turns":6},{"damage":0,"enemies":"Lagavulin","floor":10,"turns":5},{"damage":0,"enemies":"Looter","floor":11,"turns":3},{"damage":0,"enemies":"3 Louse","floor":12,"turns":3},{"damage":0,"enemies":"Exordium Thugs","floor":13,"turns":3},{"damage":0,"enemies":"3 Sentries","floor":14,"turns":5},{"damage":0,"enemies":"Slime Boss","floor":16,"turns":9},{"damage":0,"enemies":"Shell Parasite","floor":18,"turns":4},{"damage":0,"enemies":"3 Byrds","floor":20,"turns":5},{"damage":0,"enemies":"Centurion and Healer","floor":21,"turns":4},{"damage":0,"enemies":"Slavers","floor":22,"turns":6},{"damage":1,"enemies":"Book of Stabbing","floor":23,"turns":4},{"damage":0,"enemies":"Sentry and Sphere","floor":24,"turns":4},{"damage":0,"enemies":"Gremlin Leader","floor":25,"turns":5},{"damage":0,"enemies":"Book of Stabbing","floor":27,"turns":4},{"damage":0,"enemies":"Shelled Parasite and Fungi","floor":29,"turns":2},{"damage":0,"enemies":"Slavers","floor":31,"turns":2},{"damage":0,"enemies":"Collector","floor":33,"turns":2},{"damage":0,"enemies":"3 Darklings","floor":35,"turns":1},{"damage":0,"enemies":"Orb Walker","floor":38,"turns":1},{"damage":0,"enemies":"Mind Bloom Boss Battle","floor":39,"turns":1},{"damage":0,"enemies":"Nemesis","floor":40,"turns":1},{"damage":0,"enemies":"Jaw Worm Horde","floor":41,"turns":1},{"damage":0,"enemies":"Reptomancer","floor":42,"turns":1},{"damage":0,"enemies":"Nemesis","floor":44,"turns":1},{"damage":0,"enemies":"Giant Head","floor":45,"turns":1},{"damage":0,"enemies":"Nemesis","floor":46,"turns":1},{"damage":1,"enemies":"Maw","floor":47,"turns":1},{"damage":0,"enemies":"Donu and Deca","floor":50,"turns":1},{"damage":0,"enemies":"Awakened One","floor":51,"turns":3},{"damage":0,"enemies":"Shield and Spear","floor":55,"turns":1},{"damage":0,"enemies":"The Heart","floor":56,"turns":5}],"seed_played":"-4288151709525320040","potions_obtained":[{"floor":6,"key":"AttackPotion"},{"floor":10,"key":"ColorlessPotion"},{"floor":11,"key":"DuplicationPotion"},{"floor":18,"key":"Ancient Potion"},{"floor":27,"key":"Dexterity Potion"},{"floor":29,"key":"DistilledChaos"},{"floor":40,"key":"Ancient Potion"},{"floor":42,"key":"BlessingOfTheForge"},{"floor":44,"key":"LiquidMemories"},{"floor":45,"key":"SteroidPotion"},{"floor":47,"key":"EntropicBrew"}],"is_trial":true,"path_per_floor":["M","M","?","M","$","E","?","E","T","E","M","M","M","E","R","B",null,"M","?","M","M","E","E","M","E","T","E","T","M","$","E","R","B",null,"M","?","?","M","?","E","M","E","T","E","E","E","M","T","R","B","B",null,"R","$","E","B",null],"character_chosen":"IRONCLAD","items_purchased":["PreservedInsect","Strange Spoon","Strawberry","Blood Vial"],"campfire_rested":0,"item_purchase_floors":[30,54,54,54],"current_hp_per_floor":[74,75,75,75,75,75,52,58,58,64,70,75,75,75,75,75,75,75,75,75,75,75,75,75,75,75,75,75,75,75,75,75,75,75,75,75,75,75,75,75,75,75,75,75,75,75,75,75,75,75,75,75,75,82,82,82],"gold":283,"neow_bonus":"","is_daily":false,"chose_seed":false,"campfire_upgraded":2,"win_rate":0.0,"timestamp":1609643324,"path_taken":["M","M","?","M","$","E","?","?","T","E","M","?","?","E","R","BOSS","M","?","M","M","?","E","M","E","T","E","?","?","$","?","R","BOSS","M","?","?","M","?","E","?","E","T","E","?","E","M","?","R","BOSS","BOSS","R","$","E","BOSS"],"items_purchased_type":["Relic","Relic","Relic","Relic"],"build_version":"2020-12-22","purchased_purges":3,"victory":true,"max_hp_per_floor":[75,75,75,75,75,75,75,75,75,75,75,75,75,75,75,75,75,75,75,75,75,75,75,75,75,75,75,75,75,75,75,75,75,75,75,75,75,75,75,75,75,75,75,75,75,75,75,75,75,75,75,75,75,82,82,82],"relic_stats":{"counters":[36,113],"Self Forming Clay":[3],"CeramicFish":0,"Blue Candle":[1],"Eternal Feather":0,"PreservedInsect":459,"Bag of Preparation":[34],"War Paint":["Tempest","Acrobatics"],"Smiling Mask":125,"Burning Blood":32,"Peace Pipe":2,"Blood Vial":0,"Strange Spoon":[1],"Centennial Puzzle":[3],"Sundial":[166],"MealTicket":0,"obtain_stats":[{"Lantern":48,"CeramicFish":44,"Bag of Preparation":28,"Smiling Mask":14,"Empty Cage":17,"Burning Blood":0,"Blood Vial":54,"Centennial Puzzle":40,"Sundial":27,"Strawberry":54,"MealTicket":43,"InkBottle":9,"Paper Frog":55,"Potion Belt":42,"Girya":39,"Self Forming Clay":22,"Blue Candle":45,"Eternal Feather":46,"PreservedInsect":30,"War Paint":6,"White Beast Statue":31,"Peace Pipe":8,"Runic Dome":34,"Strange Spoon":54,"Anchor":23,"Molten Egg 2":25,"Pocketwatch":10},{"Lantern":32,"CeramicFish":29,"Bag of Preparation":19,"Smiling Mask":10,"Empty Cage":11,"Burning Blood":0,"Blood Vial":34,"Centennial Puzzle":26,"Sundial":19,"Strawberry":34,"MealTicket":28,"InkBottle":5,"Paper Frog":35,"Potion Belt":28,"Girya":25,"Self Forming Clay":15,"Blue Candle":30,"Eternal Feather":31,"PreservedInsect":20,"War Paint":4,"White Beast Statue":21,"Peace Pipe":5,"Runic Dome":22,"Strange Spoon":34,"Anchor":16,"Molten Egg 2":18,"Pocketwatch":6},{"Lantern":103,"CeramicFish":100,"Bag of Preparation":87,"Smiling Mask":42,"Empty Cage":51,"Burning Blood":0,"Blood Vial":107,"Centennial Puzzle":97,"Sundial":87,"Strawberry":107,"MealTicket":99,"InkBottle":23,"Paper Frog":108,"Potion Belt":99,"Girya":96,"Self Forming Clay":70,"Blue Candle":101,"Eternal Feather":102,"PreservedInsect":89,"War Paint":17,"White Beast Statue":91,"Peace Pipe":23,"Runic Dome":93,"Strange Spoon":107,"Anchor":74,"Molten Egg 2":83,"Pocketwatch":28}],"InkBottle":[52],"Pocketwatch":[9]},"card_choices":[{"not_picked":["Eviscerate","Entrench","Doom and Gloom"],"picked":"SKIP","floor":1},{"not_picked":["Heavy Blade","Dagger Throw"],"picked":"Backflip","floor":2},{"not_picked":["Twin Strike","JustLucky","PiercingWail"],"picked":"SKIP","floor":4},{"not_picked":["Caltrops","Terror","Steam"],"picked":"SKIP","floor":6},{"not_picked":["Protect","Rage","Sweeping Beam"],"picked":"SKIP","floor":8},{"not_picked":["MentalFortress","PiercingWail"],"picked":"Genetic Algorithm","floor":10},{"not_picked":["Stack","Prepared","Dagger Spray"],"picked":"SKIP","floor":11},{"not_picked":["CrushJoints","Fasting2","Rebound"],"picked":"SKIP","floor":12},{"not_picked":["Turbo","Deflect"],"picked":"Scrawl","floor":13},{"not_picked":["Envenom","Streamline"],"picked":"Second Wind","floor":14},{"not_picked":["Reflex+1","SandsOfTime","Havoc"],"picked":"SKIP","floor":18},{"not_picked":["Steam Power","Rage","Sanctity"],"picked":"SKIP","floor":20},{"not_picked":["Iron Wave+1","Crescendo","Riddle With Holes"],"picked":"SKIP","floor":21},{"not_picked":["Perseverance","Warcry","Prepared"],"picked":"SKIP","floor":22},{"not_picked":["Chill+1","Flying Knee","Coolheaded"],"picked":"SKIP","floor":23},{"not_picked":["Seeing Red","Havoc","Underhanded Strike"],"picked":"SKIP","floor":24},{"not_picked":["Static Discharge","Backflip+1","Well Laid Plans"],"picked":"SKIP","floor":25},{"not_picked":["Pommel Strike+1","Dodge and Roll","SashWhip+1"],"picked":"SKIP","floor":27},{"not_picked":["Dodge and Roll","SashWhip+1"],"picked":"Pommel Strike+1","floor":27},{"not_picked":["Body Slam+1","EmptyBody","EmptyFist+1"],"picked":"SKIP","floor":29},{"not_picked":["Poisoned Stab+1","Bane+1","Demon Form"],"picked":"SKIP","floor":31},{"not_picked":["Barrage+1","Pommel Strike+1","Prostrate"],"picked":"SKIP","floor":35},{"not_picked":["Heatsinks","BowlingBash+1","Twin Strike+1"],"picked":"SKIP","floor":38},{"not_picked":["Wild Strike+1","Bane+1"],"picked":"Adrenaline","floor":40},{"not_picked":["Coolheaded","Dagger Throw+1"],"picked":"Blur","floor":41},{"not_picked":["BowlingBash+1","Offering","Havoc+1"],"picked":"SKIP","floor":42},{"not_picked":["Eviscerate+1","Fire Breathing+1","Perfected Strike+1"],"picked":"SKIP","floor":44},{"not_picked":["JustLucky+1","Acrobatics+1","Chaos+1"],"picked":"SKIP","floor":45},{"not_picked":["Tantrum+1","DeusExMachina","Metallicize+1"],"picked":"SKIP","floor":46},{"not_picked":["Headbutt+1","Scrape+1","Dodge and Roll"],"picked":"SKIP","floor":47},{"not_picked":["Chaos","Crescendo+1","Flying Knee+1"],"picked":"SKIP","floor":55}],"player_experience":1636692,"relics_obtained":[{"floor":6,"key":"War Paint"},{"floor":8,"key":"Peace Pipe"},{"floor":9,"key":"InkBottle"},{"floor":10,"key":"Pocketwatch"},{"floor":14,"key":"Smiling Mask"},{"floor":22,"key":"Self Forming Clay"},{"floor":23,"key":"Anchor"},{"floor":25,"key":"Molten Egg 2"},{"floor":27,"key":"Sundial"},{"floor":28,"key":"Bag of Preparation"},{"floor":31,"key":"White Beast Statue"},{"floor":39,"key":"Girya"},{"floor":40,"key":"Centennial Puzzle"},{"floor":42,"key":"Potion Belt"},{"floor":43,"key":"MealTicket"},{"floor":44,"key":"CeramicFish"},{"floor":45,"key":"Blue Candle"},{"floor":46,"key":"Eternal Feather"},{"floor":48,"key":"Lantern"},{"floor":55,"key":"Paper Frog"}],"event_choices":[{"damage_healed":0,"gold_gain":0,"player_choice":"Grow","damage_taken":0,"max_hp_gain":0,"max_hp_loss":0,"event_name":"Living Wall","floor":3,"gold_loss":0,"cards_upgraded":["Body Slam"]},{"damage_healed":0,"gold_gain":0,"player_choice":"Entered Light","damage_taken":23,"max_hp_gain":0,"max_hp_loss":0,"event_name":"Shining Light","floor":7,"gold_loss":0,"cards_upgraded":["PiercingWail","Conserve Battery"]},{"damage_healed":0,"gold_gain":50,"player_choice":"Pray","damage_taken":0,"max_hp_gain":0,"max_hp_loss":0,"event_name":"Golden Shrine","floor":19,"gold_loss":0},{"cards_removed":["Conserve Battery"],"damage_healed":0,"gold_gain":0,"player_choice":"Removed Skill","damage_taken":0,"max_hp_gain":0,"max_hp_loss":0,"event_name":"Falling","floor":36,"gold_loss":0},{"damage_healed":0,"gold_gain":0,"player_choice":"Ignored","damage_taken":0,"max_hp_gain":0,"max_hp_loss":0,"event_name":"Tomb of Lord Red Mask","floor":37,"gold_loss":0},{"damage_healed":0,"gold_gain":0,"player_choice":"Fight","damage_taken":0,"max_hp_gain":0,"max_hp_loss":0,"event_name":"MindBloom","floor":39,"gold_loss":0}],"is_beta":false,"boss_relics":[{"not_picked":["Ectoplasm","Philosopher\u0027s Stone"],"picked":"Empty Cage"},{"not_picked":["Cursed Key","Tiny House"],"picked":"Runic Dome"}],"items_purged_floors":[5,30,54],"is_endless":false,"potions_floor_spawned":[6,10,11,12,13,14,16,18,20,27,29,33,35,38,39,40,41,42,44,45,46,47,55],"ascension_level":20}}