{"host":"raai0vtvcfkt8csp","time":1609709047,"event":{"mods":["2.2 Compatiblity","BaseMod","Beaked The Cultist","Block Reminder","DeckTracker","Defective Defect","GifTheSpireLib","Minty Spire (QoL Compilation)","Quick Restart","Random Character Button","Rare Cards Sparkle","StSLib","Unceasing Turn Reminder"],"gold_per_floor":[109,121,196,210,210,242,253,264,264,264,264],"floor_reached":10,"playtime":597,"items_purged":[],"score":74,"play_id":"07c6282c-f5be-4a9f-b065-72c82f67f8dc","local_time":"20210103222407","is_ascension_mode":true,"campfire_choices":[],"circlet_count":0,"master_deck":["beaked:Strike_Y","beaked:Strike_Y","beaked:Strike_Y","beaked:Strike_Y","beaked:Strike_Y","beaked:Strike_Y","beaked:Defend_Y","beaked:Defend_Y","beaked:Defend_Y","beaked:Defend_Y","beaked:Ceremony","beaked:Ceremony+1","beaked:Ceremony","beaked:Daydream","beaked:MimicWarrior","beaked:Insight","beaked:StickSmack","beaked:SurvivalInstinct","beaked:DarkTribute"],"relics":["beaked:MendingPlumage","Pen Nib","Kunai"],"acts_visited":["Exordium"],"potions_floor_usage":[6],"damage_taken":[{"damage":10,"enemies":"2 Louse","floor":1,"turns":4},{"damage":23,"enemies":"Jaw Worm","floor":2,"turns":6},{"damage":7,"enemies":"Small Slimes","floor":4,"turns":5},{"damage":34,"enemies":"3 Sentries","floor":6,"turns":9},{"damage":19,"enemies":"2 Fungi Beasts","floor":7,"turns":5},{"damage":34,"enemies":"Large Slime","floor":8,"turns":8},{"damage":43,"enemies":"Gremlin Nob","floor":10,"turns":6}],"seed_played":"-1312768708614384288","potions_obtained":[{"floor":1,"key":"Fire Potion"},{"floor":8,"key":"BlessingOfTheForge"}],"is_trial":false,"path_per_floor":["M","M","?","M","?","E","M","M","T","E"],"character_chosen":"BEAKED_THE_CULTIST","items_purchased":[],"campfire_rested":0,"item_purchase_floors":[],"current_hp_per_floor":[46,38,27,34,39,26,23,10,10,20,20],"gold":264,"neow_bonus":"UPGRADE_CARD","is_daily":false,"chose_seed":false,"campfire_upgraded":0,"win_rate":0.0,"timestamp":1609709047,"path_taken":["M","M","?","M","?","E","M","M","T","E"],"items_purchased_type":[],"build_version":"2020-12-22","purchased_purges":0,"victory":false,"max_hp_per_floor":[50,50,50,50,55,55,55,55,55,55,55],"card_choices":[{"not_picked":["beaked:TuckingFeathers","beaked:DigDeep"],"picked":"beaked:Daydream","floor":1},{"not_picked":["beaked:Devastation","beaked:BraceForImpact"],"picked":"beaked:MimicWarrior","floor":2},{"not_picked":["beaked:MimicWarrior","beaked:Redirect"],"picked":"beaked:Insight","floor":4},{"not_picked":["beaked:Sacrifice","beaked:TuckingFeathers"],"picked":"beaked:StickSmack","floor":6},{"not_picked":["beaked:Flinch","beaked:RitualOfBody"],"picked":"beaked:SurvivalInstinct","floor":7},{"not_picked":["beaked:Poke","beaked:VigorBurst"],"picked":"beaked:DarkTribute","floor":8}],"player_experience":655857,"relics_obtained":[{"floor":6,"key":"Pen Nib"},{"floor":9,"key":"Kunai"}],"event_choices":[{"damage_healed":0,"gold_gain":75,"player_choice":"Gather Gold","damage_taken":11,"max_hp_gain":0,"max_hp_loss":0,"event_name":"World of Goop","floor":3,"gold_loss":0},{"damage_healed":0,"gold_gain":0,"player_choice":"Donut","damage_taken":0,"max_hp_gain":5,"max_hp_loss":0,"event_name":"Big Fish","floor":5,"gold_loss":0}],"is_beta":false,"boss_relics":[],"items_purged_floors":[],"is_endless":false,"potions_floor_spawned":[1,8],"killed_by":"Gremlin Nob","ascension_level":1}}