{"host":"qj91dvco5uhu9oti","time":1609673475,"event":{"mods":["BaseMod","Colored Map","Keyboard Shortcuts","Minty Spire (QoL Compilation)","Permanent Neow","Relic Stats","StSLib","SuperFastMode","everything is the same but u backflip on backflip"],"gold_per_floor":[113,125,142,59,59,59,59,59,82,82,82,82,99,125,125,125,125],"floor_reached":16,"playtime":268,"items_purged":[],"score":196,"play_id":"4afdf94d-6da4-42b9-8d59-94ef0bb6cb05","local_time":"20210103203115","is_ascension_mode":true,"campfire_choices":[{"data":"Tactician","floor":6.0,"key":"SMITH"},{"data":"Survivor","floor":8.0,"key":"SMITH"},{"data":"Neutralize","floor":10.0,"key":"SMITH"},{"data":"Dagger Throw","floor":12.0,"key":"SMITH"},{"data":"Blade Dance","floor":15,"key":"SMITH"}],"circlet_count":0,"master_deck":["AscendersBane","Strike_G+1","Strike_G","Strike_G","Strike_G+1","Defend_G","Defend_G","Defend_G","Defend_G","Defend_G","Survivor+1","Neutralize+1","Blade Dance+1","Escape Plan","Dagger Throw+1","Tactician+1","Slice","Venomology"],"relics":["Ring of the Snake","Strawberry","Ninja Scroll"],"acts_visited":["Exordium"],"potions_floor_usage":[14,16,16,16,16],"damage_taken":[{"damage":0.0,"enemies":"Small Slimes","floor":1.0,"turns":4.0},{"damage":1.0,"enemies":"2 Louse","floor":2.0,"turns":3.0},{"damage":6.0,"enemies":"Cultist","floor":3.0,"turns":3.0},{"damage":0.0,"enemies":"Blue Slaver","floor":13.0,"turns":3.0},{"damage":10,"enemies":"Lagavulin","floor":14,"turns":5},{"damage":31,"enemies":"Hexaghost","floor":16,"turns":9}],"seed_played":"1172208007856145293","potions_obtained":[{"floor":0.0,"key":"SkillPotion"},{"floor":0.0,"key":"Fire Potion"}],"is_trial":false,"path_per_floor":["M","M","M","$","?","R","?","R","T","R","?","R","M","E","R","B"],"character_chosen":"THE_SILENT","items_purchased":["Tactician"],"campfire_rested":0,"item_purchase_floors":[4],"current_hp_per_floor":[59,58,52,52,52,52,32,32,39,39,39,39,39,29,29,0,0],"gold":125,"neow_bonus":"THREE_SMALL_POTIONS","is_daily":false,"chose_seed":false,"campfire_upgraded":5,"win_rate":0.0,"timestamp":1609673475,"path_taken":["M","M","M","$","?","R","?","R","T","R","?","R","?","E","R","BOSS"],"items_purchased_type":["Card"],"build_version":"2020-12-22","purchased_purges":0,"victory":false,"max_hp_per_floor":[66,66,66,66,66,66,66,66,73,73,73,73,73,73,73,73,73],"relic_stats":{"counters":[6,27],"obtain_stats":[{"Ninja Scroll":14,"Strawberry":9,"Ring of the Snake":0},{"Ninja Scroll":5,"Strawberry":3,"Ring of the Snake":0},{"Ninja Scroll":18,"Strawberry":10,"Ring of the Snake":0}],"Ring of the Snake":[12]},"card_choices":[{"not_picked":["Quick Slash","Sucker Punch"],"picked":"Blade Dance","floor":1.0},{"not_picked":["Poisoned Stab","Dagger Throw"],"picked":"Escape Plan","floor":2.0},{"not_picked":["Outmaneuver","Bane"],"picked":"Dagger Throw","floor":3.0},{"not_picked":["Endless Agony","Dagger Throw","Underhanded Strike"],"picked":"SKIP","floor":13.0},{"not_picked":["Endless Agony","Dagger Throw","Underhanded Strike"],"picked":"SKIP","floor":13.0},{"not_picked":["Noxious Fumes","Leg Sweep"],"picked":"Venomology","floor":14}],"player_experience":334767,"relics_obtained":[{"floor":9.0,"key":"Strawberry"},{"floor":14,"key":"Ninja Scroll"}],"event_choices":[{"damage_healed":0.0,"max_hp_gain":0.0,"max_hp_loss":0.0,"gold_gain":0.0,"event_name":"The Cleric","player_choice":"Leave","floor":5.0,"gold_loss":0.0,"damage_taken":0.0},{"damage_healed":0.0,"max_hp_gain":0.0,"max_hp_loss":0.0,"gold_gain":0.0,"event_name":"Shining Light","player_choice":"Entered Light","floor":7.0,"gold_loss":0.0,"damage_taken":20.0,"cards_upgraded":["Strike_G","Strike_G"]},{"damage_healed":0.0,"max_hp_gain":0.0,"max_hp_loss":0.0,"gold_gain":0.0,"cards_transformed":["Strike_G"],"event_name":"Transmorgrifier","player_choice":"Transformed","floor":11.0,"gold_loss":0.0,"damage_taken":0.0,"cards_obtained":["Slice"]}],"is_beta":false,"boss_relics":[],"items_purged_floors":[],"is_endless":false,"potions_floor_spawned":[1,3],"killed_by":"Hexaghost","ascension_level":20}}