{"host":"axqzpfaj96olobtx","time":1609670571,"event":{"mods":["BaseMod","Colored Map","Colored Powertips","Minty Spire (QoL Compilation)","Relic Stats","StSLib"],"gold_per_floor":[113,128,147,161,0,27,27,61,61,80,80,92,120,137,137,242,242,256,256,267,285,33,33,33,33,33],"floor_reached":25,"playtime":965,"items_purged":["Strike_R","Strike_R"],"score":315,"play_id":"0e6d59f9-f3dc-4655-98de-23ac2699f8df","local_time":"20210103104251","is_ascension_mode":true,"campfire_choices":[{"data":"Perfected Strike","floor":7,"key":"SMITH"},{"floor":15,"key":"REST"},{"data":"Disarm","floor":23,"key":"SMITH"}],"circlet_count":0,"master_deck":["Strike_R","Strike_R","Defend_R+1","Defend_R","Defend_R","Defend_R+1","Bash","Perfected Strike+1","Pommel Strike","Pommel Strike","Feel No Pain","Disarm+1","Shrug It Off","Demon Form","Perfected Strike","Corruption","Burning Pact","Combust","Second Wind","Pommel Strike+1","Shrug It Off+1","Feed"],"relics":["Black Star","Strawberry","Bottled Tornado","Mummified Hand","Orichalcum","War Paint","Lantern","Torii","SacredBark","Pen Nib"],"acts_visited":["Exordium","TheCity"],"potions_floor_usage":[6,6,16,20],"damage_taken":[{"damage":5,"enemies":"Small Slimes","floor":1,"turns":4},{"damage":0,"enemies":"2 Louse","floor":2,"turns":2},{"damage":0,"enemies":"Cultist","floor":3,"turns":2},{"damage":19,"enemies":"Exordium Thugs","floor":4,"turns":6},{"damage":19,"enemies":"Lagavulin","floor":6,"turns":6},{"damage":15,"enemies":"3 Sentries","floor":8,"turns":9},{"damage":9,"enemies":"3 Louse","floor":10,"turns":4},{"damage":0,"enemies":"2 Fungi Beasts","floor":12,"turns":4},{"damage":0,"enemies":"Lagavulin","floor":13,"turns":7},{"damage":1,"enemies":"Exordium Thugs","floor":14,"turns":4},{"damage":0,"enemies":"Slime Boss","floor":16,"turns":4},{"damage":1,"enemies":"Spheric Guardian","floor":18,"turns":3},{"damage":2,"enemies":"3 Byrds","floor":20,"turns":5},{"damage":13,"enemies":"Centurion and Healer","floor":21,"turns":7},{"damage":57,"enemies":"Gremlin Leader","floor":25,"turns":6}],"seed_played":"-237110482195060171","potions_obtained":[{"floor":1,"key":"Dexterity Potion"},{"floor":4,"key":"Ancient Potion"},{"floor":10,"key":"SkillPotion"},{"floor":13,"key":"DuplicationPotion"},{"floor":20,"key":"Dexterity Potion"}],"is_trial":false,"path_per_floor":["M","M","M","M","$","E","R","E","T","M","?","M","E","M","R","B",null,"M","?","M","M","$","R","?","E"],"character_chosen":"IRONCLAD","items_purchased":["Feel No Pain","Energy Potion","Feed"],"campfire_rested":1,"item_purchase_floors":[5,5,22],"current_hp_per_floor":[75,75,75,56,56,44,44,29,29,20,20,20,20,19,45,45,87,86,86,84,71,71,71,71,14,14],"gold":33,"neow_bonus":"BOSS_RELIC","is_daily":false,"chose_seed":false,"campfire_upgraded":2,"win_rate":0.0,"timestamp":1609670571,"path_taken":["M","M","M","M","$","E","R","E","T","M","?","M","E","M","R","BOSS","M","?","M","M","$","R","?","E"],"items_purchased_type":["Card","Potion","Card"],"build_version":"2020-12-22","purchased_purges":2,"victory":false,"max_hp_per_floor":[80,80,80,80,80,87,87,87,87,87,87,87,87,87,87,87,87,87,87,87,87,87,87,87,87,87],"relic_stats":{"Torii":7,"counters":[15,73],"Mummified Hand":[24],"Pen Nib":[0],"Black Star":3,"Orichalcum":[102],"War Paint":["Defend_R","Defend_R"],"obtain_stats":[{"Lantern":13,"Torii":13,"Mummified Hand":8,"Strawberry":6,"SacredBark":17,"Pen Nib":24,"Black Star":0,"Bottled Tornado":6,"Orichalcum":8,"War Paint":9,"Burning Blood":0},{"Lantern":9,"Torii":9,"Mummified Hand":6,"Strawberry":5,"SacredBark":11,"Pen Nib":14,"Black Star":0,"Bottled Tornado":5,"Orichalcum":6,"War Paint":6,"Burning Blood":0},{"Lantern":44,"Torii":44,"Mummified Hand":29,"Strawberry":20,"SacredBark":52,"Pen Nib":67,"Black Star":0,"Bottled Tornado":20,"Orichalcum":29,"War Paint":29,"Burning Blood":0}]},"card_choices":[{"not_picked":["Shockwave","Clothesline"],"picked":"Perfected Strike","floor":1},{"not_picked":["Shockwave","Spot Weakness"],"picked":"Pommel Strike","floor":2},{"not_picked":["Clash","Fire Breathing"],"picked":"Pommel Strike","floor":3},{"not_picked":["Clash","Clothesline"],"picked":"True Grit","floor":4},{"not_picked":["Bloodletting","Anger"],"picked":"Perfected Strike","floor":6},{"not_picked":["Bloodletting","Clothesline"],"picked":"Disarm","floor":8},{"not_picked":["Warcry","Burning Pact"],"picked":"Shrug It Off","floor":10},{"not_picked":["Clash","True Grit"],"picked":"Demon Form","floor":12},{"not_picked":["Anger","Feel No Pain"],"picked":"Perfected Strike","floor":13},{"not_picked":["Shrug It Off","Sword Boomerang","Clash"],"picked":"SKIP","floor":14},{"not_picked":["Bludgeon","Double Tap"],"picked":"Corruption","floor":16},{"not_picked":["Heavy Blade","Thunderclap"],"picked":"Burning Pact","floor":18},{"not_picked":["Clash","Second Wind"],"picked":"Pommel Strike+1","floor":20},{"not_picked":["Feel No Pain","Headbutt+1"],"picked":"Shrug It Off+1","floor":21}],"player_experience":10381,"relics_obtained":[{"floor":6,"key":"Strawberry"},{"floor":6,"key":"Bottled Tornado"},{"floor":8,"key":"Mummified Hand"},{"floor":8,"key":"Orichalcum"},{"floor":9,"key":"War Paint"},{"floor":13,"key":"Lantern"},{"floor":13,"key":"Torii"}],"event_choices":[{"damage_healed":0,"gold_gain":0,"player_choice":"Fled","damage_taken":0,"max_hp_gain":0,"max_hp_loss":0,"event_name":"Scrap Ooze","floor":11,"gold_loss":0},{"damage_healed":0,"gold_gain":0,"cards_transformed":["Perfected Strike","Strike_R"],"player_choice":"Became Test Subject","damage_taken":0,"max_hp_gain":0,"max_hp_loss":0,"event_name":"Drug Dealer","floor":19,"gold_loss":0,"cards_obtained":["Combust","Second Wind"]},{"cards_removed":["True Grit"],"damage_healed":0,"gold_gain":0,"player_choice":"Gave Card","damage_taken":0,"relics_obtained":["Pen Nib"],"max_hp_gain":0,"max_hp_loss":0,"event_name":"WeMeetAgain","floor":24,"gold_loss":0}],"is_beta":false,"boss_relics":[{"not_picked":["Fusion Hammer","Runic Dome"],"picked":"SacredBark"}],"items_purged_floors":[5,22],"is_endless":false,"potions_floor_spawned":[1,4,10,13,20],"killed_by":"Gremlin Leader","ascension_level":1}}