{"host":"ixqzyafodex1tsi5","time":1609661819,"event":{"mods":["ATMod(°¢èªMod)","AchievementEnabler","Act Like it!","BaseMod","Gensokyo","GifTheSpireLib","Lobotomy","LobotomyExtend","Luminous","Minty Spire (QoL Compilation)","Relic Stats","Replay The Spire","RumiaBox-Â¶Ã×æ«µÄÉñÃØºÐ×Ó","Shop Mod","Spicy Shops","StSLib","The Cursed","[IsaacMod]ÒÔÈö¼âËþ","¡¾¹¦ÄÜMod¡¿»ìãçÖ®»·ÐÞ¸´²¹¶¡","¡¾ÒÅÎï¿¨ÅÆ¡¿REMEMod"],"gold_per_floor":[115,290,308,308,308,308,326,87,111,146,163,9,29,59,59,162,162,176,101,111,111,125,125,73,0,0,19,19,43,43,72,72,177,177,187,26,26,26,26,26],"floor_reached":39,"playtime":2228,"items_purged":["Pain","Doubt"],"score":679,"play_id":"ecd0218e-53ed-4268-b5ac-56558b8603c6","local_time":"20210103161659","is_ascension_mode":true,"campfire_choices":[{"data":"AT_KingSlayer","floor":6.0,"key":"SMITH"},{"data":"Defend_G","floor":15.0,"key":"PURGE"},{"floor":23.0,"key":"REST"},{"floor":30.0,"key":"REST"},{"floor":32,"key":"REST"}],"circlet_count":0,"master_deck":["Strike_G","Strike_G+1","Strike_G+1","Strike_G","Defend_G","Defend_G","Defend_G","Defend_G","Survivor","Neutralize","AT_KingSlayer+1","TheCursedMod:StunningStrike","Blade Dance","Unload","AT_TinkerSharpsword","AT_EmpoweredMortalDraw","AT_WindFlip","Underhanded Strike","AT_Desolate","Well Laid Plans","REME_CopyPotion","AbeCurse","Outmaneuver","Delirium","Poisoned Stab+1","AT_ArcaneSupremacy","CurseOfTheBell","Distraction+1","Envenom","Finisher+1","ReplayTheSpireMod:Private Reserves"],"relics":["REME_ComplimentaryCards","HushsDoor","AT_ATBox","Chaos","HoveringKite","LetterFromLob","ReplayTheSpireMod:CursedCoin","MerchantsRug","Incense Burner","Abe\u0027s Treasure","ReplayTheSpireMod:Ring of Collecting","Ring of Hypnosis","Frozen Eye","AT_BellowingDragoncrestRing","GodSword6","ReplayTheSpireMod:Ring of Challenge","Calling Bell","Nuclear Battery","AT_SunfireAegis"],"acts_visited":["Exordium","TheCity","TheBeyond"],"potions_floor_usage":[33,39],"damage_taken":[{"damage":0.0,"enemies":"Jaw Worm","floor":1.0,"turns":2.0},{"damage":1.0,"enemies":"Small Slimes","floor":3.0,"turns":4.0},{"damage":0.0,"enemies":"2 Louse","floor":7.0,"turns":1.0},{"damage":11.0,"enemies":"Lagavulin","floor":10.0,"turns":7.0},{"damage":16.0,"enemies":"Blue Slaver","floor":11.0,"turns":3.0},{"damage":0.0,"enemies":"Large Slime","floor":13.0,"turns":2.0},{"damage":13.0,"enemies":"Slime Boss","floor":16.0,"turns":8.0},{"damage":11.0,"enemies":"Shell Parasite","floor":18.0,"turns":3.0},{"damage":27.0,"enemies":"2 Thieves","floor":20.0,"turns":6.0},{"damage":14.0,"enemies":"Centurion and Healer","floor":22.0,"turns":3.0},{"damage":17.0,"enemies":"3 Cultists","floor":27.0,"turns":3.0},{"damage":17.0,"enemies":"Slavers","floor":31.0,"turns":4.0},{"damage":80,"enemies":"Pondfish","floor":33,"turns":11},{"damage":46,"enemies":"3 Shapes","floor":35,"turns":5},{"damage":31,"enemies":"3 Darklings","floor":39,"turns":2}],"seed_played":"-6353577942269619482","potions_obtained":[{"floor":1.0,"key":"LiquidBronze"},{"floor":7.0,"key":"ColorlessPotion"},{"floor":10.0,"key":"LiquidMemories"},{"floor":27.0,"key":"Milkshake"}],"is_trial":false,"path_per_floor":["M","?","M","?","?","R","M","$","T","E","M","$","M","?","R","B",null,"M","?","M","?","M","R","$","$","T","M","?","T","R","E","R","B",null,"M","$","?","$","M"],"character_chosen":"THE_SILENT","items_purchased":["ReplayTheSpireMod:CursedCoin","AT_EmpoweredMortalDraw","MerchantsRug","AT_Desolate","Energy Potion","Frozen Eye","AT_SunfireAegis","Toxic Potion","ReplayTheSpireMod:Private Reserves"],"campfire_rested":3,"item_purchase_floors":[8,8,8,12,24,25,36,36,36],"current_hp_per_floor":[70,70,69,55,55,55,55,55,55,44,28,28,28,28,28,15,70,59,59,32,32,18,39,39,39,39,22,22,22,43,26,47,4,70,24,24,24,24,0,0],"gold":26,"neow_bonus":"BOSS_RELIC","is_daily":false,"chose_seed":false,"campfire_upgraded":1,"win_rate":0.0,"timestamp":1609661819,"path_taken":["M","?","M","?","?","R","M","$","T","E","M","$","M","?","R","BOSS","M","?","M","?","?","R","?","$","T","M","?","?","R","E","R","BOSS","M","$","?","$","M"],"items_purchased_type":["Relic","Card","Relic","Card","Potion","Relic","Relic","Potion","Card"],"build_version":"2020-12-22","purchased_purges":2,"victory":false,"max_hp_per_floor":[70,70,70,70,70,70,70,70,70,70,70,70,70,70,70,70,70,70,70,70,70,70,70,70,70,70,70,70,70,70,70,70,70,70,70,70,70,70,70,70],"relic_stats":{"counters":[15,64],"HoveringKite":[24],"obtain_stats":[{"KeepersGift":0,"Chaos":0,"MerchantsRug":8,"AT_ATBox":0,"Ring of Hypnosis":21,"ReplayTheSpireMod:CursedCoin":8,"HoveringKite":0,"Incense Burner":9,"REME_LimitBreaker":10,"Nuclear Battery":34,"Calling Bell":31,"Frozen Eye":25,"Lizard Tail":14,"AT_BellowingDragoncrestRing":26,"ReplayTheSpireMod:Ring of Collecting":21,"LetterFromLob":1,"GodSword6":28,"ReplayTheSpireMod:Ring of Challenge":29,"AT_SunfireAegis":36,"HushsDoor":0,"Abe\u0027s Treasure":17,"Ring of the Snake":0,"REME_ComplimentaryCards":0},{"KeepersGift":0,"Chaos":0,"MerchantsRug":3,"AT_ATBox":0,"Ring of Hypnosis":9,"ReplayTheSpireMod:CursedCoin":3,"HoveringKite":0,"Incense Burner":3,"REME_LimitBreaker":4,"Nuclear Battery":13,"Calling Bell":12,"Frozen Eye":10,"Lizard Tail":6,"AT_BellowingDragoncrestRing":10,"ReplayTheSpireMod:Ring of Collecting":9,"LetterFromLob":1,"GodSword6":11,"ReplayTheSpireMod:Ring of Challenge":11,"AT_SunfireAegis":14,"HushsDoor":0,"Abe\u0027s Treasure":7,"Ring of the Snake":0,"REME_ComplimentaryCards":0},{"KeepersGift":0,"Chaos":0,"MerchantsRug":7,"AT_ATBox":0,"Ring of Hypnosis":36,"ReplayTheSpireMod:CursedCoin":7,"HoveringKite":0,"Incense Burner":7,"REME_LimitBreaker":14,"Nuclear Battery":57,"Calling Bell":46,"Frozen Eye":39,"Lizard Tail":19,"AT_BellowingDragoncrestRing":39,"ReplayTheSpireMod:Ring of Collecting":36,"LetterFromLob":2,"GodSword6":42,"ReplayTheSpireMod:Ring of Challenge":42,"AT_SunfireAegis":62,"HushsDoor":0,"Abe\u0027s Treasure":27,"Ring of the Snake":0,"REME_ComplimentaryCards":0}]},"card_choices":[{"not_picked":[],"picked":"Bomb","floor":0.0},{"not_picked":["Bane","AT_ShadowStep"],"picked":"Blade Dance","floor":1.0},{"not_picked":["Flying Knee","Bane"],"picked":"Unload","floor":3.0},{"not_picked":["ReplayTheSpireMod:The Works","Dagger Spray"],"picked":"AT_TinkerSharpsword","floor":7.0},{"not_picked":["Blade Dance","Flying Knee"],"picked":"AT_WindFlip","floor":10.0},{"not_picked":["Prepared","AT_ArcaneSupremacy"],"picked":"Underhanded Strike","floor":11.0},{"not_picked":["Toxin Wave","PiercingWail"],"picked":"Well Laid Plans","floor":13.0},{"not_picked":["After Image","Doppelganger"],"picked":"REME_CopyPotion","floor":16.0},{"not_picked":["Bouncing Flask+1","Footwork","Heel Hook"],"picked":"SKIP","floor":18.0},{"not_picked":["Sucker Punch","Slice+1"],"picked":"Outmaneuver","floor":20.0},{"not_picked":["Slice","Cloak And Dagger"],"picked":"Poisoned Stab+1","floor":22.0},{"not_picked":["PiercingWail","Quick Slash"],"picked":"AT_ArcaneSupremacy","floor":27.0},{"not_picked":["Underhanded Strike","Doppelganger"],"picked":"Distraction+1","floor":31.0},{"not_picked":["Replay:Bag of Tricks","After Image"],"picked":"Envenom","floor":33},{"not_picked":["Hidden Blade+1","Replay:Poison Smokescreen+1"],"picked":"Finisher+1","floor":35}],"player_experience":208530,"relics_obtained":[{"floor":1.0,"key":"LetterFromLob"},{"floor":9.0,"key":"Incense Burner"},{"floor":10.0,"key":"REME_LimitBreaker"},{"floor":21.0,"key":"ReplayTheSpireMod:Ring of Collecting"},{"floor":21.0,"key":"Ring of Hypnosis"},{"floor":26.0,"key":"AT_BellowingDragoncrestRing"},{"floor":29.0,"key":"ReplayTheSpireMod:Ring of Challenge"},{"floor":31.0,"key":"Calling Bell"}],"event_choices":[{"damage_healed":0.0,"max_hp_gain":0.0,"max_hp_loss":0.0,"gold_gain":175.0,"event_name":"Liars Game","player_choice":"AGREE","floor":2.0,"gold_loss":0.0,"damage_taken":0.0,"cards_obtained":["Doubt"]},{"damage_healed":0.0,"max_hp_gain":0.0,"max_hp_loss":0.0,"gold_gain":0.0,"event_name":"Shining Light","player_choice":"Entered Light","floor":4.0,"gold_loss":0.0,"damage_taken":14.0,"cards_upgraded":["Strike_G","Strike_G"]},{"damage_healed":0.0,"max_hp_gain":0.0,"max_hp_loss":0.0,"gold_gain":0.0,"event_name":"The Woman in Blue","player_choice":"Bought 0 Potions","floor":5.0,"gold_loss":0.0,"damage_taken":0.0},{"damage_healed":0.0,"max_hp_gain":0.0,"max_hp_loss":0.0,"gold_gain":30.0,"event_name":"Dead Adventurer","player_choice":"Searched \u00273\u0027 times","floor":14.0,"gold_loss":0.0,"damage_taken":0.0,"relics_obtained":["Lizard Tail"]},{"cards_removed":["Strike_G"],"damage_healed":0.0,"max_hp_gain":0.0,"max_hp_loss":0.0,"gold_gain":0.0,"event_name":"Beggar","player_choice":"Gave Gold","floor":19.0,"gold_loss":75.0,"damage_taken":0.0},{"damage_healed":0.0,"max_hp_gain":0.0,"max_hp_loss":0.0,"gold_gain":0.0,"event_name":"The Mausoleum","player_choice":"Opened","floor":28.0,"gold_loss":0.0,"damage_taken":0.0,"relics_obtained":["GodSword6"]},{"damage_healed":0,"gold_gain":0,"player_choice":"Ignored","damage_taken":0,"max_hp_gain":0,"max_hp_loss":0,"event_name":"The Moai Head","floor":37,"gold_loss":0}],"is_beta":false,"boss_relics":[{"not_picked":["Raider\u0027s Mask","Orichalcum"],"picked":"Abe\u0027s Treasure"},{"not_picked":[]},{"not_picked":["Membership Card","Gambling Chip"],"picked":"Nuclear Battery"},{"not_picked":[]}],"items_purged_floors":[8,12],"is_endless":false,"potions_floor_spawned":[1,7,10,18,27],"killed_by":"3 Darklings","ascension_level":4}}