{"host":"4nqeo0vu1vuav7gg","time":1609704295,"event":{"mods":["AchievementEnabler","BaseMod","Block Reminder","Colored Map","Colored Powertips","Highlight Path","Minty Spire (QoL Compilation)","Quick Restart","Rare Cards Sparkle","Relic Relevance Reorder","StSLib"],"gold_per_floor":[110,60,60,70,87,87,97,97,97,124,142,157,187,203,203,303,303,313,325,10,21,21,21,21,21],"floor_reached":24,"playtime":1132,"items_purged":["Exhume"],"score":326,"play_id":"232dd064-02fd-4653-8d0d-0f8c60e591ad","local_time":"20210103210455","is_ascension_mode":true,"campfire_choices":[{"data":"Fire Breathing","floor":6.0,"key":"SMITH"},{"floor":15,"key":"REST"},{"data":"Feel No Pain","floor":23,"key":"SMITH"}],"circlet_count":0,"master_deck":["AscendersBane","Strike_R","Strike_R","Strike_R","Strike_R","Defend_R","Defend_R","Defend_R","Defend_R","Perfected Strike","Fire Breathing+1","Headbutt","Reckless Charge","Evolve","Evolve","Power Through","Feel No Pain+1","Shockwave","Feed","CurseOfTheBell","Dark Embrace+1","Carnage","Fire Breathing+1","Feel No Pain"],"relics":["Burning Blood","Shuriken","Orichalcum","Lizard Tail","Thread and Needle","Peace Pipe","Calling Bell","Pear","DollysMirror"],"acts_visited":["Exordium","TheCity"],"potions_floor_usage":[13,14,19,20],"damage_taken":[{"damage":9.0,"enemies":"Jaw Worm","floor":1.0,"turns":4.0},{"damage":5.0,"enemies":"2 Louse","floor":4.0,"turns":4.0},{"damage":1.0,"enemies":"Cultist","floor":5.0,"turns":3.0},{"damage":20.0,"enemies":"Gremlin Gang","floor":7.0,"turns":4.0},{"damage":46.0,"enemies":"Lagavulin","floor":10.0,"turns":8.0},{"damage":26.0,"enemies":"Looter","floor":11.0,"turns":4.0},{"damage":8.0,"enemies":"3 Louse","floor":12.0,"turns":2.0},{"damage":10,"enemies":"3 Sentries","floor":13,"turns":5},{"damage":13,"enemies":"Lots of Slimes","floor":14,"turns":5},{"damage":40,"enemies":"The Guardian","floor":16,"turns":12},{"damage":22,"enemies":"3 Byrds","floor":18,"turns":4},{"damage":35,"enemies":"Spheric Guardian","floor":19,"turns":8},{"damage":34,"enemies":"Snake Plant","floor":21,"turns":5},{"damage":51,"enemies":"Gremlin Leader","floor":24,"turns":5}],"seed_played":"4109610541171390660","potions_obtained":[{"floor":1.0,"key":"Fire Potion"},{"floor":11.0,"key":"SteroidPotion"},{"floor":12.0,"key":"Strength Potion"},{"floor":13,"key":"Energy Potion"},{"floor":18,"key":"Block Potion"}],"is_trial":false,"path_per_floor":["M","?","?","M","M","R","M","?","T","E","M","M","E","M","R","B",null,"M","M","$","M","?","R","E"],"character_chosen":"IRONCLAD","items_purchased":["DollysMirror","Feel No Pain","BloodPotion"],"campfire_rested":1,"item_purchase_floors":[20,20,20],"current_hp_per_floor":[69,69,69,70,75,75,61,61,61,21,46,44,40,33,57,23,76,60,31,49,21,51,51,0,0],"gold":21,"neow_bonus":"ONE_RANDOM_RARE_CARD","is_daily":false,"chose_seed":false,"campfire_upgraded":2,"win_rate":0.0,"timestamp":1609704295,"path_taken":["M","?","?","M","M","R","M","?","T","E","M","?","E","?","R","BOSS","M","M","$","M","?","R","E"],"items_purchased_type":["Relic","Card","Potion"],"build_version":"2020-12-22","purchased_purges":1,"victory":false,"max_hp_per_floor":[80,80,80,80,80,80,80,80,80,80,80,80,80,80,80,80,90,90,90,90,90,90,90,90,90],"card_choices":[{"not_picked":["Infernal Blade","Pommel Strike"],"picked":"Perfected Strike","floor":1.0},{"not_picked":["Iron Wave","Searing Blow"],"picked":"Fire Breathing","floor":4.0},{"not_picked":["Perfected Strike","Cleave"],"picked":"Headbutt","floor":5.0},{"not_picked":["Sword Boomerang","Headbutt"],"picked":"Reckless Charge","floor":7.0},{"not_picked":["Carnage","Disarm"],"picked":"Evolve","floor":10.0},{"not_picked":["Body Slam","Flex"],"picked":"Evolve","floor":11.0},{"not_picked":["Pommel Strike","Spot Weakness"],"picked":"Power Through","floor":12.0},{"not_picked":["Sentinel","Havoc"],"picked":"Feel No Pain","floor":13},{"not_picked":["Heavy Blade","Iron Wave"],"picked":"Shockwave","floor":14},{"not_picked":["Exhume","Reaper"],"picked":"Feed","floor":16},{"not_picked":["Armaments+1","Sword Boomerang"],"picked":"Dark Embrace+1","floor":18},{"not_picked":["Warcry","Anger"],"picked":"Carnage","floor":19},{"not_picked":["Searing Blow","Sword Boomerang","Perfected Strike"],"picked":"SKIP","floor":21}],"player_experience":1049758,"relics_obtained":[{"floor":9.0,"key":"Lizard Tail"},{"floor":10.0,"key":"Shuriken"},{"floor":13,"key":"Peace Pipe"},{"floor":17,"key":"Orichalcum"},{"floor":17,"key":"Pear"},{"floor":17,"key":"Thread and Needle"}],"event_choices":[{"cards_removed":["Strike_R"],"damage_healed":0.0,"max_hp_gain":0.0,"max_hp_loss":0.0,"gold_gain":0.0,"event_name":"The Cleric","player_choice":"Card Removal","floor":2.0,"gold_loss":50.0,"damage_taken":0.0},{"damage_healed":0.0,"max_hp_gain":0.0,"max_hp_loss":0.0,"gold_gain":0.0,"event_name":"Golden Wing","player_choice":"Ignored","floor":3.0,"gold_loss":0.0,"damage_taken":0.0},{"cards_removed":["Bash"],"damage_healed":0.0,"max_hp_gain":0.0,"max_hp_loss":0.0,"gold_gain":0.0,"event_name":"Bonfire Elementals","player_choice":"Offered Basic","floor":8.0,"gold_loss":0.0,"damage_taken":0.0},{"damage_healed":30,"gold_gain":0,"player_choice":"Heal","damage_taken":0,"max_hp_gain":0,"max_hp_loss":0,"event_name":"The Library","floor":22,"gold_loss":0}],"is_beta":false,"boss_relics":[{"not_picked":["Velvet Choker","Black Blood"],"picked":"Calling Bell"}],"items_purged_floors":[20],"is_endless":false,"potions_floor_spawned":[1,11,12,13,18],"killed_by":"Gremlin Leader","ascension_level":11}}