{"host":"nzm1i0l8mrsm8hd2","time":1609643363,"event":{"mods":["Act Like it!","Aspiration","BaseMod","CapriCore","Challenge The Spire","Conspire","Gensokyo","Minty Spire (QoL Compilation)","Pale of the Ancients","Quick Restart","RumiaBox-露米娅的神秘盒子","Spicy Shops","StSLib","The Immortal","The Jungle","The Mystic","Wandering Minibosses","Yakumo Yukari mod"],"gold_per_floor":[640,272,305,340,369,369,82,82,112,112,112],"floor_reached":10,"playtime":692,"items_purged":["mysticmod:Strike_Mystic","mysticmod:Defend_Mystic","mysticmod:Strike_Mystic","mysticmod:Defend_Mystic","mysticmod:Strike_Mystic"],"score":173,"play_id":"e9c7d08b-89c3-4c86-9c88-22be8daac658","local_time":"20210103110923","daily_mods":["challengethespire:Silver Difficulty","challengethespire:Modded Elite Rush","Uncertain Future"],"is_ascension_mode":true,"campfire_choices":[{"data":"mysticmod:Dedication","floor":8,"key":"SMITH"}],"circlet_count":0,"master_deck":["AscendersBane","mysticmod:Defend_Mystic","mysticmod:ArcaneDodge","mysticmod:ShockingGrasp","mysticmod:Stoneskin","mysticmod:DiviningBlow+1","mysticmod:Flourish+1","mysticmod:ComboCaster","Apotheosis","mysticmod:Dedication+1","mysticmod:Discipline"],"relics":["mysticmod:SpellBook","Black Star","Sling","PreservedInsect","Membership Card","SSSystem","aspiration:HatOfInfinitePower","Eternal Feather","Molten Egg 2","GodSword6","mysticmod:RabbitsFoot","Boot","Art of War","Potion Belt","Pocketwatch","Empty Cage","Lantern","mysticmod:Kama","MealTicket","Orichalcum"],"acts_visited":["Exordium"],"potions_floor_usage":[9],"damage_taken":[{"damage":32,"enemies":"Gremlin Nob","floor":3,"turns":4},{"damage":0,"enemies":"Lagavulin","floor":4,"turns":4},{"damage":6,"enemies":"3 Sentries","floor":5,"turns":4},{"damage":28,"enemies":"Gremlin Leader","floor":9,"turns":3},{"damage":17,"enemies":"conspire:SneckoGhost","floor":10,"turns":1}],"seed_played":"642147920001121330","potions_obtained":[{"floor":5,"key":"SkillPotion"},{"floor":9,"key":"BlessingOfTheForge"}],"is_trial":true,"path_per_floor":["$","$","E","E","E","T","$","R","E","E"],"character_chosen":"MYSTIC_CLASS","items_purchased":["Membership Card","SSSystem","aspiration:HatOfInfinitePower","Eternal Feather","Molten Egg 2","mysticmod:Stoneskin","Lantern","mysticmod:Kama","Apotheosis","mysticmod:Dedication"],"campfire_rested":0,"item_purchase_floors":[1,1,1,2,2,2,7,7,7,7],"current_hp_per_floor":[69,69,37,37,31,31,31,37,9,0,0],"gold":112,"neow_bonus":"","is_daily":false,"chose_seed":false,"campfire_upgraded":1,"win_rate":0.0,"timestamp":1609643363,"path_taken":["$","$","E","E","E","T","$","R","E","E"],"items_purchased_type":["Relic","Relic","Relic","Relic","Relic","Card","Relic","Relic","Card","Card"],"build_version":"2020-12-22","purchased_purges":5,"victory":false,"max_hp_per_floor":[77,77,77,77,77,77,77,77,77,77,77],"card_choices":[],"player_experience":570237,"relics_obtained":[{"floor":3,"key":"GodSword6"},{"floor":3,"key":"mysticmod:RabbitsFoot"},{"floor":4,"key":"Boot"},{"floor":4,"key":"Art of War"},{"floor":5,"key":"Potion Belt"},{"floor":5,"key":"Pocketwatch"},{"floor":9,"key":"MealTicket"},{"floor":9,"key":"Orichalcum"}],"event_choices":[],"is_beta":false,"boss_relics":[{"not_picked":["aspiration:RunicSpoon","EasyGame_NEW"],"picked":"Empty Cage"}],"items_purged_floors":[1,1,2,2,7],"is_endless":false,"potions_floor_spawned":[5,9],"killed_by":"conspire:SneckoGhost","ascension_level":10}}