{"host":"uy3xxt3jvdg1h0wo","time":1609714632,"event":{"mods":["Act Like it!","Arknights The Spire","Aspiration","Astrologer","BaseMod","Better Sensory Stone","Better Vampires","CatGirl Mod","ChefMod","Colored Powertips","Conspire","Displayed Cursed Tome","Dota2Spire","GifTheSpireLib","Gremlin Skip","Grow up Mod","Halation","Hallownest","Hermit","Hubris","JesterMod","Jorbs\u0027s Wanderer Trilogy","Kratos Character Expansion","Melee Mod","Menagerie","Minty Spire (QoL Compilation)","RatMod","Remove Card Discount Mod","Replay The Spire","Retaliation","Robot Space Explorer","SCP261 Mod","Shade Mod","Shop Mod","Spicy Shops","Spikes Relics","Spire Birthday Party","StSLib","Stuff the Spire","The Caster","The Cursed","The Factory","The Forsaken","The Hayseed","The Judge","The Jungle","The Kombatant","The Marked","The Necromancer","The Problem Sleuth","TheVacant","TheWitcher","Transform Curses","Virulent Crown","[IsaacMod]????","thorton","vexMod","????"],"gold_per_floor":[153,1,1,21,41,71,95,118,118,19,39,76,76,109,109,225,225,252,252,252,271,290,336,9,9,34,34,59,83,112,133,133,548,548,573,606,606,2,17,46,86,114,114,139,178,202,225,240,205,216],"floor_reached":51,"playtime":4401,"items_purged":["Normality","Doubt","Writhe","Decay"],"score":919,"play_id":"9d28afc2-754f-44d4-89ff-ebcb7b2386ee","local_time":"20210103165712","daily_mods":["Allstar","Time Dilation","Terminal"],"is_ascension_mode":false,"campfire_choices":[{"floor":13,"key":"REST"},{"floor":15,"key":"DIG"},{"floor":27,"key":"REST"},{"floor":32,"key":"REST"}],"circlet_count":0,"master_deck":["hubris:Hubris","thethorton:Strike","thethorton:Strike","thethorton:Strike","thethorton:Strike","thethorton:Defend","thethorton:Defend","thethorton:Defend","thethorton:Defend","thethorton:Heckle","thethorton:CreditCard","hubris:Hubris","Madness","conspire:Banana","Mayhem","ReplayTheSpireMod:Uncanny Aura","Specialist","thethorton:OddChange","thethorton:BigBreak","thethorton:DualBap","thethorton:WhirlingBriefcase","thethorton:WhirlingBriefcase","thethorton:CashBash","thethorton:AngerMoment","thethorton:DualBap","thethorton:OddChange","thethorton:BusinessBash","thethorton:Octopus","Metallicize","Flex","thethorton:PocketChange","thethorton:CallIn+1","Blind","thethorton:BusinessBash","Thunderclap+1","Power Through","thethorton:StumblingSlap+1","thethorton:SicklyRun","thethorton:LongTermPayoff","Twin Strike","thethorton:Jackpot","conspire:Banana","StuffTheSpire:Pyroclast","thethorton:Crash","Impervious","thethorton:ThickSkin","thethorton:Hindsight","thethorton:BusinessCard+1","Sentinel","conspire:HitWhereItHurts","Shockwave","ReplayTheSpireMod:Muscle Training+1","thethorton:ElbowSmash+1","Reckless Charge","Pommel Strike+1","StuffTheSpire:Incineration","Disarm+1","thethorton:LastDitchEffort+1","Intimidate+1","Perfected Strike","thethorton:Distance"],"relics":["thethorton:CouragePotion","HushsDoor","Leech","MerchantsRug","Boot","BFFS","BookOfRevelations","Bronze Scales","hubris:Towel","BookofShadows","SatanicBible","Mirror","TheBean","GiantMaggot","thethorton:Resume"],"acts_visited":["Hallownest:Greenpath","Hallownest:Greenpath","theJungle:Jungle"],"potions_floor_usage":[6,8,12,16,16,16,18,23,30,33,36,45,50,50,50,50,50],"damage_taken":[{"damage":1,"enemies":"2_ Uuma","floor":1,"turns":6},{"damage":0,"enemies":"Hallownest:monsterHuskWarrior","floor":4,"turns":3},{"damage":9,"enemies":"Hallownest:monsterHuskGuard","floor":5,"turns":4},{"damage":6,"enemies":"Hallownest:eliteMossKnight","floor":6,"turns":3},{"damage":7,"enemies":"Hallownest:Wandering_and_Horned","floor":7,"turns":4},{"damage":5,"enemies":"Hallownest:2_Tiktiks_1_Baldur_1_Crawlid","floor":8,"turns":3},{"damage":0,"enemies":"Hallownest:monsterMossCharger","floor":11,"turns":1},{"damage":5,"enemies":"Hallownest:eliteCrystalGuardian","floor":12,"turns":3},{"damage":20,"enemies":"Hallownest:1_Ooma_and_2_Uuma","floor":14,"turns":4},{"damage":3,"enemies":"Hallownest:BossBrokenVessel","floor":16,"turns":10},{"damage":7,"enemies":"theJungle:GiantWrat","floor":18,"turns":3},{"damage":15,"enemies":"theJungle:MUSHROOMGANG","floor":21,"turns":3},{"damage":10,"enemies":"theJungle:SlimyTreeVines","floor":22,"turns":4},{"damage":49,"enemies":"theJungle:MamaSnecko","floor":23,"turns":6},{"damage":58,"enemies":"theJungle:2_Flameangoes","floor":28,"turns":4},{"damage":41,"enemies":"theJungle:Snecko_Cultist_And_Trap","floor":29,"turns":5},{"damage":10,"enemies":"theJungle:SlimyTreeVines","floor":30,"turns":5},{"damage":12,"enemies":"theJungle:2_Snecko_Cultists","floor":31,"turns":3},{"damage":0,"enemies":"theJungle:QueenSpyder","floor":33,"turns":10},{"damage":46,"enemies":"theFactory:2_Experiment_Personnel","floor":35,"turns":5},{"damage":27,"enemies":"theFactory:4_Mini-Bots","floor":36,"turns":3},{"damage":0,"enemies":"theFactory:DefectiveSentry","floor":39,"turns":4},{"damage":7,"enemies":"theFactory:SmogElemental","floor":41,"turns":3},{"damage":19,"enemies":"theFactory:Sentry and Guards","floor":42,"turns":5},{"damage":9,"enemies":"conspire:MimicChest","floor":44,"turns":4},{"damage":30,"enemies":"theFactory:Sentries_and_Big_Bot","floor":45,"turns":4},{"damage":3,"enemies":"theFactory:Personnel_and_Big_Bot","floor":46,"turns":6},{"damage":8,"enemies":"theFactory:6_Mini-Bots","floor":47,"turns":3},{"damage":7,"enemies":"theFactory:Orbs_and_Orb_Walker","floor":48,"turns":4},{"damage":0,"enemies":"theFactory:SPIDER","floor":50,"turns":11}],"seed_played":"4251252283042701915","potions_obtained":[{"floor":1,"key":"SCP261:ThunderBarPotion"},{"floor":4,"key":"SCP261:BlastolaColaPotion"},{"floor":5,"key":"Dexterity Potion"},{"floor":8,"key":"SCP261:DewritoBlazePotion"},{"floor":12,"key":"Dexterity Potion"},{"floor":14,"key":"PowerPotion"},{"floor":16,"key":"Explosive Potion"},{"floor":22,"key":"SCP261:BostonMolassesPotion"},{"floor":29,"key":"DuplicationPotion"},{"floor":30,"key":"EssenceOfSteel"},{"floor":39,"key":"Venom Potion"},{"floor":42,"key":"Fire Potion"},{"floor":44,"key":"Elixir"},{"floor":45,"key":"Block Potion"},{"floor":48,"key":"FearPotion"}],"is_trial":false,"path_per_floor":["M","$","?","M","M","E","M","M","T","R","M","E","R","M","R","B",null,"M","?","?","M","M","E","R","?","T","R","M","M","M","M","R","B",null,"M","M","?","$","M","R","E","M","T","?","M","M","M","M","R","B",null],"character_chosen":"THE_THORT","items_purchased":["MerchantsRug","BFFS","thethorton:AngerMoment","SteroidPotion","Blind","thethorton:BusinessBash","Thunderclap+1","Power Through","Milkshake","SCP261:ClockworkPotion","SCP261:BostonMolassesPotion","conspire:Banana","StuffTheSpire:Pyroclast","thethorton:Crash","Impervious","thethorton:ThickSkin","thethorton:Hindsight","Simple Rune","aspiration:SeaSaltIceCream","conspire:HitWhereItHurts","Mirror","Shockwave","Toxic Potion","EssenceOfSteel","GiantMaggot","thethorton:Resume","Perfected Strike","thethorton:Distance"],"campfire_rested":3,"item_purchase_floors":[2,10,10,10,24,24,24,24,34,34,34,34,34,34,34,34,34,38,38,38,38,38,40,40,49,49,49,49],"current_hp_per_floor":[87,96,105,115,119,125,133,142,152,162,173,181,198,190,200,214,235,243,253,263,264,275,246,256,266,276,327,286,263,277,282,373,383,364,334,325,373,383,403,413,422,422,432,448,441,463,473,487,497,524],"gold":216,"neow_bonus":"","is_daily":true,"chose_seed":false,"campfire_upgraded":0,"win_rate":0.0,"timestamp":1609714632,"path_taken":["M","$","?","M","M","E","M","?","T","R","?","E","R","M","R","BOSS","M","?","?","?","M","E","R","?","T","R","M","M","M","M","R","BOSS","M","M","?","$","M","R","E","M","T","?","?","M","M","M","R","BOSS"],"items_purchased_type":["Relic","Relic","Card","Potion","Card","Card","Card","Card","Potion","Potion","Potion","Card","Card","Card","Card","Card","Card","Relic","Relic","Card","Relic","Card","Potion","Potion","Relic","Relic","Card","Card"],"build_version":"2020-12-22","purchased_purges":4,"victory":true,"max_hp_per_floor":[87,96,105,115,125,134,144,153,162,171,180,189,198,207,216,226,235,245,254,263,272,282,291,300,309,318,327,337,346,355,364,373,383,364,373,383,392,401,412,421,430,440,449,459,470,479,488,497,506,525],"card_choices":[{"not_picked":["thethorton:MomentaryBreak","thethorton:ShoutAndRun"],"picked":"thethorton:OddChange","floor":1},{"not_picked":["thethorton:DualBap","thethorton:SicklyRun"],"picked":"thethorton:BigBreak","floor":4},{"not_picked":["thethorton:HitAhead","thethorton:RichRun"],"picked":"thethorton:DualBap","floor":5},{"not_picked":["thethorton:SeeingDouble","thethorton:BusinessBash"],"picked":"thethorton:WhirlingBriefcase","floor":6},{"not_picked":["thethorton:StumblingSlap","thethorton:MomentaryBreak"],"picked":"thethorton:WhirlingBriefcase","floor":7},{"not_picked":["thethorton:Investment","thethorton:DownPayment"],"picked":"thethorton:CashBash","floor":8},{"not_picked":["thethorton:BookBash","thethorton:BusinessBoom"],"picked":"thethorton:DualBap","floor":11},{"not_picked":["thethorton:Investment","thethorton:RunningKick"],"picked":"thethorton:OddChange","floor":12},{"not_picked":["thethorton:CashBash","thethorton:HitAhead"],"picked":"thethorton:BusinessBash","floor":14},{"not_picked":["thethorton:Siphon","thethorton:TrueForm"],"picked":"thethorton:Octopus","floor":16},{"not_picked":["thethorton:AngerMoment+1","thethorton:Distance","Thunderclap+1"],"picked":"Metallicize","floor":18},{"not_picked":["Armaments+1","thethorton:Investment","True Grit"],"picked":"Flex","floor":21},{"not_picked":["thethorton:FearfulRun","Barricade","Feel No Pain"],"picked":"thethorton:PocketChange","floor":22},{"not_picked":["thethorton:DualBap","StuffTheSpire:Slingshot+1","thethorton:RunningKick"],"picked":"thethorton:CallIn+1","floor":23},{"not_picked":["Sword Boomerang+1","thethorton:BookBash+1","ReplayTheSpireMod:Limb From Limb+1"],"picked":"thethorton:StumblingSlap+1","floor":28},{"not_picked":["Battle Trance","thethorton:GoldenPetal","thethorton:ChartProject"],"picked":"thethorton:SicklyRun","floor":29},{"not_picked":["thethorton:DownPayment","StuffTheSpire:Slingshot","thethorton:SeeingDouble+1"],"picked":"thethorton:LongTermPayoff","floor":30},{"not_picked":["thethorton:ShoutAndRun","Intimidate","thethorton:AngerMoment"],"picked":"Twin Strike","floor":31},{"not_picked":["thethorton:AdministrativeActions","thethorton:EquivalentExchange","Juggernaut"],"picked":"thethorton:Jackpot","floor":33},{"not_picked":["Run Through","DDmod:UnstoppableAttack","Replay:Undeath\u0027s Touch"],"picked":"thethorton:BusinessCard+1","floor":35},{"not_picked":["Battle Trance+1","Entrench","thethorton:DownPayment"],"picked":"Sentinel","floor":36},{"not_picked":["Flex+1","thethorton:GemGun","Fiend Fire"],"picked":"ReplayTheSpireMod:Muscle Training+1","floor":39},{"not_picked":["Rampage+1","ReplayReversal","thethorton:Distance+1"],"picked":"thethorton:ElbowSmash+1","floor":41},{"not_picked":["DDmod:UnstoppableAttack","Fiend Fire","DDmod:SpikedSkill"],"picked":"Reckless Charge","floor":42},{"not_picked":["thethorton:MomentaryBreak","hubris:ReadiedAction+1","Shockwave+1"],"picked":"Pommel Strike+1","floor":44},{"not_picked":["Sword Boomerang+1","ReplayTheSpireMod:Limb From Limb","thethorton:TakeAccounts+1"],"picked":"StuffTheSpire:Incineration","floor":45},{"not_picked":["Replay:Undeath\u0027s Touch+1","Iron Wave","Perfected Strike"],"picked":"Disarm+1","floor":46},{"not_picked":["thethorton:CashBash+1","DDmod:EasePowerCard+1","Burning Pact"],"picked":"thethorton:LastDitchEffort+1","floor":47},{"not_picked":["Body Slam+1","thethorton:ChartProject","Rupture+1"],"picked":"Intimidate+1","floor":48}],"player_experience":4845753,"relics_obtained":[{"floor":6,"key":"Diplopia"},{"floor":9,"key":"Boot"},{"floor":12,"key":"BookOfRevelations"},{"floor":15,"key":"Bronze Scales"},{"floor":23,"key":"BookofShadows"},{"floor":26,"key":"Tiny Chest"},{"floor":41,"key":"TheBean"},{"floor":43,"key":"Bird Faced Urn"},{"floor":44,"key":"Potion Belt"}],"event_choices":[],"is_beta":false,"boss_relics":[{"not_picked":["halation:ForbiddenBikini","Black Star"],"picked":"aspiration:IroncladSkillbook"},{"not_picked":[]},{"not_picked":["Replay:Grab Bag","aspiration:SecretTechniqueScroll"],"picked":"vexMod:CursedCompass"},{"not_picked":[]}],"items_purged_floors":[2,10,24,38],"is_endless":false,"potions_floor_spawned":[1,4,5,8,12,14,16,22,29,30,39,41,42,44,45,48,50],"ascension_level":0}}