{"host":"akjsb4vg7478j4ls","time":1609642392,"event":{"mods":["BaseMod","Colored Powertips","Minty Spire (QoL Compilation)","Rare Cards Sparkle"],"gold_per_floor":[115,115,115,134,134,152,152,177,177,201,216,255,220,69,69,198,198,177,177,177,9,9,9,9,34,61,198,225,18,18,18,18,149,149,172,97,122,122,122,122,141,154,234,17,17,17,36,55,55,55],"floor_reached":51,"playtime":3246,"items_purged":[],"score":645,"play_id":"022985f1-4bc8-4dc4-b158-d314f48e246d","local_time":"20210103005312","is_ascension_mode":false,"campfire_choices":[{"floor":7,"key":"REST"},{"data":"Cloak And Dagger","floor":15,"key":"SMITH"},{"floor":23,"key":"REST"},{"floor":24,"key":"REST"},{"data":"Transmutation","floor":30,"key":"SMITH"},{"data":"Terror","floor":32,"key":"SMITH"},{"data":"Jack Of All Trades","floor":40,"key":"SMITH"},{"data":"Accuracy","floor":45,"key":"SMITH"},{"floor":49,"key":"REST"}],"circlet_count":0,"master_deck":["Strike_G+1","Strike_G+1","Strike_G+1","Strike_G+1","Strike_G+1","Defend_G+1","Defend_G+1","Defend_G+1","Defend_G+1","Defend_G+1","Survivor","Neutralize+1","Blade Dance","Outmaneuver","Deadly Poison","Blade Dance","Cloak And Dagger+1","Phantasmal Killer","Endless Agony","A Thousand Cuts","Quick Slash","Jack Of All Trades+1","Shame","Cloak And Dagger","Phantasmal Killer","Transmutation+1","Terror+1","Bullet Time","Cloak And Dagger+1","Bouncing Flask+1","Accuracy+1","Accuracy+1","Footwork","Jack Of All Trades+1","Noxious Fumes+1","Parasite","Underhanded Strike+1"],"relics":["SacredBark","Golden Idol","Meat on the Bone","WingedGreaves","Membership Card","Philosopher\u0027s Stone","Enchiridion","Matryoshka","Boot","HornCleat","MawBank","Lizard Tail","Sundial","Bottled Lightning","WristBlade","Regal Pillow","Blood Vial","Gremlin Horn","Bronze Scales","Oddly Smooth Stone"],"acts_visited":["Exordium","TheCity","TheBeyond"],"potions_floor_usage":[12,16,27,27,28,33,50,50,50],"damage_taken":[{"damage":1,"enemies":"2 Louse","floor":1,"turns":4},{"damage":0,"enemies":"Small Slimes","floor":4,"turns":3},{"damage":1,"enemies":"Jaw Worm","floor":6,"turns":3},{"damage":0,"enemies":"Red Slaver","floor":8,"turns":5},{"damage":14,"enemies":"Large Slime","floor":10,"turns":6},{"damage":3,"enemies":"Blue Slaver","floor":11,"turns":4},{"damage":10,"enemies":"3 Sentries","floor":12,"turns":5},{"damage":26,"enemies":"Slime Boss","floor":16,"turns":6},{"damage":26,"enemies":"2 Thieves","floor":18,"turns":5},{"damage":0,"enemies":"3 Byrds","floor":25,"turns":3},{"damage":4,"enemies":"Colosseum Slavers","floor":27,"turns":4},{"damage":2,"enemies":"Colosseum Nobs","floor":27,"turns":3},{"damage":0,"enemies":"3 Cultists","floor":28,"turns":3},{"damage":39,"enemies":"Collector","floor":33,"turns":7},{"damage":0,"enemies":"Orb Walker","floor":35,"turns":3},{"damage":0,"enemies":"3 Darklings","floor":37,"turns":4},{"damage":0,"enemies":"Sphere and 2 Shapes","floor":41,"turns":3},{"damage":0,"enemies":"Maw","floor":42,"turns":6},{"damage":51,"enemies":"4 Shapes","floor":47,"turns":3},{"damage":30,"enemies":"Writhing Mass","floor":48,"turns":4},{"damage":36,"enemies":"Donu and Deca","floor":50,"turns":6}],"seed_played":"3595343278735851419","potions_obtained":[{"floor":4,"key":"Weak Potion"},{"floor":8,"key":"CunningPotion"},{"floor":10,"key":"Ancient Potion"},{"floor":12,"key":"SteroidPotion"},{"floor":25,"key":"Block Potion"},{"floor":27,"key":"Fire Potion"},{"floor":33,"key":"Poison Potion"},{"floor":37,"key":"CultistPotion"},{"floor":41,"key":"Ancient Potion"},{"floor":42,"key":"BlessingOfTheForge"},{"floor":47,"key":"Strength Potion"}],"is_trial":false,"path_per_floor":["M","?","?","M","$","M","R","M","T","M","M","E","?","$","R","B",null,"M","?","?","$","?","R","R","M","T","?","M","$","R","?","R","B",null,"M","$","M","?","$","R","M","M","T","$","R","?","M","M","R","B",null],"character_chosen":"THE_SILENT","items_purchased":["Membership Card","Matryoshka","Jack Of All Trades","Transmutation","Bottled Lightning","Regal Pillow","Bronze Scales","Oddly Smooth Stone","Footwork","Dexterity Potion"],"campfire_rested":4,"item_purchase_floors":[14,21,21,29,29,36,44,44,44,44],"current_hp_per_floor":[69,52,38,38,38,37,58,58,58,44,41,43,60,60,60,46,70,44,44,28,28,28,49,70,70,70,64,64,64,64,64,64,37,70,70,70,70,70,70,70,70,70,70,70,70,70,31,15,51,29],"gold":55,"neow_bonus":"BOSS_RELIC","is_daily":false,"chose_seed":false,"campfire_upgraded":5,"win_rate":0.0,"timestamp":1609642392,"path_taken":["M","?","?","M","$","M","R","M","T","M","M","E","?","?","R","BOSS","M","?","?","$","?","R","R","M","T","?","M","?","R","?","R","BOSS","M","$","M","?","$","R","M","M","T","$","R","?","?","M","R","BOSS"],"items_purchased_type":["Relic","Relic","Card","Card","Relic","Relic","Relic","Relic","Card","Potion"],"build_version":"2020-12-22","purchased_purges":0,"victory":true,"max_hp_per_floor":[70,70,70,70,70,70,70,70,70,70,70,70,70,70,70,70,70,70,70,70,70,70,70,70,70,70,70,70,70,70,70,70,70,70,70,70,70,70,70,70,70,70,70,70,70,70,70,70,70,70],"card_choices":[{"not_picked":["Deadly Poison","Blur"],"picked":"Blade Dance","floor":1},{"not_picked":["Skewer","Prepared"],"picked":"Outmaneuver","floor":4},{"not_picked":["Tactician","Acrobatics"],"picked":"Deadly Poison","floor":6},{"not_picked":["Bane","Sucker Punch"],"picked":"Blade Dance","floor":8},{"not_picked":["Dagger Spray","Dodge and Roll"],"picked":"Cloak And Dagger","floor":10},{"not_picked":["Choke","Catalyst"],"picked":"Phantasmal Killer","floor":11},{"not_picked":["Prepared","Deflect"],"picked":"Endless Agony","floor":12},{"not_picked":["Adrenaline","Die Die Die"],"picked":"A Thousand Cuts","floor":16},{"not_picked":["Prepared","Dagger Spray"],"picked":"Quick Slash","floor":18},{"not_picked":["Endless Agony","Prepared"],"picked":"Cloak And Dagger","floor":25},{"not_picked":["Escape Plan","Backflip+1"],"picked":"Phantasmal Killer","floor":27},{"not_picked":["Crippling Poison","Expertise"],"picked":"Dagger Spray","floor":28},{"not_picked":["Corpse Explosion","Night Terror"],"picked":"Bullet Time","floor":33},{"not_picked":["Infinite Blades","Bane+1"],"picked":"Cloak And Dagger+1","floor":35},{"not_picked":["Sucker Punch","Riddle With Holes"],"picked":"Bouncing Flask+1","floor":37},{"not_picked":["Dodge and Roll+1","Skewer+1"],"picked":"Accuracy+1","floor":41},{"not_picked":["Terror+1","Skewer+1"],"picked":"Accuracy","floor":42},{"not_picked":["Riddle With Holes+1","Choke+1"],"picked":"Noxious Fumes+1","floor":47},{"not_picked":["Flying Knee+1","Endless Agony"],"picked":"Underhanded Strike+1","floor":48}],"player_experience":82937,"relics_obtained":[{"floor":9,"key":"Meat on the Bone"},{"floor":12,"key":"WingedGreaves"},{"floor":20,"key":"Enchiridion"},{"floor":26,"key":"HornCleat"},{"floor":26,"key":"MawBank"},{"floor":27,"key":"Lizard Tail"},{"floor":27,"key":"Sundial"},{"floor":43,"key":"Blood Vial"},{"floor":43,"key":"Gremlin Horn"}],"event_choices":[{"damage_healed":0,"gold_gain":0,"player_choice":"Take Damage","damage_taken":17,"relics_obtained":["Golden Idol"],"max_hp_gain":0,"max_hp_loss":0,"event_name":"Golden Idol","floor":2,"gold_loss":0},{"damage_healed":0,"gold_gain":0,"player_choice":"Entered Light","damage_taken":14,"max_hp_gain":0,"max_hp_loss":0,"event_name":"Shining Light","floor":3,"gold_loss":0,"cards_upgraded":["Defend_G","Neutralize"]},{"damage_healed":17,"gold_gain":0,"player_choice":"Healed","damage_taken":0,"max_hp_gain":0,"max_hp_loss":0,"event_name":"The Cleric","floor":13,"gold_loss":35},{"damage_healed":0,"gold_gain":0,"player_choice":"Simplicity","damage_taken":0,"max_hp_gain":0,"max_hp_loss":0,"event_name":"Back to Basics","floor":19,"gold_loss":0,"cards_upgraded":["Strike_G","Strike_G","Strike_G","Strike_G","Strike_G","Defend_G","Defend_G","Defend_G","Defend_G"]},{"damage_healed":0,"gold_gain":0,"player_choice":"Obtained Book","damage_taken":16,"max_hp_gain":0,"max_hp_loss":0,"event_name":"Cursed Tome","floor":20,"gold_loss":0},{"damage_healed":0,"gold_gain":0,"player_choice":"Stole Relic","damage_taken":0,"relics_obtained":["Boot"],"max_hp_gain":0,"max_hp_loss":0,"event_name":"Addict","floor":22,"gold_loss":0,"cards_obtained":["Shame"]},{"damage_healed":0,"gold_gain":0,"player_choice":"Fight","damage_taken":0,"max_hp_gain":0,"max_hp_loss":0,"event_name":"Colosseum","floor":27,"gold_loss":0},{"damage_healed":0,"gold_gain":0,"player_choice":"Fought Nobs","damage_taken":0,"max_hp_gain":0,"max_hp_loss":0,"event_name":"Colosseum","floor":27,"gold_loss":0},{"damage_healed":0,"gold_gain":0,"player_choice":"Read","damage_taken":0,"max_hp_gain":0,"max_hp_loss":0,"event_name":"The Library","floor":31,"gold_loss":0,"cards_obtained":["Terror"]},{"cards_removed":["Dagger Spray"],"damage_healed":0,"gold_gain":0,"player_choice":"Removed Attack","damage_taken":0,"max_hp_gain":0,"max_hp_loss":0,"event_name":"Falling","floor":38,"gold_loss":0},{"damage_healed":0,"gold_gain":0,"player_choice":"Copied","damage_taken":0,"max_hp_gain":0,"max_hp_loss":0,"event_name":"Duplicator","floor":46,"gold_loss":0,"cards_obtained":["Jack Of All Trades"]}],"is_beta":false,"boss_relics":[{"not_picked":["Runic Dome","Coffee Dripper"],"picked":"Philosopher\u0027s Stone"},{"not_picked":["Astrolabe","Sozu"],"picked":"WristBlade"}],"items_purged_floors":[],"is_endless":false,"potions_floor_spawned":[4,8,10,12,25,27,33,37,41,42,47],"ascension_level":0}}