{"host":"31s8hzukbhz1k6i6","time":1609715369,"event":{"mods":["AchievementEnabler","BaseMod","Bestiary","Colored Map","Filter the Spire","Minty Spire (QoL Compilation)","Relic Stats","ojb\u0027s Info Mod"],"gold_per_floor":[111,11,11,28,41,75,94,125,149,149,149,149],"floor_reached":11,"playtime":456,"items_purged":[],"score":166,"play_id":"5982d079-0d15-4584-bed9-80097251f729","local_time":"20210103150929","is_ascension_mode":true,"campfire_choices":[{"data":"Well Laid Plans","floor":10,"key":"SMITH"}],"circlet_count":0,"master_deck":["AscendersBane","Strike_G","Strike_G","Strike_G","Defend_G","Defend_G","Defend_G","Defend_G","Survivor","Neutralize","Cloak And Dagger+1","Die Die Die+1","Dagger Throw+1","Acrobatics","Tactician","Well Laid Plans+1","Blade Dance"],"relics":["Astrolabe","Centennial Puzzle","Ancient Tea Set","Strawberry","Happy Flower"],"acts_visited":["Exordium"],"potions_floor_usage":[],"damage_taken":[{"damage":0,"enemies":"2 Louse","floor":1,"turns":3},{"damage":0,"enemies":"Cultist","floor":4,"turns":2},{"damage":0,"enemies":"Small Slimes","floor":5,"turns":2},{"damage":29,"enemies":"Gremlin Nob","floor":6,"turns":4},{"damage":0,"enemies":"Looter","floor":7,"turns":2},{"damage":15,"enemies":"3 Sentries","floor":8,"turns":9},{"damage":54,"enemies":"Gremlin Nob","floor":11,"turns":4}],"seed_played":"-4506717415560542909","potions_obtained":[],"is_trial":false,"path_per_floor":["M","?","$","M","M","E","M","E","T","R","E"],"character_chosen":"THE_SILENT","items_purchased":[],"campfire_rested":0,"item_purchase_floors":[],"current_hp_per_floor":[59,59,59,59,59,30,30,22,22,22,0,0],"gold":149,"neow_bonus":"BOSS_RELIC","is_daily":false,"chose_seed":false,"campfire_upgraded":1,"win_rate":0.0,"timestamp":1609715369,"path_taken":["M","?","$","M","?","E","M","E","T","R","E"],"items_purchased_type":[],"build_version":"2020-12-22","purchased_purges":0,"victory":false,"max_hp_per_floor":[66,66,66,66,66,66,66,73,73,73,73,73],"relic_stats":{"Centennial Puzzle":[9],"Happy Flower":[1],"counters":[7,26],"Astrolabe":["Cloak And Dagger","Die Die Die","Dagger Throw"],"obtain_stats":[{"Centennial Puzzle":2,"Happy Flower":9,"Astrolabe":0,"Strawberry":8,"Ancient Tea Set":6,"Ring of the Snake":0},{"Centennial Puzzle":1,"Happy Flower":6,"Astrolabe":0,"Strawberry":6,"Ancient Tea Set":4,"Ring of the Snake":0},{"Centennial Puzzle":3,"Happy Flower":22,"Astrolabe":0,"Strawberry":22,"Ancient Tea Set":11,"Ring of the Snake":0}]},"card_choices":[{"not_picked":["Dagger Throw","Dodge and Roll","Flying Knee"],"picked":"SKIP","floor":1},{"not_picked":["Blade Dance","Backflip"],"picked":"Acrobatics","floor":4},{"not_picked":["Dagger Throw","PiercingWail"],"picked":"Tactician","floor":5},{"not_picked":["Acrobatics","Backflip"],"picked":"Well Laid Plans","floor":6},{"not_picked":["Unload","Poisoned Stab"],"picked":"Blade Dance","floor":7},{"not_picked":["Masterful Stab","Riddle With Holes","Unload"],"picked":"SKIP","floor":8}],"player_experience":143952,"relics_obtained":[{"floor":6,"key":"Ancient Tea Set"},{"floor":8,"key":"Strawberry"},{"floor":9,"key":"Happy Flower"}],"event_choices":[{"damage_healed":0,"gold_gain":0,"player_choice":"Paid Gold","damage_taken":0,"relics_obtained":["Centennial Puzzle"],"max_hp_gain":0,"max_hp_loss":0,"event_name":"WeMeetAgain","floor":2,"gold_loss":100}],"is_beta":false,"boss_relics":[],"items_purged_floors":[],"is_endless":false,"potions_floor_spawned":[],"killed_by":"Gremlin Nob","ascension_level":20}}