{"host":"3zqlgdr138v4qupe","time":1609675465,"event":{"mods":["BaseMod","Hermit","Minty Spire (QoL Compilation)","StSLib","The Cursed","The Poker Player"],"gold_per_floor":[119,119,138,138,138,138,153,193,193,193,193,229,252,267,267,388,388,402,426,134,155,198,198,198],"floor_reached":23,"playtime":1886,"items_purged":["Defend_B"],"score":211,"play_id":"54576b0b-14e2-4e48-9889-6897377d7e03","local_time":"20210103210425","is_ascension_mode":true,"campfire_choices":[{"data":"Dualcast","floor":6.0,"key":"SMITH"},{"floor":11.0,"key":"REST"},{"data":"Static Discharge","floor":15.0,"key":"SMITH"}],"circlet_count":0,"master_deck":["Strike_B","Strike_B","Defend_B","Defend_B","Defend_B","Zap","Dualcast+1","Cold Snap","Conserve Battery","Seek","Force Field","Static Discharge+1","Loop","Ball Lightning","Fission","Ball Lightning+1","Fission","Loop","Defragment+1","Consume"],"relics":["Cracked Core","NeowsBlessing","Golden Idol","Gambling Chip","Matryoshka","Bag of Marbles","Pen Nib","Inserter","DollysMirror","Red Mask"],"acts_visited":["Exordium","TheCity"],"potions_floor_usage":[22,23],"damage_taken":[{"damage":0.0,"enemies":"2 Louse","floor":1.0,"turns":1.0},{"damage":0.0,"enemies":"Cultist","floor":3.0,"turns":1.0},{"damage":0.0,"enemies":"Small Slimes","floor":7.0,"turns":1.0},{"damage":41.0,"enemies":"Gremlin Nob","floor":8.0,"turns":5.0},{"damage":8.0,"enemies":"Lagavulin","floor":12.0,"turns":7.0},{"damage":6.0,"enemies":"Red Slaver","floor":13.0,"turns":3.0},{"damage":3.0,"enemies":"Looter","floor":14.0,"turns":3.0},{"damage":12.0,"enemies":"Hexaghost","floor":16.0,"turns":6.0},{"damage":17.0,"enemies":"2 Thieves","floor":18.0,"turns":5.0},{"damage":11.0,"enemies":"Shell Parasite","floor":19.0,"turns":3.0},{"damage":23.0,"enemies":"Cultist and Chosen","floor":21.0,"turns":6.0},{"damage":11,"enemies":"Masked Bandits","floor":22,"turns":3},{"damage":14,"enemies":"Sentry and Sphere","floor":23,"turns":3}],"seed_played":"8692308056387250720","potions_obtained":[{"floor":8.0,"key":"ColorlessPotion"},{"floor":12.0,"key":"PotionOfCapacity"},{"floor":14.0,"key":"Block Potion"},{"floor":21.0,"key":"SneckoOil"},{"floor":22,"key":"SpeedPotion"}],"is_trial":false,"path_per_floor":["M","?","M","?","?","R","M","E","T","?","R","E","M","M","R","B",null,"M","M","$","M","?","M"],"character_chosen":"DEFECT","items_purchased":["DollysMirror","Loop"],"campfire_rested":1,"item_purchase_floors":[20,20],"current_hp_per_floor":[75,75,75,57,57,57,57,16,16,16,38,30,24,21,21,9,75,58,47,47,24,13,0,0],"gold":198,"neow_bonus":"THREE_ENEMY_KILL","is_daily":false,"chose_seed":false,"campfire_upgraded":2,"win_rate":0.0,"timestamp":1609675465,"path_taken":["M","?","?","?","?","R","?","E","T","?","R","E","M","M","R","BOSS","M","M","$","?","?","M"],"items_purchased_type":["Relic","Card"],"build_version":"2020-12-22","purchased_purges":1,"victory":false,"max_hp_per_floor":[75,75,75,75,75,75,75,75,75,75,75,75,75,75,75,75,75,75,75,75,75,75,75,75],"card_choices":[{"not_picked":["Steam","Coolheaded"],"picked":"Cold Snap","floor":1.0},{"not_picked":["Coolheaded","Compile Driver"],"picked":"Conserve Battery","floor":3.0},{"not_picked":["Compile Driver","Skim","Stack"],"picked":"SKIP","floor":7.0},{"not_picked":["Steam Power","Cold Snap"],"picked":"Force Field","floor":8.0},{"not_picked":["Sweeping Beam","Streamline"],"picked":"Static Discharge","floor":12.0},{"not_picked":["Tempest","Blizzard"],"picked":"Loop","floor":13.0},{"not_picked":["Barrage","Gash"],"picked":"Ball Lightning","floor":14.0},{"not_picked":["Multi-Cast","Seek"],"picked":"Fission","floor":16.0},{"not_picked":["Force Field+1","Hologram"],"picked":"Ball Lightning+1","floor":18.0},{"not_picked":["FTL+1","Doom and Gloom","Cold Snap"],"picked":"SKIP","floor":19.0},{"not_picked":["Beam Cell","Compile Driver+1"],"picked":"Defragment+1","floor":21.0},{"not_picked":["Conserve Battery+1","Undo"],"picked":"Consume","floor":22}],"player_experience":15702,"relics_obtained":[{"floor":8.0,"key":"Gambling Chip"},{"floor":9.0,"key":"Matryoshka"},{"floor":10.0,"key":"Bag of Marbles"},{"floor":12.0,"key":"Pen Nib"},{"floor":22,"key":"Red Mask"}],"event_choices":[{"cards_removed":["Strike_B"],"damage_healed":0.0,"max_hp_gain":0.0,"max_hp_loss":0.0,"gold_gain":0.0,"event_name":"Purifier","player_choice":"Purged","floor":2.0,"gold_loss":0.0,"damage_taken":0.0},{"damage_healed":0.0,"max_hp_gain":0.0,"max_hp_loss":0.0,"gold_gain":0.0,"event_name":"Golden Idol","player_choice":"Take Damage","floor":4.0,"gold_loss":0.0,"damage_taken":18.0,"relics_obtained":["Golden Idol"]},{"damage_healed":0.0,"max_hp_gain":0.0,"max_hp_loss":0.0,"gold_gain":0.0,"cards_transformed":["Strike_B"],"event_name":"Transmorgrifier","player_choice":"Transformed","floor":5.0,"gold_loss":0.0,"damage_taken":0.0,"cards_obtained":["Seek"]},{"damage_healed":0.0,"max_hp_gain":0.0,"max_hp_loss":0.0,"gold_gain":0.0,"event_name":"Wheel of Change","player_choice":"Relic","floor":10.0,"gold_loss":0.0,"damage_taken":0.0},{"damage_healed":0,"gold_gain":0,"player_choice":"Fought Bandits","damage_taken":0,"max_hp_gain":0,"max_hp_loss":0,"event_name":"Masked Bandits","floor":22,"gold_loss":0}],"is_beta":false,"boss_relics":[{"not_picked":["Ectoplasm","Runic Dome"],"picked":"Inserter"}],"items_purged_floors":[20],"is_endless":false,"potions_floor_spawned":[8,12,14,21,22],"killed_by":"Sentry and Sphere","ascension_level":1}}