{"host":"gk9qdtkqd8dwfeg2","time":1609683906,"event":{"mods":["Aspiration","BaseMod","Colored Powertips","KomeijiMod","Minty Spire (QoL Compilation)","Quick Restart","Replay The Spire","Shop Mod","StSLib","TestMod","The Gatherer","The Servant 0.9.4","Waifu the Spire","WarShipGirlsR/’ΩΩ¢…Ÿ≈ÆR mod","Yuri Mod"],"gold_per_floor":[119,119,44,55,72,72,72,72],"floor_reached":7,"playtime":155,"items_purged":[],"score":82,"play_id":"d2e45599-2a89-415d-b413-178c2f78cb1d","local_time":"20210103222506","is_ascension_mode":true,"campfire_choices":[{"data":"Neutralize","floor":6,"key":"SMITH"}],"circlet_count":0,"master_deck":["AscendersBane","Strike_G","Strike_G","Strike_G","Strike_G","Defend_G","Defend_G","Defend_G","Defend_G","Defend_G","Survivor","Neutralize+1","Blade Dance","ReplayTheSpireMod:Scrap Shanks"],"relics":["Ring of the Snake","testmod-TestBox","testmod-Brilliant","aspiration:Nostalgia","Iron Core","testmod-BouquetWithThorns"],"acts_visited":["Exordium"],"potions_floor_usage":[4,7],"damage_taken":[{"damage":9,"enemies":"Jaw Worm","floor":1,"turns":5},{"damage":0,"enemies":"Small Slimes","floor":4,"turns":2},{"damage":0,"enemies":"2 Louse","floor":5,"turns":2},{"damage":26,"enemies":"Lagavulin","floor":7,"turns":8}],"seed_played":"-6268991042715403603","potions_obtained":[{"floor":1,"key":"LiquidMemories"},{"floor":4,"key":"testmod-SpacePotion"}],"is_trial":false,"path_per_floor":["M","?","?","M","M","R","E"],"character_chosen":"THE_SILENT","items_purchased":[],"campfire_rested":0,"item_purchase_floors":[],"current_hp_per_floor":[50,32,32,32,32,32,6,6],"gold":72,"neow_bonus":"NOSTALGIA","is_daily":false,"chose_seed":false,"campfire_upgraded":1,"win_rate":0.0,"timestamp":1609683906,"path_taken":["M","?","?","?","M","R","E"],"items_purchased_type":[],"build_version":"2020-12-22","purchased_purges":0,"victory":false,"max_hp_per_floor":[66,66,66,66,66,66,66,66],"card_choices":[{"not_picked":["ReplayTheSpireMod:Repulse","Deflect"],"picked":"Blade Dance","floor":1},{"not_picked":["Clash","Poisoned Stab","ReplayTheSpireMod:Muscle Training"],"picked":"SKIP","floor":4},{"not_picked":["Seeing Red","Hologram"],"picked":"ReplayTheSpireMod:Scrap Shanks","floor":5}],"player_experience":606015,"relics_obtained":[],"event_choices":[{"damage_healed":0,"gold_gain":0,"player_choice":"Success","damage_taken":18,"relics_obtained":["testmod-BouquetWithThorns"],"max_hp_gain":0,"max_hp_loss":0,"event_name":"Scrap Ooze","floor":2,"gold_loss":0},{"cards_removed":["Strike_G"],"damage_healed":0,"gold_gain":0,"player_choice":"Card Removal","damage_taken":0,"max_hp_gain":0,"max_hp_loss":0,"event_name":"The Cleric","floor":3,"gold_loss":75}],"is_beta":false,"boss_relics":[],"items_purged_floors":[],"is_endless":false,"potions_floor_spawned":[1,4],"killed_by":"Lagavulin","ascension_level":20}}