{"host":"nzm1i0l8mrsm8hd2","time":1609682288,"event":{"mods":["Act Like it!","Aspiration","BaseMod","CapriCore","Challenge The Spire","Conspire","Gensokyo","Minty Spire (QoL Compilation)","Pale of the Ancients","Quick Restart","RumiaBox-露米娅的神秘盒子","Spicy Shops","StSLib","The Immortal","The Jungle","The Mystic","Wandering Minibosses","Yakumo Yukari mod"],"gold_per_floor":[117,0,0,19,38,38,38,38,38,198,198,211,71,62,62,159,159,164,170,179,174,174],"floor_reached":21,"playtime":1280,"items_purged":[],"score":173,"play_id":"50d72869-979e-46b1-aa18-3f11f20beabd","local_time":"20210103215808","is_ascension_mode":false,"campfire_choices":[{"data":"mysticmod:FloatingDisk","floor":6.0,"key":"SMITH"},{"floor":11.0,"key":"RECALL"},{"data":"mysticmod:ShockingGrasp","floor":15.0,"key":"SMITH"}],"circlet_count":0,"master_deck":["mysticmod:Strike_Mystic","mysticmod:Strike_Mystic","mysticmod:Strike_Mystic","mysticmod:Strike_Mystic","mysticmod:Defend_Mystic","mysticmod:Defend_Mystic","mysticmod:Defend_Mystic","mysticmod:Defend_Mystic","mysticmod:ArcaneDodge+1","mysticmod:ShockingGrasp+1","mysticmod:FloatingDisk+1","mysticmod:Natural20","mysticmod:SpontaneousCaster","mysticmod:ChargedParry"],"relics":["mysticmod:SpellBook","Oddly Smooth Stone","Baka","CaptainsWheel","CaptainsWheel","Tiny Chest","Calipers","Dead Branch","aspiration:SilentSkillbook"],"acts_visited":["Exordium","Gensokyo:Gensokyo"],"potions_floor_usage":[18],"damage_taken":[{"damage":2.0,"enemies":"Gensokyo:Gryphon","floor":1.0,"turns":4.0},{"damage":0.0,"enemies":"Gensokyo:3_Fairies","floor":4.0,"turns":6.0},{"damage":13.0,"enemies":"Gensokyo:2_Kodama","floor":5.0,"turns":3.0},{"damage":1.0,"enemies":"Gensokyo:Gryphon_and_Rabbit","floor":10.0,"turns":7.0},{"damage":2.0,"enemies":"Gensokyo:VengefulSpirit","floor":12.0,"turns":5.0},{"damage":17.0,"enemies":"Gensokyo:5_Fairies","floor":14.0,"turns":8.0},{"damage":17.0,"enemies":"Gensokyo:Yukari","floor":16.0,"turns":12.0},{"damage":0,"enemies":"Gensokyo:3_Dogs","floor":18,"turns":5},{"damage":1,"enemies":"Gensokyo:Chomper","floor":19,"turns":9},{"damage":11,"enemies":"Gensokyo:Slime_Group","floor":20,"turns":7},{"damage":5,"enemies":"Gensokyo:Mirror_and_Dog","floor":21,"turns":5}],"seed_played":"-7527829909541585275","potions_obtained":[{"floor":1.0,"key":"SpeedPotion"},{"floor":5.0,"key":"Regen Potion"},{"floor":14.0,"key":"Swift Potion"},{"floor":16.0,"key":"Explosive Potion"},{"floor":18,"key":"CultistPotion"},{"floor":20,"key":"FearPotion"}],"is_trial":false,"path_per_floor":["M","COS","?","M","M","R","?","?","T","M","R","M","?","M","R","B",null,"M","M","M","M"],"character_chosen":"MYSTIC_CLASS","items_purchased":[],"campfire_rested":0,"item_purchase_floors":[],"current_hp_per_floor":[75,75,77,77,64,64,64,71,71,84,84,82,82,65,65,48,84,84,83,72,67,67],"gold":174,"neow_bonus":"RANDOM_COMMON_RELIC","is_daily":false,"chose_seed":false,"campfire_upgraded":2,"win_rate":0.0,"timestamp":1609682288,"path_taken":["M","COS","?","M","M","R","?","?","T","M","R","?","?","M","R","BOSS","M","M","M","M"],"items_purchased_type":[],"build_version":"2020-12-22","purchased_purges":0,"victory":false,"max_hp_per_floor":[77,77,77,77,77,77,77,84,84,84,84,84,84,84,84,84,84,84,83,83,83,83],"card_choices":[{"not_picked":["mysticmod:EarthenWall","mysticmod:ChargedParry","mysticmod:PureInstinct"],"picked":"SKIP","floor":1.0},{"not_picked":["mysticmod:LightningBolt","mysticmod:ComponentsPouch","mysticmod:HeavyStrike"],"picked":"SKIP","floor":4.0},{"not_picked":["mysticmod:EbbAndFlow","mysticmod:CureLightWounds"],"picked":"mysticmod:FloatingDisk","floor":5.0},{"not_picked":["mysticmod:Riposte","mysticmod:Flurry","mysticmod:EarthenWall"],"picked":"SKIP","floor":10.0},{"not_picked":["mysticmod:CorrosiveTouch","mysticmod:Disengage","mysticmod:CureLightWounds"],"picked":"SKIP","floor":12.0},{"not_picked":["mysticmod:Disengage","mysticmod:LightningBolt","mysticmod:ComponentsPouch"],"picked":"SKIP","floor":14.0},{"not_picked":["mysticmod:SpellRecall","mysticmod:EnchantedMoulinet"],"picked":"mysticmod:SpontaneousCaster","floor":16.0},{"not_picked":["Quick Slash","Dagger Throw","Accuracy"],"picked":"mysticmod:ChargedParry","floor":18},{"not_picked":["PiercingWail+1","Underhanded Strike+1","Flying Knee+1","Dodge and Roll"],"picked":"SKIP","floor":19},{"not_picked":["mysticmod:Riposte","Quick Slash","mysticmod:BulkUp","Poisoned Stab+1"],"picked":"SKIP","floor":20}],"player_experience":573743,"relics_obtained":[{"floor":1.0,"key":"Baka"},{"floor":4.0,"key":"CaptainsWheel"},{"floor":4.0,"key":"CaptainsWheel"},{"floor":9.0,"key":"Tiny Chest"}],"event_choices":[],"is_beta":false,"boss_relics":[{"not_picked":["Tiny House","EasyGame_NEW"],"picked":"aspiration:SilentSkillbook"}],"items_purged_floors":[],"is_endless":false,"potions_floor_spawned":[1,5,14,16,18,20],"killed_by":"Gensokyo:Mirror_and_Dog","ascension_level":0}}