{"host":"6bsan6hkua32tfq7","time":1609706072,"event":{"mods":["BaseMod","Better Third Choice","Colored Map","Highlight Path","Minty Spire (QoL Compilation)","StSLib"],"gold_per_floor":[17,36,36,50,50,50,88,88,88,88,88,127,127,145,145,244,244,262,281,34,34,48,48,48,48,73,73,97,130,155,188,188,286,286,302,315,1314,1314,1314,1314,1314],"floor_reached":40,"playtime":1460,"items_purged":["Defend_G"],"score":893,"play_id":"3884757f-1977-40f1-a9e0-fe6566c096d0","local_time":"20210103213432","is_ascension_mode":true,"campfire_choices":[{"floor":6,"key":"REST"},{"data":"Terror","floor":8,"key":"SMITH"},{"data":"Dash","floor":10,"key":"SMITH"},{"data":"Strike_G","floor":13,"key":"PURGE"},{"data":"Strike_G","floor":15,"key":"PURGE"},{"data":"Defend_G","floor":23,"key":"PURGE"},{"data":"Slice","floor":25,"key":"PURGE"},{"data":"Strike_G+1","floor":27,"key":"PURGE"},{"data":"Strike_G+1","floor":32,"key":"PURGE"}],"circlet_count":0,"master_deck":["AscendersBane","Defend_G","Survivor","Neutralize","Terror+1","Dagger Throw","Dash+1","Well Laid Plans","Deflect","After Image","Underhanded Strike+1","PiercingWail","Discovery","Footwork","Venomology","After Image","Blur+1","Eviscerate+1","Adrenaline","Burst","Reflex+1","Bouncing Flask"],"relics":["Ring of the Snake","Golden Idol","White Beast Statue","Eternal Feather","Peace Pipe","Fusion Hammer","Ancient Tea Set","Omamori","MealTicket","Black Star"],"acts_visited":["Exordium","TheCity","TheBeyond"],"potions_floor_usage":[7,12,18,28,29,29,30,31,33,33,35,39,39,40],"damage_taken":[{"damage":2,"enemies":"Small Slimes","floor":1,"turns":5},{"damage":0,"enemies":"Jaw Worm","floor":2,"turns":3},{"damage":11,"enemies":"2 Louse","floor":4,"turns":3},{"damage":11,"enemies":"Gremlin Nob","floor":7,"turns":3},{"damage":10,"enemies":"Lagavulin","floor":12,"turns":4},{"damage":7,"enemies":"Gremlin Gang","floor":14,"turns":4},{"damage":10,"enemies":"The Guardian","floor":16,"turns":11},{"damage":2,"enemies":"2 Thieves","floor":18,"turns":4},{"damage":2,"enemies":"Spheric Guardian","floor":19,"turns":4},{"damage":9,"enemies":"Cultist and Chosen","floor":22,"turns":8},{"damage":13,"enemies":"Sentry and Sphere","floor":28,"turns":6},{"damage":20,"enemies":"Gremlin Leader","floor":29,"turns":7},{"damage":0,"enemies":"3 Cultists","floor":30,"turns":6},{"damage":20,"enemies":"Slavers","floor":31,"turns":5},{"damage":2,"enemies":"Automaton","floor":33,"turns":14},{"damage":0,"enemies":"Orb Walker","floor":35,"turns":3},{"damage":38,"enemies":"3 Darklings","floor":36,"turns":9},{"damage":0,"enemies":"4 Shapes","floor":39,"turns":2},{"damage":22,"enemies":"Reptomancer","floor":40,"turns":2}],"seed_played":"-7433065317845109980","potions_obtained":[{"floor":2,"key":"SteroidPotion"},{"floor":4,"key":"EssenceOfSteel"},{"floor":12,"key":"AttackPotion"},{"floor":14,"key":"FairyPotion"},{"floor":18,"key":"PowerPotion"},{"floor":28,"key":"Regen Potion"},{"floor":29,"key":"Explosive Potion"},{"floor":31,"key":"Swift Potion"},{"floor":33,"key":"EssenceOfSteel"}],"is_trial":false,"path_per_floor":["M","M","?","M","?","R","E","R","T","R","?","E","R","M","R","B",null,"M","M","$","?","M","R","?","R","T","R","M","E","M","E","R","B",null,"M","M","?","?","M","E"],"character_chosen":"THE_SILENT","items_purchased":["Discovery","Footwork"],"campfire_rested":1,"item_purchase_floors":[20,20],"current_hp_per_floor":[57,57,57,46,28,46,35,35,35,44,37,27,36,29,38,28,52,50,48,48,48,39,48,48,57,57,60,47,42,42,22,34,32,53,53,15,15,15,15,0,0],"gold":1314,"neow_bonus":"REMOVE_TWO","is_daily":false,"chose_seed":false,"campfire_upgraded":2,"win_rate":0.0,"timestamp":1609706072,"path_taken":["M","M","?","M","?","R","E","R","T","R","?","E","R","M","R","BOSS","M","M","$","?","M","R","?","R","T","R","M","E","M","E","R","BOSS","M","?","?","?","?","E"],"items_purchased_type":["Card","Card"],"build_version":"2020-12-22","purchased_purges":1,"victory":false,"max_hp_per_floor":[66,66,60,60,60,60,60,60,60,60,60,60,60,60,60,60,60,60,60,60,60,60,60,60,60,60,60,60,60,60,60,60,60,60,60,60,60,60,60,60,60],"card_choices":[{"not_picked":["Dagger Throw","Eviscerate"],"picked":"Terror","floor":1},{"not_picked":["Backstab","Reflex"],"picked":"Dagger Throw","floor":2},{"not_picked":["Dodge and Roll","Prepared"],"picked":"Slice","floor":4},{"not_picked":["Blade Dance","Slice"],"picked":"Dash","floor":7},{"not_picked":["Backflip","Dagger Throw"],"picked":"Well Laid Plans","floor":12},{"not_picked":["Acrobatics","Riddle With Holes"],"picked":"Deflect","floor":14},{"not_picked":["Phantasmal Killer","Grand Finale"],"picked":"After Image","floor":16},{"not_picked":["Quick Slash","Bane"],"picked":"Underhanded Strike+1","floor":18},{"not_picked":["Quick Slash","Flying Knee"],"picked":"PiercingWail","floor":19},{"not_picked":["Outmaneuver","PiercingWail"],"picked":"Venomology","floor":22},{"not_picked":["Slice","Bane","Deflect"],"picked":"SKIP","floor":28},{"not_picked":["Deflect","Blade Dance"],"picked":"Blur+1","floor":29},{"not_picked":["Expertise","Poisoned Stab"],"picked":"Eviscerate+1","floor":30},{"not_picked":["Accuracy","Slice"],"picked":"Adrenaline","floor":31},{"not_picked":["Unload","Glass Knife"],"picked":"Burst","floor":33},{"not_picked":["Slice","Poisoned Stab+1"],"picked":"Reflex+1","floor":35},{"not_picked":["Cloak And Dagger","Deflect","Quick Slash+1"],"picked":"SKIP","floor":36}],"player_experience":5234976,"relics_obtained":[{"floor":7,"key":"White Beast Statue"},{"floor":9,"key":"Eternal Feather"},{"floor":12,"key":"Peace Pipe"},{"floor":26,"key":"Ancient Tea Set"},{"floor":29,"key":"Omamori"},{"floor":31,"key":"MealTicket"}],"event_choices":[{"damage_healed":0,"gold_gain":0,"player_choice":"Lose Max HP","damage_taken":0,"relics_obtained":["Golden Idol"],"max_hp_gain":0,"max_hp_loss":6,"event_name":"Golden Idol","floor":3,"gold_loss":0},{"damage_healed":46,"gold_gain":0,"player_choice":"Upgrade","damage_taken":18,"max_hp_gain":0,"max_hp_loss":60,"event_name":"betterThird:BetterShining","floor":5,"gold_loss":0,"cards_upgraded":["Strike_G","Strike_G"]},{"cards_removed":["Strike_G"],"damage_healed":0,"gold_gain":0,"player_choice":"Card Removal","damage_taken":7,"max_hp_gain":0,"max_hp_loss":0,"event_name":"Golden Wing","floor":11,"gold_loss":0},{"damage_healed":0,"gold_gain":0,"player_choice":"Ignored","damage_taken":0,"max_hp_gain":0,"max_hp_loss":0,"event_name":"Vampires","floor":21,"gold_loss":0},{"damage_healed":0,"gold_gain":0,"player_choice":"Copied","damage_taken":0,"max_hp_gain":0,"max_hp_loss":0,"event_name":"Duplicator","floor":24,"gold_loss":0,"cards_obtained":["After Image"]},{"damage_healed":0,"gold_gain":999,"player_choice":"Gold","damage_taken":0,"max_hp_gain":0,"max_hp_loss":0,"event_name":"MindBloom","floor":37,"gold_loss":0,"cards_obtained":["Normality","Normality"]},{"damage_healed":0,"gold_gain":0,"player_choice":"1 cards matched","damage_taken":0,"max_hp_gain":0,"max_hp_loss":0,"event_name":"Match and Keep!","floor":38,"gold_loss":0,"cards_obtained":["Bouncing Flask"]}],"is_beta":false,"boss_relics":[{"not_picked":["Pandora\u0027s Box","Busted Crown"],"picked":"Fusion Hammer"},{"not_picked":["SacredBark","Astrolabe"],"picked":"Black Star"}],"items_purged_floors":[20],"is_endless":false,"potions_floor_spawned":[2,4,12,14,16,18,19,22,28,29,30,31,33,35,36,39],"killed_by":"Reptomancer","ascension_level":20}}