{"host":"cu7v2bzxqo9zajt2","time":1609682357,"event":{"mods":["Ascension Reborn","BaseMod","CapriCore","Hermit","HololiveMod","Koishi","Marisa£¨Ùöéë¡¡Øª×âÞÞ£©","Minty Spire (QoL Compilation)","Prisma Mod","Railgun Mod","StSLib","SuperFastMode","The Cursed","The Dragon Tamer","The Gatherer","The Immortal","WarShipGirlsR/??á´Ò³R mod"],"gold_per_floor":[110,127,77,97,107,107,125,125,150,150,325,325,360,377,377,472,472,487,487,257,277,277,277,192,209,209],"floor_reached":25,"playtime":900,"items_purged":["Doubt"],"score":203,"play_id":"ddb64f5d-2cd9-4e90-ba4f-6a9b3b753d0a","local_time":"20210103225917","is_ascension_mode":true,"campfire_choices":[{"data":"TheRailgun:Sister_Noise","floor":6,"key":"SMITH"},{"data":"TheRailgun:Battery_Pack","floor":10,"key":"SMITH"},{"data":"TheRailgun:Zip","floor":12,"key":"SMITH"},{"floor":15,"key":"REST"},{"floor":23,"key":"REST"}],"circlet_count":0,"master_deck":["TheRailgun:Strike","TheRailgun:Strike","TheRailgun:Strike","TheRailgun:Strike","TheRailgun:Defend","TheRailgun:Defend","TheRailgun:Defend","TheRailgun:Discharge","TheRailgun:Zip+1","TheRailgun:Scatter_Railgun","TheRailgun:Oneesama","TheRailgun:Sister_Noise+1","TheRailgun:Thunderbolt","TheRailgun:Battery_Pack+1","Regret","TheRailgun:Taser","TheRailgun:Zap","TheRailgun:Thunder","TheRailgun:Zap","TheRailgun:Thunderbolt","TheRailgun:Judgement_Officer","TheRailgun:Coin_Flip"],"relics":["TheRailgun:CoinRelic","NeowsBlessing","Centennial Puzzle","Regal Pillow","Smiling Mask","Hololive_ChaosS","Blood Vial","Pear"],"acts_visited":["Exordium","TheCity"],"potions_floor_usage":[],"damage_taken":[{"damage":0,"enemies":"Small Slimes","floor":1,"turns":1},{"damage":0,"enemies":"2 Louse","floor":2,"turns":1},{"damage":0,"enemies":"Jaw Worm","floor":4,"turns":1},{"damage":5,"enemies":"3 Louse","floor":5,"turns":3},{"damage":3,"enemies":"2 Fungi Beasts","floor":7,"turns":2},{"damage":33,"enemies":"Lagavulin","floor":13,"turns":4},{"damage":10,"enemies":"Looter","floor":14,"turns":2},{"damage":14,"enemies":"Slime Boss","floor":16,"turns":9},{"damage":0,"enemies":"Spheric Guardian","floor":18,"turns":2},{"damage":42,"enemies":"2 Thieves","floor":21,"turns":4},{"damage":59,"enemies":"3 Cultists","floor":25,"turns":6}],"seed_played":"-4797510249163517758","potions_obtained":[{"floor":2,"key":"SkillPotion"},{"floor":4,"key":"Block Potion"}],"is_trial":false,"path_per_floor":["M","M","?","M","M","R","M","?","T","R","?","R","E","M","R","B",null,"M","?","$","M","?","R","?","M"],"character_chosen":"THE_DEFAULT","items_purchased":["Blood Vial","TheRailgun:Thunderbolt"],"campfire_rested":2,"item_purchase_floors":[20,20],"current_hp_per_floor":[70,70,70,70,65,65,62,62,62,62,62,62,29,19,55,41,70,70,70,70,28,28,64,74,17,17],"gold":209,"neow_bonus":"THREE_ENEMY_KILL","is_daily":false,"chose_seed":false,"campfire_upgraded":3,"win_rate":0.0,"timestamp":1609682357,"path_taken":["M","M","?","M","M","R","M","?","T","R","?","R","E","M","R","BOSS","M","?","$","M","?","R","?","M"],"items_purchased_type":["Relic","Card"],"build_version":"2020-12-22","purchased_purges":1,"victory":false,"max_hp_per_floor":[70,70,70,70,70,70,70,70,70,70,70,70,70,70,70,70,70,70,70,70,70,70,70,80,80,80],"card_choices":[{"not_picked":["TheRailgun:Iron_Dust_Vial","TheRailgun:Iron_Dust_Shield"],"picked":"TheRailgun:Scatter_Railgun","floor":1},{"not_picked":["TheRailgun:Pull","TheRailgun:Hypercharge"],"picked":"TheRailgun:Oneesama","floor":2},{"not_picked":["TheRailgun:Scatter_Railgun","TheRailgun:Token_Collection"],"picked":"TheRailgun:Sister_Noise","floor":4},{"not_picked":["TheRailgun:Electrical_Fire","TheRailgun:Heroinism"],"picked":"TheRailgun:Thunderbolt","floor":5},{"not_picked":["TheRailgun:Magnetic_Movement","TheRailgun:Charge"],"picked":"TheRailgun:Battery_Pack","floor":7},{"not_picked":["TheRailgun:Token_Collection","TheRailgun:Iron_Dust_Shield"],"picked":"TheRailgun:Taser","floor":13},{"not_picked":["TheRailgun:Token_Collection","TheRailgun:Battery_Pack"],"picked":"TheRailgun:Zap","floor":14},{"not_picked":["TheRailgun:Supercharge","TheRailgun:Overload"],"picked":"TheRailgun:Thunder","floor":16},{"not_picked":["TheRailgun:Iron_Dust_Vial","TheRailgun:Taser"],"picked":"TheRailgun:Zap","floor":18},{"not_picked":["TheRailgun:Iron_Dust_Field","TheRailgun:Positive_Field"],"picked":"TheRailgun:Judgement_Officer","floor":21},{"not_picked":["TheRailgun:Token_Collection+1","TheRailgun:Iron_Dust_Shield"],"picked":"TheRailgun:Coin_Flip","floor":25}],"player_experience":122239,"relics_obtained":[{"floor":9,"key":"Regal Pillow"},{"floor":13,"key":"Smiling Mask"}],"event_choices":[{"cards_removed":["TheRailgun:Defend"],"damage_healed":0,"gold_gain":0,"player_choice":"Card Removal","damage_taken":0,"max_hp_gain":0,"max_hp_loss":0,"event_name":"The Cleric","floor":3,"gold_loss":50},{"damage_healed":0,"gold_gain":0,"player_choice":"Box","damage_taken":0,"relics_obtained":["Centennial Puzzle"],"max_hp_gain":0,"max_hp_loss":0,"event_name":"Big Fish","floor":8,"gold_loss":0,"cards_obtained":["Regret"]},{"damage_healed":0,"gold_gain":175,"player_choice":"AGREE","damage_taken":0,"max_hp_gain":0,"max_hp_loss":0,"event_name":"Liars Game","floor":11,"gold_loss":0,"cards_obtained":["Doubt"]},{"damage_healed":0,"gold_gain":0,"player_choice":"Ignored","damage_taken":0,"max_hp_gain":0,"max_hp_loss":0,"event_name":"Ghosts","floor":19,"gold_loss":0},{"cards_removed":["TheRailgun:Static"],"damage_healed":0,"gold_gain":0,"player_choice":"Elegance","damage_taken":0,"max_hp_gain":0,"max_hp_loss":0,"event_name":"Back to Basics","floor":22,"gold_loss":0},{"damage_healed":0,"gold_gain":0,"player_choice":"Obtained Relic","damage_taken":0,"relics_obtained":["Pear"],"max_hp_gain":0,"max_hp_loss":0,"event_name":"Addict","floor":24,"gold_loss":85}],"is_beta":false,"boss_relics":[{"not_picked":["Coffee Dripper","Sozu"],"picked":"Hololive_ChaosS"}],"items_purged_floors":[20],"is_endless":false,"potions_floor_spawned":[2,4,13,14,21,25],"killed_by":"3 Cultists","ascension_level":0}}