{"host":"tpbmol9dayg75a5s","time":1609694673,"event":{"mods":["BaseMod","Bestiary","Block Reminder","Colored Powertips","Downfall","Minty Spire (QoL Compilation)","Relic Stats","Replay The Spire","StSLib"],"gold_per_floor":[210,210,55,65,65,97,111,111,160,5,5,5],"floor_reached":11,"playtime":733,"items_purged":["Strike_G"],"score":135,"play_id":"1482d9dc-a2d8-43df-96e6-0dd600de34e0","local_time":"20210103142433","is_ascension_mode":true,"campfire_choices":[{"floor":8,"key":"REST"}],"circlet_count":0,"master_deck":["AscendersBane","Strike_G","Strike_G","Strike_G","Strike_G","Defend_G","Defend_G","Defend_G","Defend_G","Survivor","Neutralize","Dash","Sneak Up","Footwork","Dash","ReplayTheSpireMod:Tripwire","Masterful Stab","Glass Knife"],"relics":["Ring of the Snake","sneckomod:BlankCard","Anchor","Happy Flower"],"acts_visited":["Exordium"],"potions_floor_usage":[6,11],"damage_taken":[{"damage":16,"enemies":"Cultist","floor":1,"turns":6},{"damage":0,"enemies":"Small Slimes","floor":4,"turns":3},{"damage":30,"enemies":"Gremlin Nob","floor":6,"turns":5},{"damage":0,"enemies":"Jaw Worm","floor":7,"turns":3},{"damage":32,"enemies":"Lagavulin","floor":11,"turns":9}],"seed_played":"8309525885930074153","potions_obtained":[{"floor":1,"key":"Energy Potion"},{"floor":7,"key":"Weak Potion"}],"is_trial":false,"path_per_floor":["M","?","$","M","?","E","M","R","T","$","E"],"character_chosen":"THE_SILENT","items_purchased":["Sneak Up","Footwork","Glass Knife"],"campfire_rested":1,"item_purchase_floors":[3,3,10],"current_hp_per_floor":[43,38,38,38,38,8,8,27,27,27,0,0],"gold":5,"neow_bonus":"HUNDRED_GOLD","is_daily":false,"chose_seed":false,"campfire_upgraded":0,"win_rate":0.0,"timestamp":1609694673,"path_taken":["M","?","$","M","?","E","?","R","T","$","E"],"items_purchased_type":["Card","Card","Card"],"build_version":"2020-12-22","purchased_purges":1,"victory":false,"max_hp_per_floor":[66,66,66,66,66,66,66,66,66,66,66,66],"relic_stats":{"Happy Flower":[3],"counters":[5,26],"obtain_stats":[{"Anchor":6,"Happy Flower":9,"sneckomod:BlankCard":2,"Ring of the Snake":0},{"Anchor":3,"Happy Flower":4,"sneckomod:BlankCard":1,"Ring of the Snake":0},{"Anchor":14,"Happy Flower":17,"sneckomod:BlankCard":6,"Ring of the Snake":0}],"Ring of the Snake":[10]},"card_choices":[{"not_picked":["Tactician","Dagger Spray"],"picked":"Dash","floor":1},{"not_picked":["Footwork","Flechettes"],"picked":"Dash","floor":4},{"not_picked":["Bane","Outmaneuver"],"picked":"ReplayTheSpireMod:Tripwire","floor":6},{"not_picked":["Underhanded Strike","ReplayTheSpireMod:Scrap Shanks"],"picked":"Masterful Stab","floor":7}],"player_experience":996475,"relics_obtained":[{"floor":6,"key":"Anchor"},{"floor":9,"key":"Happy Flower"}],"event_choices":[{"damage_healed":0,"gold_gain":0,"player_choice":"Success","damage_taken":5,"relics_obtained":["sneckomod:BlankCard"],"max_hp_gain":0,"max_hp_loss":0,"event_name":"Scrap Ooze","floor":2,"gold_loss":0},{"cards_removed":["Defend_G"],"damage_healed":0,"gold_gain":0,"player_choice":"Purged","damage_taken":0,"max_hp_gain":0,"max_hp_loss":0,"event_name":"Purifier","floor":5,"gold_loss":0}],"is_beta":false,"boss_relics":[],"items_purged_floors":[10],"is_endless":false,"potions_floor_spawned":[1,7],"killed_by":"Lagavulin","ascension_level":18}}