{"host":"t7mx8yfj1no5p62f","time":1609656994,"event":{"mods":["BaseMod","Colored Map","Colored Powertips","Minty Spire (QoL Compilation)","Relic Stats","StSLib"],"gold_per_floor":[119,194,207,218,235,235,235,264,288,321,321,331,34,53,53,127,127,140,55,69,80,80,80],"floor_reached":22,"playtime":708,"items_purged":["Strike_B"],"score":396,"play_id":"0e1c87dc-6bea-4104-bec2-25776a0c2a66","local_time":"20210103015634","is_ascension_mode":true,"campfire_choices":[{"data":"Defragment","floor":6.0,"key":"SMITH"},{"data":"Apotheosis","floor":15.0,"key":"SMITH"}],"circlet_count":0,"master_deck":["AscendersBane","Strike_B","Strike_B","Strike_B","Defend_B","Defend_B","Defend_B","Defend_B","Zap","Dualcast","Sweeping Beam+1","Go for the Eyes","Conserve Battery","Defragment+1","FTL","Melter","Streamline","Apotheosis+1","Compile Driver","Cold Snap","Biased Cognition","Conserve Battery","Loop","Hologram"],"relics":["Cracked Core","Bag of Marbles","Nunchaku","Smiling Mask","Inserter","Letter Opener"],"acts_visited":["Exordium","TheCity"],"potions_floor_usage":[20,21],"damage_taken":[{"damage":0.0,"enemies":"2 Louse","floor":1.0,"turns":3.0},{"damage":0.0,"enemies":"Small Slimes","floor":3.0,"turns":2.0},{"damage":2.0,"enemies":"Jaw Worm","floor":4.0,"turns":3.0},{"damage":1.0,"enemies":"Looter","floor":5.0,"turns":4.0},{"damage":18.0,"enemies":"Lagavulin","floor":8.0,"turns":7.0},{"damage":22.0,"enemies":"3 Sentries","floor":10.0,"turns":6.0},{"damage":0.0,"enemies":"2 Fungi Beasts","floor":12.0,"turns":1.0},{"damage":0.0,"enemies":"Exordium Thugs","floor":14.0,"turns":3.0},{"damage":8.0,"enemies":"Slime Boss","floor":16.0,"turns":7.0},{"damage":0.0,"enemies":"Spheric Guardian","floor":18.0,"turns":3.0},{"damage":5,"enemies":"3 Byrds","floor":20,"turns":2},{"damage":8,"enemies":"Centurion and Healer","floor":21,"turns":7},{"damage":50,"enemies":"Chosen and Byrds","floor":22,"turns":5}],"seed_played":"-8317268601603840549","potions_obtained":[{"floor":5.0,"key":"Weak Potion"},{"floor":8.0,"key":"DistilledChaos"},{"floor":10.0,"key":"LiquidBronze"},{"floor":12.0,"key":"EssenceOfSteel"},{"floor":14.0,"key":"FearPotion"},{"floor":20,"key":"Weak Potion"}],"is_trial":false,"path_per_floor":["M","?","M","M","M","R","?","E","T","E","?","M","$","M","R","B",null,"M","?","M","M","M"],"character_chosen":"DEFECT","items_purchased":["Apotheosis","Compile Driver"],"campfire_rested":0,"item_purchase_floors":[13,13],"current_hp_per_floor":[71,60,60,58,57,57,57,39,39,17,17,17,17,17,17,9,61,61,61,56,48,0,0],"gold":80,"neow_bonus":"TEN_PERCENT_HP_BONUS","is_daily":false,"chose_seed":false,"campfire_upgraded":2,"win_rate":0.0,"timestamp":1609656994,"path_taken":["M","?","M","M","M","R","?","E","T","E","?","M","?","M","R","BOSS","M","?","M","M","M"],"items_purchased_type":["Card","Card"],"build_version":"2020-12-22","purchased_purges":1,"victory":false,"max_hp_per_floor":[78,78,78,78,78,78,78,78,78,78,78,78,78,78,78,78,78,78,78,78,78,78,78],"relic_stats":{"Nunchaku":[7],"Inserter":[8],"counters":[13,53],"Letter Opener":[0],"Smiling Mask":25,"obtain_stats":[{"Nunchaku":9,"Inserter":17,"Bag of Marbles":8,"Letter Opener":19,"Cracked Core":0,"Smiling Mask":10},{"Nunchaku":5,"Inserter":9,"Bag of Marbles":5,"Letter Opener":10,"Cracked Core":0,"Smiling Mask":6},{"Nunchaku":19,"Inserter":36,"Bag of Marbles":19,"Letter Opener":39,"Cracked Core":0,"Smiling Mask":25}]},"card_choices":[{"not_picked":["Streamline","Genetic Algorithm"],"picked":"Sweeping Beam","floor":1.0},{"not_picked":["Reprogram","Redo"],"picked":"Go for the Eyes","floor":3.0},{"not_picked":["Force Field","Gash"],"picked":"Conserve Battery","floor":4.0},{"not_picked":["Meteor Strike","Go for the Eyes"],"picked":"Defragment","floor":5.0},{"not_picked":["Rebound","Hologram"],"picked":"FTL","floor":8.0},{"not_picked":["Sweeping Beam","Double Energy"],"picked":"Melter","floor":10.0},{"not_picked":["White Noise","Sweeping Beam"],"picked":"Streamline","floor":12.0},{"not_picked":["Streamline","Steam"],"picked":"Cold Snap","floor":14.0},{"not_picked":["Creative AI","Rainbow"],"picked":"Biased Cognition","floor":16.0},{"not_picked":["Stack","Chaos"],"picked":"Conserve Battery","floor":18.0},{"not_picked":["Rebound+1","Ball Lightning"],"picked":"Loop","floor":20},{"not_picked":["Ball Lightning","Static Discharge"],"picked":"Hologram","floor":21}],"player_experience":1647179,"relics_obtained":[{"floor":8.0,"key":"Bag of Marbles"},{"floor":9.0,"key":"Nunchaku"},{"floor":10.0,"key":"Smiling Mask"}],"event_choices":[{"damage_healed":0.0,"max_hp_gain":0.0,"max_hp_loss":0.0,"gold_gain":75.0,"event_name":"World of Goop","player_choice":"Gather Gold","floor":2.0,"gold_loss":0.0,"damage_taken":11.0},{"damage_healed":0.0,"max_hp_gain":0.0,"max_hp_loss":0.0,"gold_gain":0.0,"event_name":"Liars Game","player_choice":"Ignored","floor":7.0,"gold_loss":0.0,"damage_taken":0.0},{"damage_healed":0.0,"max_hp_gain":0.0,"max_hp_loss":0.0,"gold_gain":0.0,"event_name":"Living Wall","player_choice":"Grow","floor":11.0,"gold_loss":0.0,"damage_taken":0.0,"cards_upgraded":["Sweeping Beam"]},{"damage_healed":0.0,"max_hp_gain":0.0,"max_hp_loss":0.0,"gold_gain":0.0,"event_name":"Addict","player_choice":"Obtained Relic","floor":19.0,"gold_loss":85.0,"damage_taken":0.0,"relics_obtained":["Letter Opener"]}],"is_beta":false,"boss_relics":[{"not_picked":["Black Star","Runic Pyramid"],"picked":"Inserter"}],"items_purged_floors":[13],"is_endless":false,"potions_floor_spawned":[5,8,10,12,14,20],"killed_by":"Chosen and Byrds","ascension_level":20}}