{"host":"x000krxjblg8jdg4","time":1609709857,"event":{"mods":["BaseMod","Downfall","Hermit","Minty Spire (QoL Compilation)","StSLib","The Runesmith","The Servant 0.9.4"],"gold_per_floor":[114,124,139,139,139,139,178,192,192,192,211,225,225,264,264,389,389,413,434,533,533,548,548,548,573,573,573,588,588,588],"floor_reached":29,"playtime":3528,"items_purged":[],"score":237,"play_id":"d2ebb3b1-1bb3-4de9-afc8-0e522c04a52a","local_time":"20210103193737","is_ascension_mode":false,"campfire_choices":[{"floor":6,"key":"REST"},{"floor":10,"key":"REST"},{"floor":13,"key":"REST"},{"floor":15,"key":"REST"},{"floor":23,"key":"REST"},{"floor":24,"key":"REST"},{"floor":27,"key":"REST"}],"circlet_count":0,"master_deck":["Runesmith:Strike_RS","Runesmith:Strike_RS","Runesmith:Strike_RS","Runesmith:Strike_RS","Runesmith:Defend_RS","Runesmith:Defend_RS","Runesmith:Defend_RS","Runesmith:Defend_RS","Runesmith:CraftFirestone","Runesmith:Fortify","Runesmith:HammerTime","Runesmith:EnergizedChisel+1","Runesmith:RuneHurl","Runesmith:Grindstone","Runesmith:Permafrost","Runesmith:DoubleUp","Runesmith:PerfectChisel","Runesmith:Accelerate","Runesmith:CreatorForm","Runesmith:WhiteBalance","Runesmith:HeatExchange+1","Runesmith:HammerThrow","Runesmith:HeatedChisel","Runesmith:DoubleUp+1"],"relics":["Runesmith:BrokenRuby","Golden Idol","Ice Cream","WingedGreaves","StoneCalendar","Black Star","HornCleat","Pear"],"acts_visited":["Exordium","TheCity"],"potions_floor_usage":[16,16],"damage_taken":[{"damage":10,"enemies":"Jaw Worm","floor":1,"turns":5},{"damage":0,"enemies":"Small Slimes","floor":2,"turns":4},{"damage":0,"enemies":"Cultist","floor":3,"turns":3},{"damage":30,"enemies":"Gremlin Nob","floor":7,"turns":6},{"damage":17,"enemies":"Gremlin Gang","floor":8,"turns":8},{"damage":7,"enemies":"2 Fungi Beasts","floor":11,"turns":7},{"damage":1,"enemies":"Blue Slaver","floor":12,"turns":6},{"damage":1,"enemies":"Lagavulin","floor":14,"turns":10},{"damage":16,"enemies":"The Guardian","floor":16,"turns":12},{"damage":42,"enemies":"3 Byrds","floor":18,"turns":7},{"damage":4,"enemies":"Chosen","floor":19,"turns":7},{"damage":23,"enemies":"Sentry and Sphere","floor":22,"turns":9},{"damage":27,"enemies":"Snake Plant","floor":25,"turns":7},{"damage":23,"enemies":"Centurion and Healer","floor":28,"turns":7},{"damage":33,"enemies":"Sentry and Sphere","floor":29,"turns":7}],"seed_played":"-1308082765979002773","potions_obtained":[{"floor":2,"key":"SteroidPotion"},{"floor":11,"key":"Weak Potion"},{"floor":14,"key":"LiquidBronze"},{"floor":18,"key":"SpeedPotion"}],"is_trial":false,"path_per_floor":["M","M","M","?","?","R","E","M","T","R","M","M","R","E","R","B",null,"M","M","?","?","M","R","R","M","T","R","M","M"],"character_chosen":"RUNESMITH_CLASS","items_purchased":[],"campfire_rested":7,"item_purchase_floors":[],"current_hp_per_floor":[60,60,60,43,43,64,34,17,17,38,31,30,51,50,70,54,70,28,24,24,24,1,22,43,16,26,50,27,0,0],"gold":588,"neow_bonus":"","is_daily":false,"chose_seed":false,"campfire_upgraded":0,"win_rate":0.0,"timestamp":1609709857,"path_taken":["M","M","M","?","?","R","E","M","T","R","M","M","R","E","R","BOSS","M","M","?","?","M","R","R","?","T","R","M","M"],"items_purchased_type":[],"build_version":"2020-12-22","purchased_purges":0,"victory":false,"max_hp_per_floor":[70,70,70,70,70,70,70,70,70,70,70,70,70,70,70,70,70,70,70,70,70,70,70,70,70,80,80,80,80,80],"card_choices":[{"not_picked":["Runesmith:Repurpose","Runesmith:ChaoticBlast"],"picked":"Runesmith:HammerTime","floor":1},{"not_picked":["Runesmith:PoweredAnvil","Runesmith:CraftProtectio"],"picked":"Runesmith:EnergizedChisel","floor":2},{"not_picked":["Runesmith:Prism","Runesmith:StaticCage"],"picked":"Runesmith:RuneHurl","floor":3},{"not_picked":["Runesmith:GenerateForcefield","Runesmith:EnergizedChisel"],"picked":"Runesmith:Grindstone","floor":7},{"not_picked":["Runesmith:CraftObretio","Runesmith:HammerTime"],"picked":"Runesmith:Permafrost","floor":8},{"not_picked":["Runesmith:Accelerate","Runesmith:Overpower"],"picked":"Runesmith:DoubleUp","floor":11},{"not_picked":["Runesmith:Refine","Runesmith:Repurpose"],"picked":"Runesmith:PerfectChisel","floor":12},{"not_picked":["Runesmith:StaticCage","Runesmith:BackupBattery"],"picked":"Runesmith:Accelerate","floor":14},{"not_picked":["Runesmith:Supernova","Runesmith:GrandSlam"],"picked":"Runesmith:CreatorForm","floor":16},{"not_picked":["Runesmith:ShiftingStrike","Runesmith:Repurpose"],"picked":"Runesmith:WhiteBalance","floor":18},{"not_picked":["Runesmith:RuneHurl","Runesmith:UnstableHammer"],"picked":"Runesmith:HeatExchange+1","floor":19},{"not_picked":["Runesmith:RuneHurl","Runesmith:Repurpose+1"],"picked":"Runesmith:HammerThrow","floor":22},{"not_picked":["Runesmith:BackupBattery","Runesmith:RuneHurl"],"picked":"Runesmith:HeatedChisel","floor":25},{"not_picked":["Runesmith:WhiteBalance","Runesmith:Repurpose+1"],"picked":"Runesmith:DoubleUp+1","floor":28}],"player_experience":0,"relics_obtained":[{"floor":7,"key":"Ice Cream"},{"floor":9,"key":"WingedGreaves"},{"floor":14,"key":"StoneCalendar"},{"floor":26,"key":"Pear"}],"event_choices":[{"damage_healed":0,"gold_gain":0,"player_choice":"Take Damage","damage_taken":17,"relics_obtained":["Golden Idol"],"max_hp_gain":0,"max_hp_loss":0,"event_name":"Golden Idol","floor":4,"gold_loss":0},{"damage_healed":0,"gold_gain":0,"player_choice":"Grow","damage_taken":0,"max_hp_gain":0,"max_hp_loss":0,"event_name":"Living Wall","floor":5,"gold_loss":0,"cards_upgraded":["Runesmith:EnergizedChisel"]},{"damage_healed":0,"gold_gain":99,"player_choice":"Stole From Cult","damage_taken":0,"max_hp_gain":0,"max_hp_loss":0,"event_name":"Nest","floor":20,"gold_loss":0},{"damage_healed":0,"gold_gain":0,"player_choice":"Gave Potion","damage_taken":0,"relics_obtained":["HornCleat"],"max_hp_gain":0,"max_hp_loss":0,"event_name":"WeMeetAgain","floor":21,"gold_loss":0}],"is_beta":false,"boss_relics":[{"not_picked":["Philosopher\u0027s Stone","Ectoplasm"],"picked":"Black Star"}],"items_purged_floors":[],"is_endless":false,"potions_floor_spawned":[2,11,14,18],"killed_by":"Sentry and Sphere","ascension_level":0}}