{"host":"w5vfr18i2ft1pzo2","time":1609695760,"event":{"mods":["Act Like it!","Aspiration","BaseMod","Better Third Choice","BetterRewards","Colored Map","Colored Powertips","Conspire","Curses Come First","DNKmod","Defuse TimeMaze Blight","Dota2Spire","Energized Spire","Evolution","Force Act Four","Friendly Minions","Gensokyo","GifTheSpireLib","Gold Saver","Halation","Hubris","Hyrulean Relics","Infinite Spire","Jedi Mod","Marisa????????","Minty Spire (QoL Compilation)","MostiFishMod","Prisma Mod","Remilia??????","Replay The Spire","SacredBarkPlus","Small Relic Pack","Spicy Shops","Spikes Relics","StSLib","Stuff the Spire","Synergy Search","The Blue Laboratory","The Servant 0.9.4","Trackpad","Treasure Hunter","Uncapped","Wandering Minibosses","Yakumo Yukari mod","noobMod","vexMod","??????REMEMod"],"gold_per_floor":[1874,1854,1294,1308,1320,1320,1350,1369,1416,1449,116,135,171,188,188,284,284,301,315,414,424,439,439,474,474,501,538,565,591,591,605,605,701,701,716,626,644,519,494,528,528,561,561,561,704,740,740,756,756,762,762,762,586,614,964],"floor_reached":56,"playtime":2358,"items_purged":["Defend_P","Defend_P","Defend_P+1","Strike_P+1"],"score":2300,"play_id":"840dff22-281a-4ba7-91c2-9b146abdbdda","local_time":"20210104014240","is_ascension_mode":true,"campfire_choices":[{"floor":6,"key":"RECALL"},{"floor":15,"key":"DIG"},{"floor":23,"key":"DIG"},{"floor":25,"key":"DIG"},{"floor":32,"key":"DIG"},{"floor":44,"key":"DIG"},{"floor":49,"key":"DIG"},{"floor":52,"key":"DIG"}],"circlet_count":0,"master_deck":["Strike_P+1","Strike_P+1","Strike_P+1","Eruption","Vigilance","ConjureBlade+1","MostiFishMod:ButterFly","CutThroughFate","Scrawl","TH:CursedSword","Replay:Cycle","TH:Mimic+1","TH:DeckOfManyThings","FollowUp","MostiFishMod:KingOfFree+1","LessonLearned+1","MostiFishMod:Speedup+1","TH:CursedSword+1","MostiFishMod:KamiSmash+1","MostiFishMod:PathToVictory+1","TH:DeckOfManyThings","MostiFishMod:CyberBuddha+1","MostiFishMod:PathToVictory","TH:DeckOfManyThings","Adaptation","TH:ArmorSpikes+1","TH:CopperCoins+1","WheelKick","TH:DeckOfManyThings","CutThroughFate+1","EmptyMind","TH:DeckOfManyThings","MostiFishMod:Adaptation","relicPack:StarPlatinum","TH:DeckOfManyThings","Wireheading+1","TH:CursedSword","TH:BikiniMail+1","ForeignInfluence","TH:BikiniMail","TH:CursedSword","EmptyMind+1","CutThroughFate","MostiFishMod:JungleRules","TH:Mimic","CutThroughFate"],"relics":["PureWater","EVO:Axolotl","DaveBox","ice","REME_ComplimentaryCards","NeowsBlessing","BirthdayGift-Tetrahedron","SynthV:TestCard","infinitespire:Lucky Rock","SpikesRelics:DaevaFist","BlackRope","StuffTheSpire:Gunfinga","halation:Diary","Shovel","halation:LostSnail","Centennial Puzzle","vexMod:RedPlottingStone","Anchor","OriginationStaff","Dota2Spire:RefresherOrb","wanderingMiniBosses:AbyssPearl","HornCleat","Letter Opener","Dota2Spire:BattleFury","Replay:Mystery Machine","Dota2Spire:DrumOfEndurance","Red Mask","aspiration:SeaSaltIceCream","aspiration:Nostalgia","Boundary_crack","relicPack:StarArrow","Bag of Marbles","hubris:FunFungus","infinitespire:CursedDice","Mirror","infinitespire:Eraser","GoldenEye","Dota2Spire:CrimsonGuard","trackpad:BottledShadow","Dota2Spire:LinkenSphere","halation:PenCase"],"acts_visited":["Exordium","TheCity","TheBeyond","TheEnding"],"potions_floor_usage":[4,4,4,7,7,16,22,40,40,45],"damage_taken":[{"damage":0,"enemies":"2 Louse","floor":1,"turns":1},{"damage":0,"enemies":"Cultist","floor":4,"turns":1},{"damage":0,"enemies":"Jaw Worm","floor":5,"turns":1},{"damage":2,"enemies":"3 Sentries","floor":7,"turns":2},{"damage":0,"enemies":"3 Louse","floor":8,"turns":1},{"damage":0,"enemies":"Lagavulin","floor":10,"turns":1},{"damage":2,"enemies":"Exordium Thugs","floor":12,"turns":2},{"damage":0,"enemies":"3 Sentries","floor":13,"turns":1},{"damage":2,"enemies":"Red Slaver","floor":14,"turns":2},{"damage":4,"enemies":"Slime Boss","floor":16,"turns":3},{"damage":2,"enemies":"Shell Parasite","floor":18,"turns":2},{"damage":0,"enemies":"Chosen","floor":19,"turns":1},{"damage":27,"enemies":"Snake Plant","floor":21,"turns":5},{"damage":6,"enemies":"Centurion and Healer","floor":22,"turns":4},{"damage":2,"enemies":"Book of Stabbing","floor":24,"turns":2},{"damage":8,"enemies":"Gremlin Leader","floor":27,"turns":5},{"damage":0,"enemies":"Masked Bandits","floor":28,"turns":1},{"damage":2,"enemies":"Slavers","floor":29,"turns":2},{"damage":2,"enemies":"3 Cultists","floor":31,"turns":2},{"damage":0,"enemies":"Automaton","floor":33,"turns":1},{"damage":2,"enemies":"3 Darklings","floor":35,"turns":2},{"damage":3,"enemies":"3 Shapes","floor":37,"turns":2},{"damage":3,"enemies":"R_Hoarder","floor":40,"turns":2},{"damage":1,"enemies":"Nemesis","floor":42,"turns":1},{"damage":3,"enemies":"Maw","floor":45,"turns":2},{"damage":5,"enemies":"R_Hoarder","floor":46,"turns":3},{"damage":0,"enemies":"Jaw Worm Horde","floor":48,"turns":1},{"damage":10,"enemies":"Time Eater","floor":50,"turns":6},{"damage":2,"enemies":"Shield and Spear","floor":54,"turns":2},{"damage":33,"enemies":"The Heart","floor":55,"turns":4}],"seed_played":"3892936112624313396","potions_obtained":[{"floor":5,"key":"DistilledChaos"},{"floor":10,"key":"FairyPotion"},{"floor":12,"key":"jedi:StrikingPotion"},{"floor":13,"key":"StancePotion"},{"floor":14,"key":"blueLaboratory:TrueEctoplasm"},{"floor":19,"key":"blueLaboratory:AlphaPotion"},{"floor":24,"key":"LifebloodPotion"},{"floor":27,"key":"conspire:TimeTravelPotion"},{"floor":37,"key":"Fruit Juice"},{"floor":42,"key":"LiquidMemories"},{"floor":46,"key":"jedi:holywater"},{"floor":48,"key":"blueLaboratory:BottleOfRum"}],"is_trial":false,"path_per_floor":["M","?","$","M","M","R","E","M","T","E","$","M","E","M","R","B",null,"M","M","?","M","M","R","E","R","T","E","?","E","?","M","R_BF","B",null,"M","?","M","$","?","E","T","E","T","R","M","E","AVR","M","R","B",null,"R","$","E","B",null],"character_chosen":"WATCHER","items_purchased":["blueLaboratory:EmptyBottle","infinitespire:Lucky Rock","SpikesRelics:DaevaFist","MostiFishMod:ButterFly","MostiFishMod:KingOfFree","LessonLearned","halation:Diary","Shovel","halation:LostSnail","Centennial Puzzle","vexMod:RedPlottingStone","MostiFishMod:JungleRules"],"campfire_rested":0,"item_purchase_floors":[3,3,3,3,11,11,11,11,11,11,11,53],"current_hp_per_floor":[72,72,72,82,82,82,80,82,82,82,82,80,82,80,80,77,81,80,82,82,55,56,56,63,63,63,62,67,70,70,70,70,70,79,78,78,80,80,80,87,87,86,86,86,87,87,87,87,87,87,87,87,87,86,64],"gold":964,"neow_bonus":"THREE_ENEMY_KILL","is_daily":false,"chose_seed":false,"campfire_upgraded":0,"win_rate":0.0,"timestamp":1609695760,"path_taken":["M","?","$","M","M","R","E","?","T","E","$","M","E","M","R","BOSS","M","M","?","M","M","R","E","R","T","E","?","E","?","M","R_BF","BOSS","M","?","?","?","?","E","?","E","T","R","M","E","AVR","M","R","BOSS","R","$","E","BOSS"],"items_purchased_type":["Potion","Relic","Relic","Card","Card","Card","Relic","Relic","Relic","Relic","Relic","Card"],"build_version":"2020-12-22","purchased_purges":4,"victory":true,"max_hp_per_floor":[72,72,72,82,82,82,82,82,82,82,82,82,82,82,82,82,82,82,82,82,82,82,82,82,82,82,82,82,82,82,82,82,82,82,82,82,82,82,82,87,87,87,87,87,87,87,87,87,87,87,87,87,87,87,87],"card_choices":[{"not_picked":["BowlingBash","Halt","Protect"],"picked":"SKIP","floor":1},{"not_picked":["Consecrate","Meditate","EmptyBody","EmptyFist"],"picked":"CutThroughFate","floor":4},{"not_picked":["WindmillStrike","Replay:BluntJabs","ClearTheMind","SignatureMove"],"picked":"Scrawl","floor":5},{"not_picked":["TH:DeckOfManyThings","TH:CopperCoins","TH:ElvenBoots"],"picked":"TH:CursedSword","floor":7},{"not_picked":["BattleHymn","Sanctity","DeceiveReality","ThirdEye"],"picked":"Replay:Cycle","floor":7},{"not_picked":["FollowUp","CrushJoints","Conclude","EmptyBody","PathToVictory"],"picked":"SKIP","floor":8},{"not_picked":["TH:PixieDust","TH:BikiniMail","TH:EnergyPotion"],"picked":"TH:Mimic","floor":9},{"not_picked":["TH:BikiniMail","TH:TreasureMap","TH:Mimic"],"picked":"TH:DeckOfManyThings","floor":10},{"not_picked":["BowlingBash","TalkToTheHand","SandsOfTime","REME_Repentance"],"picked":"FollowUp","floor":10},{"not_picked":["Consecrate","JustLucky","Perseverance","Indignation"],"picked":"MostiFishMod:Speedup","floor":12},{"not_picked":["TH:Mimic","TH:PixieDust","TH:ArmorSpikes"],"picked":"TH:CursedSword","floor":13},{"not_picked":["FlurryOfBlows","Crescendo","Replay:Vibes","Replay:AtTheReady"],"picked":"MostiFishMod:KamiSmash","floor":13},{"not_picked":["ForeignInfluence","EmptyFist","SashWhip","Replay:ManipulateFuture"],"picked":"MostiFishMod:PathToVictory","floor":14},{"not_picked":["TH:BikiniMail","TH:TreasureMap","TH:PixieDust"],"picked":"TH:DeckOfManyThings","floor":16},{"not_picked":["Brilliance","MostiFishMod:StarWish","MasterReality","Blasphemy"],"picked":"MostiFishMod:CyberBuddha","floor":16},{"not_picked":["WaveOfTheHand","Conclude+1","Replay:Anticipation","REME_Repentance","CrushJoints+1"],"picked":"SKIP","floor":18},{"not_picked":["ClearTheMind","Replay:DivineShield","Perseverance","WindmillStrike+1","EmptyBody+1"],"picked":"SKIP","floor":19},{"not_picked":["Replay:AtTheReady","Replay:ManipulateFuture+1","Conclude","Prostrate"],"picked":"MostiFishMod:PathToVictory","floor":21},{"not_picked":["REME_Repentance","Consecrate+1","Crescendo","FlurryOfBlows","Prostrate"],"picked":"SKIP","floor":22},{"not_picked":["TH:ArmorSpikes","TH:CopperCoins","TH:Mimic"],"picked":"TH:DeckOfManyThings","floor":24},{"not_picked":["EmptyBody+1","Fasting2","SashWhip","MostiFishMod:FlowState"],"picked":"Adaptation","floor":24},{"not_picked":["TH:PixieDust","TH:EnergyPotion","TH:Mimic"],"picked":"TH:ArmorSpikes","floor":26},{"not_picked":["TH:ElvenBoots","TH:PixieDust","TH:EnergyPotion"],"picked":"TH:CopperCoins","floor":27},{"not_picked":["SignatureMove","Swivel","WaveOfTheHand","FollowUp","WindmillStrike"],"picked":"SKIP","floor":27},{"not_picked":["REME_Repentance","Evaluate","Replay:AtTheReady","ThirdEye"],"picked":"WheelKick","floor":28},{"not_picked":["TH:Mimic","TH:PixieDust","TH:EnergyPotion"],"picked":"TH:DeckOfManyThings","floor":29},{"not_picked":["SashWhip","FollowUp","PathToVictory+1","Tantrum+1"],"picked":"CutThroughFate+1","floor":29},{"not_picked":["Replay:LoomingThreat","Vengeance","TalkToTheHand+1","FollowUp"],"picked":"EmptyMind","floor":31},{"not_picked":["TH:ElvenBoots","TH:ArmorSpikes","TH:TreasureMap"],"picked":"TH:DeckOfManyThings","floor":33},{"not_picked":["jedi:nirvanicrebirth","Scrawl","ConjureBlade","MostiFishMod:Unraveling"],"picked":"MostiFishMod:Adaptation","floor":33},{"not_picked":["Halt+1","CrushJoints","Evaluate","Indignation","Replay:AtTheReady"],"picked":"SKIP","floor":35},{"not_picked":["Halt","FlyingSleeves+1","Replay:Hum","EmptyBody+1","MostiFishMod:FlowState+1"],"picked":"SKIP","floor":37},{"not_picked":["TH:CursedSword","TH:PixieDust","TH:BikiniMail"],"picked":"TH:DeckOfManyThings","floor":40},{"not_picked":["WreathOfFlame+1","Replay:BluntJabs","Protect+1","FlyingSleeves"],"picked":"Wireheading","floor":40},{"not_picked":["TH:CopperCoins","TH:PixieDust","TH:BikiniMail"],"picked":"TH:CursedSword","floor":41},{"not_picked":["TH:ElvenBoots","TH:PixieDust","TH:ArmorSpikes"],"picked":"TH:BikiniMail","floor":42},{"not_picked":["JustLucky","Replay:Anticipation+1","Vengeance","Consecrate+1"],"picked":"ForeignInfluence","floor":42},{"not_picked":["TH:CursedSword","TH:PixieDust","TH:ArmorSpikes"],"picked":"TH:BikiniMail","floor":43},{"not_picked":["Replay:Vibes","Weave","BattleHymn","SpiritShield","REME_Repentance"],"picked":"SKIP","floor":45},{"not_picked":["TH:ArmorSpikes","TH:PixieDust","TH:BikiniMail"],"picked":"TH:CursedSword","floor":46},{"not_picked":["Replay:BluntJabs+1","BowlingBash","Replay:Battleflow+1","Indignation+1"],"picked":"EmptyMind+1","floor":46},{"not_picked":["Evaluate","JustLucky+1","Replay:DivineShield","FollowUp+1"],"picked":"CutThroughFate","floor":48},{"not_picked":["TH:ElvenBoots","TH:CopperCoins","TH:TreasureMap"],"picked":"TH:Mimic","floor":54},{"not_picked":["PathToVictory+1","Perseverance","MostiFishMod:Minus","REME_Repentance"],"picked":"CutThroughFate","floor":54}],"player_experience":208001,"relics_obtained":[{"floor":1,"key":"SynthV:TestCard"},{"floor":7,"key":"BlackRope"},{"floor":10,"key":"StuffTheSpire:Gunfinga"},{"floor":13,"key":"Anchor"},{"floor":15,"key":"OriginationStaff"},{"floor":22,"key":"wanderingMiniBosses:AbyssPearl"},{"floor":23,"key":"HornCleat"},{"floor":24,"key":"Letter Opener"},{"floor":25,"key":"Dota2Spire:BattleFury"},{"floor":26,"key":"Replay:Mystery Machine"},{"floor":27,"key":"Dota2Spire:DrumOfEndurance"},{"floor":28,"key":"Red Mask"},{"floor":29,"key":"aspiration:SeaSaltIceCream"},{"floor":40,"key":"hubris:FunFungus"},{"floor":41,"key":"infinitespire:CursedDice"},{"floor":42,"key":"Mirror"},{"floor":43,"key":"infinitespire:Eraser"},{"floor":44,"key":"GoldenEye"},{"floor":46,"key":"Dota2Spire:CrimsonGuard"},{"floor":49,"key":"trackpad:BottledShadow"},{"floor":52,"key":"Dota2Spire:LinkenSphere"},{"floor":54,"key":"halation:PenCase"}],"event_choices":[{"damage_healed":0,"gold_gain":0,"player_choice":"Bought 1 Potion","damage_taken":0,"max_hp_gain":0,"max_hp_loss":0,"event_name":"The Woman in Blue","floor":2,"gold_loss":0},{"damage_healed":0,"gold_gain":99,"player_choice":"Steal","damage_taken":0,"max_hp_gain":0,"max_hp_loss":0,"event_name":"betterThird:BetterNest","floor":20,"gold_loss":0},{"damage_healed":0,"gold_gain":0,"player_choice":"Fought Bandits","damage_taken":0,"max_hp_gain":0,"max_hp_loss":0,"event_name":"Masked Bandits","floor":28,"gold_loss":0},{"damage_healed":0,"gold_gain":0,"player_choice":"Got Potions","damage_taken":0,"max_hp_gain":0,"max_hp_loss":0,"event_name":"Lab","floor":30,"gold_loss":0},{"cards_removed":["Defend_P"],"damage_healed":0,"gold_gain":0,"player_choice":"Upgrade and Remove","damage_taken":0,"max_hp_gain":0,"max_hp_loss":0,"event_name":"Designer","floor":36,"gold_loss":90,"cards_upgraded":["Strike_P"]}],"is_beta":false,"boss_relics":[{"not_picked":["Abe\u0027s Treasure","energizedSpire:StickyHand"],"picked":"Dota2Spire:RefresherOrb"},{"not_picked":["jedi:paperlyon","relicPack:ShieldShield"],"picked":"relicPack:StarArrow"}],"items_purged_floors":[3,11,38,47],"is_endless":false,"potions_floor_spawned":[5,10,12,13,14,19,24,27,31,33,37,42,46,48,54],"ascension_level":5}}