{"host":"csp9nt53rootlkah","time":1609661546,"event":{"mods":["Act Like it!","BaseMod","Colored Powertips","Friendly Minions","Gensokyo","Highlight Path","Minty Spire (QoL Compilation)","Quick Restart","Replay The Spire","Robot Space Explorer","StSLib","TestMod","The Factory","The Jungle","UnlockEverythingMod","¡¾ÒÅÎï¿¨ÅÆ¡¿REMEMod"],"gold_per_floor":[118,118,171,171,189,189,222,147,147,147,147,147,47,58,58,159,159,174,174,49,59,73,73,73,73],"floor_reached":24,"playtime":1162,"items_purged":["RobotSpaceExplorer:Strike","RobotSpaceExplorer:Defend","RobotSpaceExplorer:Strike"],"score":217,"play_id":"aa04be6a-101d-4c79-aa89-06f0a0ffe501","local_time":"20210103161226","is_ascension_mode":false,"campfire_choices":[{"data":"testmod-Reflect","floor":6.0,"key":"SMITH"},{"data":"RobotSpaceExplorer:ShockKick","floor":12,"key":"SMITH"},{"data":"RobotSpaceExplorer:MiniLasers","floor":15,"key":"SMITH"},{"data":"RobotSpaceExplorer:ShockMissile","floor":23,"key":"SMITH"}],"circlet_count":0,"master_deck":["RobotSpaceExplorer:Strike","RobotSpaceExplorer:Strike","RobotSpaceExplorer:Defend","RobotSpaceExplorer:Defend","RobotSpaceExplorer:Defend","RobotSpaceExplorer:Scan","RobotSpaceExplorer:MiniLasers+1","testmod-Reflect+1","RobotSpaceExplorer:Reload","RobotSpaceExplorer:LaserBurst+1","RobotSpaceExplorer:SelfCleaning","RobotSpaceExplorer:Exploration","RobotSpaceExplorer:SurgingStrike","RobotSpaceExplorer:ShockKick+1","RobotSpaceExplorer:SurgingShield","RobotSpaceExplorer:ShockMissile+1"],"relics":["RobotSpaceExplorer:RoboCore","testmod-TestBox","REME_ComplimentaryCards","testmod-BlackFramedGlasses","NeowsBlessing","Snack Pack","Pondfish Scales","Bottled Flame","testmod-SaigiyounoYou","Replay:Accelerometer"],"acts_visited":["Gensokyo:Gensokyo","Gensokyo:Gensokyoer"],"potions_floor_usage":[24],"damage_taken":[{"damage":0.0,"enemies":"Gensokyo:Gryphon","floor":1.0,"turns":1.0},{"damage":0.0,"enemies":"Gensokyo:3_Fairies","floor":5.0,"turns":1.0},{"damage":0.0,"enemies":"Gensokyo:Aya","floor":7.0,"turns":1.0},{"damage":1,"enemies":"Gensokyo:Python","floor":14,"turns":2},{"damage":43,"enemies":"Gensokyo:Kokoro","floor":16,"turns":12},{"damage":0,"enemies":"Gensokyo:Chomper","floor":18,"turns":4},{"damage":20,"enemies":"Gensokyo:CosmicMonolith","floor":21,"turns":6},{"damage":46,"enemies":"Gensokyo:3_Gloops","floor":22,"turns":5},{"damage":67,"enemies":"Gensokyo:Reisen","floor":24,"turns":8}],"seed_played":"-6249801149191073476","potions_obtained":[{"floor":3.0,"key":"FairyPotion"},{"floor":5.0,"key":"DistilledChaos"},{"floor":7.0,"key":"AttackPotion"}],"is_trial":false,"path_per_floor":["M","?","?","?","M","R","E","$","T","?","?","R","$","M","R","B",null,"M","?","$","M","M","R","E"],"character_chosen":"RobotSpaceExplorer","items_purchased":[],"campfire_rested":0,"item_purchase_floors":[],"current_hp_per_floor":[75,75,57,57,58,58,59,59,59,59,59,59,59,60,60,33,75,75,69,69,62,36,36,6,6],"gold":73,"neow_bonus":"THREE_ENEMY_KILL","is_daily":false,"chose_seed":false,"campfire_upgraded":4,"win_rate":0.0,"timestamp":1609661546,"path_taken":["M","?","?","?","?","R","E","?","T","?","?","R","$","M","R","BOSS","M","?","?","M","M","R","E"],"items_purchased_type":[],"build_version":"2020-12-22","purchased_purges":3,"victory":false,"max_hp_per_floor":[75,75,75,75,75,75,75,75,75,75,75,75,75,75,75,75,75,75,69,69,69,69,69,69,69],"card_choices":[{"not_picked":["RobotSpaceExplorer:MakeshiftVolley","RobotSpaceExplorer:Calculate"],"picked":"RobotSpaceExplorer:Reload","floor":1.0},{"not_picked":["RobotSpaceExplorer:FrostMissile","RobotSpaceExplorer:DoubleBlock"],"picked":"RobotSpaceExplorer:SelfCleaning","floor":5.0},{"not_picked":["RobotSpaceExplorer:GlueSpray","RobotSpaceExplorer:GlueShot"],"picked":"RobotSpaceExplorer:Exploration","floor":7.0},{"not_picked":["RobotSpaceExplorer:GlueShot","RobotSpaceExplorer:MetalStrike"],"picked":"RobotSpaceExplorer:SurgingStrike","floor":11},{"not_picked":["RobotSpaceExplorer:StarLightning","RobotSpaceExplorer:Pulsar"],"picked":"RobotSpaceExplorer:ShockKick","floor":11},{"not_picked":["RobotSpaceExplorer:RigExplosive","RobotSpaceExplorer:ToxicBomb"],"picked":"RobotSpaceExplorer:SurgingShield","floor":14},{"not_picked":["RobotSpaceExplorer:Arsenal","RobotSpaceExplorer:ChargingLaser"],"picked":"RobotSpaceExplorer:ShockMissile","floor":16},{"not_picked":["RobotSpaceExplorer:SwiftStep","RobotSpaceExplorer:ImprovisedAttack+1","RobotSpaceExplorer:Probe"],"picked":"SKIP","floor":18},{"not_picked":["RobotSpaceExplorer:MiniDrones","RobotSpaceExplorer:SwiftStep","RobotSpaceExplorer:IronShell"],"picked":"SKIP","floor":21},{"not_picked":["RobotSpaceExplorer:ShovelStrike","RobotSpaceExplorer:GlueSpray","RobotSpaceExplorer:Ammunition"],"picked":"SKIP","floor":22}],"player_experience":115836,"relics_obtained":[{"floor":3.0,"key":"Snack Pack"},{"floor":7.0,"key":"Pondfish Scales"},{"floor":9.0,"key":"Bottled Flame"}],"event_choices":[],"is_beta":false,"boss_relics":[{"not_picked":["testmod-Temperance","Calling Bell"],"picked":"testmod-SaigiyounoYou"}],"items_purged_floors":[8,13,20],"is_endless":false,"potions_floor_spawned":[5,7,16,21],"killed_by":"Gensokyo:Reisen","ascension_level":0}}