{"host":"9n6i2vl93jt4o42q","time":1609637610,"event":{"mods":["BaseMod","Downfall","Minty Spire (QoL Compilation)","Relic Stats","StSLib"],"gold_per_floor":[99,99,11,30,40,33,33,52,88,188,113,113,113,141,160,262,262,187,215,300,400,421,421,448,471,498,514,439,56,56,49,68,174,174,174,191,291,307,38,66,92,38,38,81,103,103,103,161,177,177,177,177,177,177],"floor_reached":52,"playtime":9180,"items_purged":["Regret","hexamod:Strike+1","hexamod:Strike+1"],"score":775,"play_id":"a878bd43-2476-4a0e-a9d4-97d9e762b4dc","local_time":"20210103023330","is_ascension_mode":false,"campfire_choices":[{"data":"hexamod:Float","floor":1.0,"key":"SMITH"},{"data":"hexamod:SoulSteal","floor":11.0,"key":"SMITH"},{"floor":13.0,"key":"RECALL"},{"data":"hexamod:FastForward","floor":18.0,"key":"SMITH"},{"data":"hexamod:TimeWarp","floor":23.0,"key":"SMITH"},{"floor":28.0,"key":"REST"},{"data":"hexamod:Firestarter","floor":30.0,"key":"SMITH"},{"data":"hexamod:GhostflameInferno","floor":35.0,"key":"SMITH"},{"floor":47.0,"key":"REST"}],"circlet_count":0,"master_deck":["hexamod:Strike+1","hexamod:Strike+1","hexamod:Defend+1","hexamod:Defend+1","hexamod:Defend+1","hexamod:Sear+1","hexamod:Float+1","hexamod:AdvancingGuard+1","hexamod:SecondSeal","hexamod:HeatMetal+1","hexamod:HeatMetal+1","hexamod:SoulSteal+1","hexamod:SpectersWail+1","hexamod:ShieldOfDarkness+1","hexamod:FastForward+1","hexamod:SixthSeal","hexamod:TimeWarp+1","hexamod:ThermalTransfer+1","hexamod:PhantomFireball+1","hexamod:FirstSeal","hexamod:Firestarter+1","hexamod:Hexaguard+1","hexamod:GhostflameInferno+1","hexamod:TimeWarp+1","hexamod:StepThrough+1","hexamod:RainOfEmbers+1","Master of Strategy+1","hexamod:ThirdSeal","hexamod:FourthSeal","hexamod:GhostShield+1","hexamod:AdvancingGuard+1"],"relics":["hexamod:SpiritBrand","Pantograph","Oddly Smooth Stone","downfall:HeartBlessingGreen","hexamod:IceCube","downfall:HeartBlessingRed","War Paint","downfall:HeartBlessingBlue","Mummified Hand","Runic Pyramid","Art of War","Unceasing Top","Nunchaku","hexamod:SoulConsumer"],"acts_visited":["Exordium","TheCity","TheBeyond","TheEnding"],"potions_floor_usage":[52,52],"damage_taken":[{"damage":0.0,"enemies":"downfall:FleeingMerchant","floor":3.0,"turns":4.0},{"damage":0.0,"enemies":"Small Slimes","floor":4.0,"turns":3.0},{"damage":1.0,"enemies":"2 Louse","floor":5.0,"turns":3.0},{"damage":0.0,"enemies":"downfall:FleeingMerchant","floor":6.0,"turns":4.0},{"damage":0.0,"enemies":"Jaw Worm","floor":8.0,"turns":3.0},{"damage":12.0,"enemies":"3 Sentries","floor":9.0,"turns":5.0},{"damage":0.0,"enemies":"2 Fungi Beasts","floor":14.0,"turns":3.0},{"damage":2.0,"enemies":"Exordium Wildlife","floor":15.0,"turns":3.0},{"damage":13.0,"enemies":"downfall:Ironclad","floor":16.0,"turns":9.0},{"damage":4.0,"enemies":"3 Byrds","floor":19.0,"turns":4.0},{"damage":8.0,"enemies":"Snecko","floor":22.0,"turns":6.0},{"damage":0.0,"enemies":"Cultist and Chosen","floor":25.0,"turns":4.0},{"damage":12.0,"enemies":"Book of Stabbing","floor":26.0,"turns":6.0},{"damage":5.0,"enemies":"Centurion and Healer","floor":27.0,"turns":7.0},{"damage":5.0,"enemies":"downfall:FleeingMerchant","floor":29.0,"turns":4.0},{"damage":3.0,"enemies":"downfall:FleeingMerchant","floor":31.0,"turns":4.0},{"damage":4.0,"enemies":"Snake Plant","floor":32.0,"turns":4.0},{"damage":4.0,"enemies":"downfall:Defect","floor":33.0,"turns":9.0},{"damage":4.0,"enemies":"Orb Walker","floor":36.0,"turns":3.0},{"damage":0.0,"enemies":"3 Shapes","floor":38.0,"turns":3.0},{"damage":0.0,"enemies":"downfall:FleeingMerchant","floor":39.0,"turns":4.0},{"damage":21.0,"enemies":"Sphere and 2 Shapes","floor":40.0,"turns":4.0},{"damage":0.0,"enemies":"downfall:FleeingMerchant","floor":42.0,"turns":2.0},{"damage":32.0,"enemies":"Giant Head","floor":44.0,"turns":9.0},{"damage":18.0,"enemies":"Writhing Mass","floor":45.0,"turns":5.0},{"damage":4.0,"enemies":"Mind Bloom Boss Battle","floor":48.0,"turns":5.0},{"damage":10.0,"enemies":"4 Shapes","floor":49.0,"turns":4.0},{"damage":0.0,"enemies":"downfall:Watcher","floor":50.0,"turns":6.0},{"damage":107,"enemies":"downfall:CharBossMerchant","floor":52,"turns":8}],"seed_played":"-1179050816396687088","potions_obtained":[{"floor":4.0,"key":"Swift Potion"},{"floor":8.0,"key":"hexamod:EctoCoolerPotion"},{"floor":9.0,"key":"Ancient Potion"},{"floor":15.0,"key":"Block Potion"},{"floor":26.0,"key":"Explosive Potion"},{"floor":32.0,"key":"DuplicationPotion"},{"floor":40.0,"key":"hexamod:DoubleChargePotion"},{"floor":44.0,"key":"PowerPotion"},{"floor":45.0,"key":"DistilledChaos"},{"floor":48.0,"key":"Block Potion"}],"is_trial":false,"path_per_floor":["R","?","$","M","M","$","T","M","E","?","R","?","R","M","M","B",null,"R","M","?","?","M","R","T","M","E","M","R","$","R","$","M","B",null,"R","M","?","M","$","M","T","$","?","E","M","?","R","?","M","B",null,"E"],"character_chosen":"THE_SPIRIT","items_purchased":["hexamod:SecondSeal","Mummified Hand","hexamod:Hexaguard","Master of Strategy","Unceasing Top"],"campfire_rested":2,"item_purchase_floors":[3,29,29,39,42],"current_hp_per_floor":[77,77,77,77,76,76,76,76,64,64,64,64,64,64,62,64,77,77,73,59,59,51,51,51,51,46,48,84,86,86,87,87,87,87,87,83,83,87,87,66,66,66,66,34,16,16,42,70,67,87,87,0,0,0],"gold":177,"neow_bonus":"TEN_PERCENT_HP_BONUS","is_daily":false,"chose_seed":false,"campfire_upgraded":6,"win_rate":0.0,"timestamp":1609637610,"path_taken":["R","?","$","M","M","$","T","M","E","?","R","?","R","M","M","BOSS","R","M","?","?","M","R","T","?","E","M","R","$","R","$","M","BOSS","R","M","?","M","$","?","T","$","?","E","?","?","R","?","M","BOSS","E"],"items_purchased_type":["Card","Relic","Card","Card","Relic"],"build_version":"2020-12-22","purchased_purges":3,"victory":false,"max_hp_per_floor":[77,77,77,77,77,77,77,77,77,77,77,77,77,77,77,77,77,77,77,77,77,77,77,77,77,77,77,87,87,87,87,87,87,87,87,87,87,87,87,87,87,87,87,87,87,87,87,87,87,87,87,87,87,87],"relic_stats":{"Nunchaku":[8],"counters":[29,138],"Mummified Hand":[34],"Pantograph":60,"Art of War":[1],"War Paint":["hexamod:ShieldOfDarkness","hexamod:Defend"],"obtain_stats":[{"downfall:HeartBlessingRed":18,"Oddly Smooth Stone":9,"downfall:HeartBlessingGreen":11,"War Paint":26,"Nunchaku":44,"downfall:BrokenWingStatue":2,"downfall:HeartBlessingBlue":28,"Mummified Hand":29,"Pantograph":7,"Art of War":41,"hexamod:SoulConsumer":48,"hexamod:SpiritBrand":0,"hexamod:IceCube":17,"Unceasing Top":42,"Runic Pyramid":34},{"downfall:HeartBlessingRed":9,"Oddly Smooth Stone":6,"downfall:HeartBlessingGreen":6,"War Paint":13,"Nunchaku":24,"downfall:BrokenWingStatue":0,"downfall:HeartBlessingBlue":14,"Mummified Hand":15,"Pantograph":4,"Art of War":22,"hexamod:SoulConsumer":26,"hexamod:SpiritBrand":0,"hexamod:IceCube":9,"Unceasing Top":23,"Runic Pyramid":18},{"downfall:HeartBlessingRed":37,"Oddly Smooth Stone":22,"downfall:HeartBlessingGreen":22,"War Paint":57,"Nunchaku":110,"downfall:BrokenWingStatue":0,"downfall:HeartBlessingBlue":64,"Mummified Hand":68,"Pantograph":14,"Art of War":99,"hexamod:SoulConsumer":120,"hexamod:SpiritBrand":0,"hexamod:IceCube":37,"Unceasing Top":101,"Runic Pyramid":85}],"Unceasing Top":[6]},"card_choices":[{"not_picked":["hexamod:RainOfEmbers","hexamod:BacktrackSmack"],"picked":"hexamod:AdvancingGuard","floor":3.0},{"not_picked":["hexamod:ThermalTransfer","hexamod:RadiantFlame"],"picked":"hexamod:HeatMetal","floor":4.0},{"not_picked":["hexamod:BacktrackSmack","hexamod:AdvancingGuard"],"picked":"hexamod:HeatMetal","floor":5.0},{"not_picked":["hexamod:AdvancingGuard","hexamod:ShieldOfDarkness"],"picked":"hexamod:SoulSteal","floor":6.0},{"not_picked":["hexamod:GhostOfSpirePresent","hexamod:Haunt"],"picked":"hexamod:SpectersWail","floor":8.0},{"not_picked":["hexamod:RecurringNightmare","hexamod:SwordOfDarkness"],"picked":"hexamod:ShieldOfDarkness","floor":9.0},{"not_picked":["hexamod:SpectralAdrenaline","hexamod:BurningTouch"],"picked":"hexamod:FastForward","floor":14.0},{"not_picked":["hexamod:BurningTouch","hexamod:SkipABeat"],"picked":"hexamod:SixthSeal","floor":15.0},{"not_picked":["hexamod:TurnItUp","hexamod:FifthSeal"],"picked":"hexamod:TimeWarp","floor":16.0},{"not_picked":["hexamod:SwordOfDarkness","hexamod:SpectersWail"],"picked":"hexamod:ThermalTransfer","floor":19.0},{"not_picked":["hexamod:SecondSeal","hexamod:SpectersWail"],"picked":"hexamod:PhantomFireball","floor":22.0},{"not_picked":["hexamod:CatchUp","hexamod:AdvancingGuard+1"],"picked":"hexamod:FirstSeal","floor":25.0},{"not_picked":["hexamod:Again","hexamod:FirstSeal","hexamod:HexaLevel"],"picked":"SKIP","floor":26.0},{"not_picked":["hexamod:ThermalTransfer","hexamod:GhostOfSpirePresent","hexamod:SpectersWail"],"picked":"SKIP","floor":27.0},{"not_picked":["hexamod:NightmareGuise","hexamod:SpectersWail"],"picked":"hexamod:Firestarter","floor":29.0},{"not_picked":["hexamod:BurningTouch","hexamod:BacktrackSmack+1"],"picked":"hexamod:GhostflameInferno","floor":31.0},{"not_picked":["hexamod:ThermalTransfer","hexamod:ShieldOfDarkness+1","hexamod:NightmareStrike"],"picked":"SKIP","floor":32.0},{"not_picked":["hexamod:HexaLevel","hexamod:CrushingStance"],"picked":"hexamod:TimeWarp","floor":33.0},{"not_picked":["hexamod:Firestarter+1","hexamod:HauntingEcho","hexamod:GhostLash"],"picked":"SKIP","floor":36.0},{"not_picked":["hexamod:Hexaguard","hexamod:ExtraCrispy+1"],"picked":"hexamod:StepThrough+1","floor":38.0},{"not_picked":["hexamod:ThirdSeal","hexamod:FastForward+1"],"picked":"hexamod:RainOfEmbers+1","floor":39.0},{"not_picked":["hexamod:GhostOfSpireFuture","hexamod:HexaLevel"],"picked":"hexamod:ThirdSeal","floor":40.0},{"not_picked":["hexamod:Again+1","hexamod:GhostLash","hexamod:PhantomCloak+1"],"picked":"SKIP","floor":42.0},{"not_picked":["hexamod:EmpoweredFlame+1","hexamod:PhantomCloak"],"picked":"hexamod:FourthSeal","floor":44.0},{"not_picked":["hexamod:PhantomCloak","hexamod:NightmareGuise","hexamod:SpectersWail"],"picked":"SKIP","floor":44.0},{"not_picked":["hexamod:ChargedBarrage","hexamod:GhostOfSpirePresent+1","hexamod:GhostLash"],"picked":"SKIP","floor":45.0},{"not_picked":["hexamod:SwordOfDarkness","hexamod:Haunt+1","hexamod:RecurringNightmare"],"picked":"SKIP","floor":45.0},{"not_picked":["hexamod:SwordOfDarkness+1","hexamod:Haunt+1"],"picked":"hexamod:GhostShield+1","floor":48.0},{"not_picked":["hexamod:Firestarter","hexamod:NightmareStrike"],"picked":"hexamod:AdvancingGuard+1","floor":49.0},{"not_picked":["hexamod:InspiringFlames","hexamod:SwordOfDarkness+1","hexamod:TurnItUp"],"picked":"SKIP","floor":49.0}],"player_experience":2079700,"relics_obtained":[{"floor":7.0,"key":"Pantograph"},{"floor":9.0,"key":"Oddly Smooth Stone"},{"floor":26.0,"key":"War Paint"},{"floor":41.0,"key":"Art of War"},{"floor":44.0,"key":"Nunchaku"},{"floor":48.0,"key":"hexamod:SoulConsumer"}],"event_choices":[{"cards_removed":["hexamod:Defend"],"damage_healed":0.0,"max_hp_gain":0.0,"max_hp_loss":0.0,"gold_gain":0.0,"event_name":"Bonfire Elementals","player_choice":"Offered Basic","floor":43.0,"gold_loss":0.0,"damage_taken":0.0}],"is_beta":false,"boss_relics":[{"not_picked":["Tiny House","Velvet Choker"],"picked":"hexamod:IceCube"},{"not_picked":["Calling Bell","Philosopher\u0027s Stone"],"picked":"Runic Pyramid"}],"items_purged_floors":[29,39,42],"is_endless":false,"potions_floor_spawned":[4,8,9,15,26,32,40,44,48],"killed_by":"downfall:CharBossMerchant","ascension_level":0}}