{"host":"i0avyit1s6jb1siw","time":1609641029,"event":{"mods":["BaseMod","DeckTracker","Dota2Spire","Highlight Path","Minty Spire (QoL Compilation)","Quick Restart","StSLib","SuperFastMode"],"gold_per_floor":[111,69,86,103,28,28,46,46,46,58,58,101,125,144,144,144,144],"floor_reached":16,"playtime":481,"items_purged":[],"score":208,"play_id":"246646ce-337c-4d0e-a99b-9c8d002e29c4","local_time":"20210103033029","is_ascension_mode":true,"campfire_choices":[{"data":"Armaments","floor":6,"key":"SMITH"},{"data":"Inflame","floor":15,"key":"SMITH"}],"circlet_count":0,"master_deck":["AscendersBane","Strike_R","Strike_R","Strike_R","Strike_R","Defend_R","Defend_R","Defend_R","Defend_R","Bash","Armaments+1","Inflame+1","Shrug It Off","Flex","Pommel Strike","Headbutt","Ghostly Armor"],"relics":["Burning Blood","NeowsBlessing","Shuriken","Letter Opener","Golden Idol","HornCleat"],"acts_visited":["Exordium"],"potions_floor_usage":[16,16],"damage_taken":[{"damage":0,"enemies":"Cultist","floor":1,"turns":1},{"damage":0,"enemies":"2 Louse","floor":3,"turns":1},{"damage":0,"enemies":"Jaw Worm","floor":4,"turns":1},{"damage":4,"enemies":"Looter","floor":7,"turns":4},{"damage":6,"enemies":"2 Fungi Beasts","floor":10,"turns":4},{"damage":24,"enemies":"Lagavulin","floor":12,"turns":8},{"damage":14,"enemies":"3 Louse","floor":13,"turns":5},{"damage":1,"enemies":"Red Slaver","floor":14,"turns":3},{"damage":52,"enemies":"Slime Boss","floor":16,"turns":11}],"seed_played":"-2660267992887702416","potions_obtained":[{"floor":1,"key":"EssenceOfSteel"},{"floor":4,"key":"Dota2Spire:Clarity"},{"floor":12,"key":"SkillPotion"},{"floor":13,"key":"LiquidMemories"},{"floor":14,"key":"Fruit Juice"}],"is_trial":false,"path_per_floor":["M","$","M","M","?","R","M","T","T","M","?","E","M","M","R","B"],"character_chosen":"IRONCLAD","items_purchased":["Inflame"],"campfire_rested":0,"item_purchase_floors":[2],"current_hp_per_floor":[74,74,75,75,75,75,75,75,75,75,68,50,42,47,47,0,0],"gold":144,"neow_bonus":"THREE_ENEMY_KILL","is_daily":false,"chose_seed":false,"campfire_upgraded":2,"win_rate":0.0,"timestamp":1609641029,"path_taken":["M","?","?","M","?","R","M","?","T","M","?","E","M","M","R","BOSS"],"items_purchased_type":["Card"],"build_version":"2020-12-22","purchased_purges":0,"victory":false,"max_hp_per_floor":[75,75,75,75,75,75,75,75,75,75,68,68,68,68,68,73,73],"card_choices":[{"not_picked":["Second Wind","Warcry"],"picked":"Armaments","floor":1},{"not_picked":["Clash","Warcry"],"picked":"Shrug It Off","floor":3},{"not_picked":["True Grit","Iron Wave"],"picked":"Flex","floor":4},{"not_picked":["True Grit","Perfected Strike"],"picked":"Pommel Strike","floor":7},{"not_picked":["Berserk","Pommel Strike"],"picked":"Headbutt","floor":10},{"not_picked":["Feel No Pain","Clothesline","Burning Pact"],"picked":"SKIP","floor":12},{"not_picked":["Pommel Strike","Warcry","Havoc"],"picked":"SKIP","floor":13},{"not_picked":["True Grit","Power Through"],"picked":"Ghostly Armor","floor":14}],"player_experience":2168201,"relics_obtained":[{"floor":8,"key":"Shuriken"},{"floor":9,"key":"Letter Opener"},{"floor":12,"key":"HornCleat"}],"event_choices":[{"cards_removed":["Strike_R"],"damage_healed":0,"gold_gain":0,"player_choice":"Card Removal","damage_taken":0,"max_hp_gain":0,"max_hp_loss":0,"event_name":"The Cleric","floor":5,"gold_loss":75},{"damage_healed":0,"gold_gain":0,"player_choice":"Lose Max HP","damage_taken":0,"relics_obtained":["Golden Idol"],"max_hp_gain":0,"max_hp_loss":7,"event_name":"Golden Idol","floor":11,"gold_loss":0}],"is_beta":false,"boss_relics":[],"items_purged_floors":[],"is_endless":false,"potions_floor_spawned":[1,4,12,13,14],"killed_by":"Slime Boss","ascension_level":20}}