{"host":"waq1ashgqt0tulkv","time":1609670105,"event":{"mods":["Aspiration","BaseMod","BetterRewards","Colored Powertips","Conspire","Downfall","Duelist Mod","Hermit","Hubris","Infinite Spire","Minty Spire (QoL Compilation)","Quick Restart","Rare Cards Sparkle","Replay The Spire","StSLib","SuperFastMode","The Animator","The Bug Knight","The Construct","The Cursed","The Disciple","The Hierophant","The Necromancer","The Runesmith","The Servant 0.9.4","egg"],"gold_per_floor":[119,119,133,143,162,162,197,197,224,47,47,47,47,81,81,81,81],"floor_reached":16,"playtime":342,"items_purged":[],"score":108,"play_id":"55452761-f0f8-4795-92db-bb0dd878b8d7","local_time":"20210103033505","is_ascension_mode":false,"campfire_choices":[{"data":"Zap","floor":6,"key":"SMITH"},{"floor":8,"key":"REST"},{"data":"Loop","floor":13,"key":"SMITH"},{"data":"Hello World","floor":15,"key":"SMITH"}],"circlet_count":0,"master_deck":["Strike_B","Strike_B","Strike_B","Strike_B","Defend_B","Defend_B","Defend_B","Defend_B","Zap+1","Dualcast","Beam Cell","FIFO Queue","Beam Cell","Coolheaded","Loop+1","Cold Snap","Hello World+1"],"relics":["Cracked Core","NeowsBlessing","Pen Nib","Chameleon Ring","Replay:Wax Seal","Replay:Baseball","Boot"],"acts_visited":["Exordium"],"potions_floor_usage":[7,14],"damage_taken":[{"damage":0,"enemies":"Small Slimes","floor":1,"turns":1},{"damage":0,"enemies":"Cultist","floor":3,"turns":1},{"damage":0,"enemies":"2 Louse","floor":4,"turns":1},{"damage":8,"enemies":"Red Slaver","floor":5,"turns":2},{"damage":24,"enemies":"Lagavulin","floor":7,"turns":4},{"damage":12,"enemies":"3 Sentries","floor":14,"turns":9},{"damage":57,"enemies":"The Guardian","floor":16,"turns":10}],"seed_played":"8127174315286969660","potions_obtained":[{"floor":1,"key":"SteroidPotion"},{"floor":4,"key":"SteroidPotion"},{"floor":5,"key":"EssenceOfSteel"}],"is_trial":false,"path_per_floor":["M","?","M","M","M","R","E","R","T","$","?","$","R","E","R","B"],"character_chosen":"DEFECT","items_purchased":["Replay:Baseball","Cold Snap"],"campfire_rested":1,"item_purchase_floors":[10,10],"current_hp_per_floor":[75,75,75,75,67,67,43,65,65,65,65,65,65,53,53,0,0],"gold":81,"neow_bonus":"THREE_ENEMY_KILL","is_daily":false,"chose_seed":false,"campfire_upgraded":3,"win_rate":0.0,"timestamp":1609670105,"path_taken":["M","?","?","M","M","R","E","R","T","$","?","$","R","E","R","BOSS"],"items_purchased_type":["Relic","Card"],"build_version":"2020-12-13","purchased_purges":0,"victory":false,"max_hp_per_floor":[75,75,75,75,75,75,75,75,75,75,75,75,75,75,75,75,75],"card_choices":[{"not_picked":["ReplaySort","Leap"],"picked":"Beam Cell","floor":1},{"not_picked":["Fusion","Leap"],"picked":"FIFO Queue","floor":3},{"not_picked":["Leap","Barrage"],"picked":"Beam Cell","floor":4},{"not_picked":["Rebound","BasicCrystalCard"],"picked":"Coolheaded","floor":5},{"not_picked":["Stack","Hologram"],"picked":"Loop","floor":7},{"not_picked":["Rebound","Double Energy"],"picked":"Hello World","floor":14}],"player_experience":28494,"relics_obtained":[{"floor":7,"key":"Chameleon Ring"},{"floor":9,"key":"Replay:Wax Seal"},{"floor":14,"key":"Boot"}],"event_choices":[{"damage_healed":0,"gold_gain":0,"player_choice":"Gave Potion","damage_taken":0,"relics_obtained":["Pen Nib"],"max_hp_gain":0,"max_hp_loss":0,"event_name":"WeMeetAgain","floor":2,"gold_loss":0},{"damage_healed":0,"gold_gain":0,"player_choice":"Disagree","damage_taken":0,"max_hp_gain":0,"max_hp_loss":0,"event_name":"conspire:LoneGhost","floor":11,"gold_loss":0}],"is_beta":false,"boss_relics":[],"items_purged_floors":[],"is_endless":false,"potions_floor_spawned":[1,4,5],"killed_by":"The Guardian","ascension_level":0}}