{"host":"ss2ocoam53r2lno0","time":1609697570,"event":{"mods":["Act Like it!","BaseMod","ChefMod","Colored Powertips","Displayed Cursed Tome","Downfall","Evolution","Googly Eyes","Hallownest","Highlight Path","Minty Spire (QoL Compilation)","Rare Cards Sparkle","Robot Space Explorer","Shade Mod","Shop Mod","Spicy Shops","StSLib","The Marked"],"gold_per_floor":[111,125,139,214,234,264,282,300,300,331,1,1,19,48,48,152,202,213,232,232,232,232,232,262,262,285,285,285,312,59,93,93,191,191,206,256,60,0,16,16,16,16],"floor_reached":41,"playtime":3351,"items_purged":["theMarked:Strike","theMarked:Strike+1","theMarked:Strike+1","theMarked:Strike+1"],"score":566,"play_id":"b4c35d2f-06f4-4fc7-a44c-6ba46cacb95b","local_time":"20210103191250","is_ascension_mode":true,"campfire_choices":[{"data":"theMarked:Generate","floor":12,"key":"SMITH"},{"data":"theMarked:Convert","floor":15,"key":"SMITH"},{"data":"theMarked:SoldierOfQuellstein","floor":23,"key":"SMITH"},{"data":"theMarked:Aftermath","floor":25,"key":"SMITH"},{"data":"expansioncontent:GoopSpray","floor":28,"key":"SMITH"},{"floor":32,"key":"REST"}],"circlet_count":0,"master_deck":["theMarked:Strike+1","theMarked:Defend+1","theMarked:Defend+1","theMarked:Defend+1","theMarked:Defend+1","theMarked:SoldierOfQuellstein+1","expansioncontent:GoopSpray+1","theMarked:ChainLightning","theMarked:Aftermath+1","theMarked:ElectricStrings","theMarked:EternalStudent","theMarked:Generate+1","theMarked:Convert+1","theMarked:SwordAndMagic","theMarked:EmpowerWeapon+1","theMarked:SoldierForm","theMarked:TakeCover+1","theMarked:ComboAttacks+1","theMarked:EternalStudent","CurseOfTheBell","theMarked:EmpowerWeapon+1"],"relics":["theMarked:ArtifactOfAir","EVO:Axolotl","Tiny Chest","HornCleat","sneckomod:BlankCard","Membership Card","Bottled Lightning","Sundial","Mummified Hand","Regal Pillow","InkBottle","MerchantsRug","Incense Burner","Singing Bowl","Calling Bell","Bag of Preparation","Gremlin Horn","Peace Pipe","Prayer Wheel","Toxic Egg 2","Red Mask"],"acts_visited":["Exordium","TheCity","TheBeyond"],"potions_floor_usage":[6,8,18,19,29,31],"damage_taken":[{"damage":0,"enemies":"Cultist","floor":1,"turns":3},{"damage":0,"enemies":"Small Slimes","floor":2,"turns":2},{"damage":0,"enemies":"2 Louse","floor":3,"turns":1},{"damage":0,"enemies":"Large Slime","floor":5,"turns":4},{"damage":2,"enemies":"Lagavulin","floor":6,"turns":7},{"damage":13,"enemies":"Gremlin Gang","floor":7,"turns":3},{"damage":1,"enemies":"2 Fungi Beasts","floor":8,"turns":2},{"damage":10,"enemies":"3 Sentries","floor":10,"turns":5},{"damage":8,"enemies":"Blue Slaver","floor":13,"turns":2},{"damage":0,"enemies":"Lagavulin","floor":14,"turns":4},{"damage":21,"enemies":"The Guardian","floor":16,"turns":8},{"damage":0,"enemies":"Spheric Guardian","floor":18,"turns":3},{"damage":2,"enemies":"Shell Parasite","floor":19,"turns":3},{"damage":21,"enemies":"Gremlin Leader","floor":24,"turns":5},{"damage":27,"enemies":"Slavers","floor":29,"turns":5},{"damage":8,"enemies":"Book of Stabbing","floor":31,"turns":4},{"damage":27,"enemies":"Automaton","floor":33,"turns":9},{"damage":3,"enemies":"Orb Walker","floor":35,"turns":3},{"damage":36,"enemies":"2 Orb Walkers","floor":36,"turns":5},{"damage":35,"enemies":"3 Darklings","floor":39,"turns":3},{"damage":10,"enemies":"Nemesis","floor":41,"turns":2}],"seed_played":"-7611724520523304134","potions_obtained":[{"floor":1,"key":"Dexterity Potion"},{"floor":5,"key":"Explosive Potion"},{"floor":7,"key":"GamblersBrew"},{"floor":14,"key":"AttackPotion"},{"floor":16,"key":"SpeedPotion"},{"floor":18,"key":"LiquidMemories"},{"floor":31,"key":"Strength Potion"}],"is_trial":false,"path_per_floor":["M","M","M","?","M","E","M","M","T","E","$","R","M","E","R","B",null,"M","M","?","?","?","R","E","R","T","T","R","E","$","E","R","B",null,"M","?","$","?","M","?","E"],"character_chosen":"THE_DEFAULT","items_purchased":["Membership Card","Bottled Lightning","theMarked:SwordAndMagic","MerchantsRug","Incense Burner","Toxic Egg 2"],"campfire_rested":1,"item_purchase_floors":[11,11,11,30,30,37],"current_hp_per_floor":[70,70,70,59,59,57,44,43,43,33,33,33,25,25,25,4,75,75,73,73,73,73,73,52,52,52,52,52,25,25,19,57,30,77,76,42,42,42,9,9,0,0],"gold":16,"neow_bonus":"RANDOM_COLORLESS","is_daily":false,"chose_seed":false,"campfire_upgraded":5,"win_rate":0.0,"timestamp":1609697570,"path_taken":["M","?","M","?","M","E","M","M","T","E","$","R","M","E","R","BOSS","M","M","?","?","?","R","E","R","T","?","R","E","$","E","R","BOSS","M","?","$","?","M","?","E"],"items_purchased_type":["Relic","Relic","Card","Relic","Relic","Relic"],"build_version":"2020-12-22","purchased_purges":4,"victory":false,"max_hp_per_floor":[70,70,70,70,70,70,70,70,70,70,70,70,70,70,70,70,75,75,75,75,75,75,75,75,75,75,75,75,75,75,77,77,77,77,79,81,81,81,83,83,83,83],"card_choices":[{"not_picked":["expansioncontent:TimeRipple","expansioncontent:HyperBeam"],"picked":"expansioncontent:GoopSpray","floor":0},{"not_picked":["theMarked:Parkour","theMarked:WastefulDefense"],"picked":"theMarked:ChainLightning","floor":1},{"not_picked":["theMarked:RepellingDischarge","theMarked:Indomitable"],"picked":"theMarked:Aftermath","floor":2},{"not_picked":["theMarked:SwordAndMagic","theMarked:Improvise"],"picked":"theMarked:ElectricStrings","floor":3},{"not_picked":["theMarked:Improvise","theMarked:ElementalBlade"],"picked":"theMarked:EternalStudent","floor":5},{"not_picked":["theMarked:Improvise","theMarked:HeightenedSenses","theMarked:WastefulAttack"],"picked":"SKIP","floor":6},{"not_picked":["theMarked:Parkour","theMarked:ComboAttacks"],"picked":"theMarked:Generate","floor":7},{"not_picked":["theMarked:DeterminationOfTheMarked","theMarked:GodGivenPower"],"picked":"theMarked:Convert","floor":8},{"not_picked":["theMarked:ElectricStrings","theMarked:UnarmedFury","theMarked:RogueSparks"],"picked":"SKIP","floor":10},{"not_picked":["theMarked:WastefulDefense","theMarked:BanishingStrike"],"picked":"theMarked:EmpowerWeapon","floor":13},{"not_picked":["theMarked:ElectricStrings","theMarked:HeightenedSenses","theMarked:BanishingWave"],"picked":"SKIP","floor":14},{"not_picked":["theMarked:Snap","theMarked:Challenge"],"picked":"theMarked:SoldierForm","floor":16},{"not_picked":["theMarked:ComboAttacks","theMarked:Improvise"],"picked":"theMarked:TakeCover+1","floor":18},{"not_picked":["theMarked:Static+1","theMarked:Generate","theMarked:ResourceFulStrike+1"],"picked":"SKIP","floor":19},{"not_picked":["theMarked:HeightenedSenses","theMarked:ContemptForTheProud","theMarked:ChainLightning+1"],"picked":"SKIP","floor":24},{"not_picked":["theMarked:MysticalArsenal","theMarked:RepellingDischarge+1"],"picked":"theMarked:ComboAttacks","floor":29},{"not_picked":["theMarked:EnhanceMovement","theMarked:Indomitable","theMarked:ChainLightning+1"],"picked":"Singing Bowl","floor":31},{"not_picked":["theMarked:Defy","theMarked:MuscleMemory"],"picked":"theMarked:EternalStudent","floor":33},{"not_picked":["theMarked:Aftermath+1","theMarked:WastefulDefense+1","theMarked:Seal"],"picked":"Singing Bowl","floor":35},{"not_picked":["theMarked:HeritageOfTheMarked","theMarked:Static","theMarked:ReduceFriction+1"],"picked":"Singing Bowl","floor":36},{"not_picked":["theMarked:WastefulDefense+1","theMarked:Indomitable+1"],"picked":"theMarked:EmpowerWeapon+1","floor":39},{"not_picked":["theMarked:EnhanceMovement+1","theMarked:Improvise+1","theMarked:Convert+1"],"picked":"Singing Bowl","floor":39}],"player_experience":616780,"relics_obtained":[{"floor":6,"key":"Tiny Chest"},{"floor":9,"key":"HornCleat"},{"floor":10,"key":"sneckomod:BlankCard"},{"floor":14,"key":"Sundial"},{"floor":24,"key":"Mummified Hand"},{"floor":26,"key":"Regal Pillow"},{"floor":27,"key":"InkBottle"},{"floor":29,"key":"MawBank"},{"floor":31,"key":"Singing Bowl"},{"floor":34,"key":"Bag of Preparation"},{"floor":34,"key":"Gremlin Horn"},{"floor":34,"key":"Peace Pipe"},{"floor":36,"key":"Prayer Wheel"}],"event_choices":[{"damage_healed":0,"gold_gain":75,"player_choice":"Gather Gold","damage_taken":11,"max_hp_gain":0,"max_hp_loss":0,"event_name":"World of Goop","floor":4,"gold_loss":0},{"damage_healed":0,"gold_gain":0,"player_choice":"Simplicity","damage_taken":0,"max_hp_gain":0,"max_hp_loss":0,"event_name":"Back to Basics","floor":20,"gold_loss":0,"cards_upgraded":["theMarked:Strike","theMarked:Strike","theMarked:Strike","theMarked:Defend","theMarked:Defend","theMarked:Defend","theMarked:Defend"]},{"damage_healed":0,"gold_gain":0,"player_choice":"Ignored","damage_taken":0,"max_hp_gain":0,"max_hp_loss":0,"event_name":"Vampires","floor":21,"gold_loss":0},{"damage_healed":0,"gold_gain":0,"player_choice":"Upgraded","damage_taken":0,"max_hp_gain":0,"max_hp_loss":0,"event_name":"Upgrade Shrine","floor":22,"gold_loss":0,"cards_upgraded":["theMarked:EmpowerWeapon"]},{"damage_healed":0,"gold_gain":0,"player_choice":"Fight","damage_taken":0,"max_hp_gain":0,"max_hp_loss":0,"event_name":"Mysterious Sphere","floor":36,"gold_loss":0},{"damage_healed":0,"gold_gain":0,"player_choice":"Paid","damage_taken":0,"relics_obtained":["Red Mask"],"max_hp_gain":0,"max_hp_loss":0,"event_name":"Tomb of Lord Red Mask","floor":38,"gold_loss":60},{"damage_healed":0,"gold_gain":0,"player_choice":"Forge","damage_taken":0,"max_hp_gain":0,"max_hp_loss":0,"event_name":"Accursed Blacksmith","floor":40,"gold_loss":0,"cards_upgraded":["theMarked:ComboAttacks"]}],"is_beta":false,"boss_relics":[{"not_picked":["theMarked:BronzeBlade","Cursed Key"],"picked":"Tiny House"},{"not_picked":["Runic Pyramid","SlaversCollar"],"picked":"Calling Bell"}],"items_purged_floors":[11,30,30,37],"is_endless":false,"potions_floor_spawned":[1,5,7,14,16,18,31],"killed_by":"Nemesis","ascension_level":3}}