{"host":"0dvp4uxbao5ucv2j","time":1609680396,"event":{"mods":["AchievementEnabler","Act Like it!","Aspiration","BaseMod","Beaked The Cultist","BetterRewards","DNKmod","DNKmod Update","Downfall","Friendly Minions","GifTheSpireLib","Hallownest","Hubris","Infinite Spire","Minty Spire (QoL Compilation)","Replay The Spire","StSLib","???Mod??????Boss"],"gold_per_floor":[10014,10014,9531,8580,8580,8580,8598,8612,8635,7866,7895,7910,7937,6940,6940,7036,7036,7053,7068,7068,7079,5998,5998,5998,6008,6035,6035,6064,5581,5605,5638,5638,5764,5764,5764],"floor_reached":34,"playtime":1824,"items_purged":["Strike_B","Defend_B","Strike_B","Strike_B","Strike_B","Defend_B"],"score":544,"play_id":"78e85486-3609-4ec1-aa5d-0d11ae84abc8","local_time":"20210103142636","is_ascension_mode":true,"campfire_choices":[{"floor":6.0,"key":"RECALL"},{"data":"infinitespire:Execution","floor":32.0,"key":"SMITH"}],"circlet_count":0,"master_deck":["Defend_B","Defend_B","Zap","Dualcast","ReplayTheSpireMod:Private Reserves+1","Rebound","hubris:InfiniteBlow","hubris:PowerSurge","Discovery","Gash","Go for the Eyes","Steam","Gash","Steam","Gash","Sweeping Beam","Rebound","Steam","Gash","Rebound","Hologram","Flash of Steel","Transmutation","Dark Shackles","Master of Strategy","Reboot","Stack+1","ReplayGash","infinitespire:Execution+1","Transmutation","expansioncontent:CaCaw","Reinforced Body","Stack","Static Discharge+1","Streamline","Reboot"],"relics":["Cracked Core","Sling","Replay:Mystery Machine","Mango","aspiration:ArtOfWarUpgrade","TheAbacus","Orichalcum","Gambling Chip","beaked:ShinyBauble","ReplayTheSpireMod:TigerMarble","Mercury Hourglass","Bottled Flame","ReplayTheSpireMod:ShopPack","hubris:ScarierMask","Unceasing Top","aspiration:Nostalgia","Slimebound:AbsorbEndCombat","aspiration:TomeofQuesting","Ginger","Ornamental Fan","infinitespire:Satchel","Bronze Scales","Pen Nib","Replay:Bandana"],"acts_visited":["Exordium","TheCity"],"potions_floor_usage":[],"damage_taken":[{"damage":0.0,"enemies":"Cultist","floor":1.0,"turns":3.0},{"damage":0.0,"enemies":"2 Louse","floor":7.0,"turns":2.0},{"damage":0.0,"enemies":"Jaw Worm","floor":8.0,"turns":2.0},{"damage":5.0,"enemies":"3 Sentries","floor":11.0,"turns":4.0},{"damage":6.0,"enemies":"Exordium Wildlife","floor":12.0,"turns":2.0},{"damage":25.0,"enemies":"The Guardian","floor":16.0,"turns":5.0},{"damage":0.0,"enemies":"3 Byrds","floor":18.0,"turns":2.0},{"damage":0.0,"enemies":"Shell Parasite","floor":19.0,"turns":3.0},{"damage":16.0,"enemies":"Snecko","floor":21.0,"turns":4.0},{"damage":0.0,"enemies":"3 Cultists","floor":25.0,"turns":4.0},{"damage":19.0,"enemies":"Nightmare","floor":28.0,"turns":6.0},{"damage":0.0,"enemies":"Centurion and Healer","floor":30.0,"turns":3.0},{"damage":0.0,"enemies":"Chosen and Byrds","floor":31.0,"turns":3.0},{"damage":17.0,"enemies":"Collector","floor":33.0,"turns":6.0}],"seed_played":"2524802459324534726","potions_obtained":[{"floor":8.0,"key":"sneckomod:MuddlingPotion"},{"floor":18.0,"key":"Elixir"},{"floor":21.0,"key":"Fire Potion"},{"floor":28.0,"key":"SkillPotion"}],"is_trial":false,"path_per_floor":["M","?","?","$","T","R","M","M","T","$","E","M","T","$","R","B",null,"M","M","AVR","M","$","R","T","M","T","?","NM","$","M","M","R","B",null],"character_chosen":"DEFECT","items_purchased":["Sling","Replay:Mystery Machine","Mango","hubris:PowerSurge","Discovery","Gash","Go for the Eyes","Steam","TheAbacus","Orichalcum","Gambling Chip","Gash","Sweeping Beam","Mercury Hourglass","Gash","Rebound","Hologram","Flash of Steel","Bottled Flame","ReplayTheSpireMod:ShopPack","aspiration:Nostalgia","aspiration:TomeofQuesting","Ginger","Transmutation","expansioncontent:CaCaw","Reinforced Body","Pen Nib","Replay:Bandana"],"campfire_rested":0,"item_purchase_floors":[4,4,4,4,4,4,4,4,10,10,10,10,10,14,14,14,14,14,14,14,22,22,22,22,22,22,29,29],"current_hp_per_floor":[120,120,120,134,134,134,134,134,134,134,129,123,123,123,123,106,134,134,134,134,118,118,118,118,118,118,118,99,99,99,99,99,86,86,86],"gold":5764,"neow_bonus":"RANDOM_COLORLESS","is_daily":false,"chose_seed":false,"campfire_upgraded":1,"win_rate":0.0,"timestamp":1609680396,"path_taken":["M","?","?","$","?","R","M","?","T","$","E","M","?","$","R","BOSS","M","M","AVR","M","$","R","?","M","T","?","NM","$","M","?","R","BOSS"],"items_purchased_type":["Relic","Relic","Relic","Card","Card","Card","Card","Card","Relic","Relic","Relic","Card","Card","Relic","Card","Card","Card","Card","Relic","Relic","Relic","Relic","Relic","Card","Card","Card","Relic","Relic"],"build_version":"2020-12-22","purchased_purges":6,"victory":false,"max_hp_per_floor":[120,120,120,134,134,134,134,134,134,134,134,134,134,134,134,134,134,134,134,134,134,134,134,134,134,134,134,134,134,134,134,134,134,134,134],"card_choices":[{"not_picked":["Finesse","expansioncontent:Hexaburn"],"picked":"ReplayTheSpireMod:Private Reserves","floor":0.0},{"not_picked":["Cold Snap","Defragment"],"picked":"Rebound","floor":1.0},{"not_picked":["ReplayTheSpireMod:Echoes of Time","ReplayTheSpireMod:??????????????????????"],"picked":"hubris:InfiniteBlow","floor":3.0},{"not_picked":["Redo","Cold Snap"],"picked":"Gash","floor":7.0},{"not_picked":["BasicCrystalCard","Stack"],"picked":"Steam","floor":8.0},{"not_picked":["Fusion","Rip and Tear"],"picked":"Rebound","floor":11.0},{"not_picked":["Hologram","Auto Shields"],"picked":"Steam","floor":12.0},{"not_picked":["ReplayTheSpireMod:Brewmster","expansioncontent:DashGenerateEvil"],"picked":"Transmutation","floor":14.0},{"not_picked":["expansioncontent:DonusPower","expansioncontent:FaceSlap"],"picked":"Dark Shackles","floor":14.0},{"not_picked":["expansioncontent:SlimeTackle","Purity"],"picked":"Master of Strategy","floor":14.0},{"not_picked":["hubris:Prefetch","ReplayTheSpireMod:Fabricate Wheel"],"picked":"Reboot","floor":16.0},{"not_picked":["Go for the Eyes","Turbo"],"picked":"Stack+1","floor":18.0},{"not_picked":["Lockon","Rebound"],"picked":"ReplayGash","floor":19.0},{"not_picked":["Steam","Glacier","Go for the Eyes+1"],"picked":"SKIP","floor":21.0},{"not_picked":["Redo","Cold Snap"],"picked":"Stack","floor":25.0},{"not_picked":["Rebound+1","Defragment"],"picked":"Static Discharge+1","floor":28.0},{"not_picked":["Beam Cell","Barrage","Sweeping Beam"],"picked":"SKIP","floor":30.0},{"not_picked":["Beam Cell","Electrodynamics"],"picked":"Streamline","floor":31.0},{"not_picked":["ReplayRNGCard","Hyperbeam"],"picked":"Reboot","floor":33.0}],"player_experience":133297,"relics_obtained":[{"floor":9.0,"key":"Art of War"},{"floor":11.0,"key":"beaked:ShinyBauble"},{"floor":13.0,"key":"ReplayTheSpireMod:TigerMarble"},{"floor":24.0,"key":"Ornamental Fan"},{"floor":26.0,"key":"infinitespire:Satchel"},{"floor":28.0,"key":"Bronze Scales"}],"event_choices":[{"damage_healed":0.0,"max_hp_gain":0.0,"max_hp_loss":0.0,"gold_gain":0.0,"event_name":"Living Wall","player_choice":"Grow","floor":2.0,"gold_loss":0.0,"damage_taken":0.0,"cards_upgraded":["ReplayTheSpireMod:Private Reserves"]},{"damage_healed":0.0,"max_hp_gain":0.0,"max_hp_loss":0.0,"gold_gain":0.0,"event_name":"The Woman in Blue","player_choice":"Bought 0 Potions","floor":27.0,"gold_loss":0.0,"damage_taken":0.0}],"is_beta":false,"boss_relics":[{"not_picked":["aspiration:FutureDiary","Inserter"],"picked":"hubris:ScarierMask"}],"items_purged_floors":[4,10,14,20,22,29],"is_endless":true,"potions_floor_spawned":[8,18,21,28,31],"ascension_level":4}}