{"host":"m77rrhbqzv44va4v","time":1609677996,"event":{"mods":["AchievementEnabler","BaseMod","Colored Map","DeckTracker","Keyboard Shortcuts","Minty Spire (QoL Compilation)","StSLib","SuperFastMode","everything is the same but u backflip on backflip"],"gold_per_floor":[109,109,109,124,49,81,81,107,130,1,31,31,31,53,53,127,127,127,127,127,127,127,127,127,127,127,127,127,127,127,127,127,127,127],"floor_reached":33,"playtime":778,"items_purged":["Strike_R"],"score":669,"play_id":"8d988d79-1eee-4e09-993b-f9110e1e940b","local_time":"20210103214636","is_ascension_mode":true,"campfire_choices":[{"data":"Pommel Strike","floor":7.0,"key":"SMITH"},{"floor":13.0,"key":"REST"},{"data":"Offering","floor":15.0,"key":"SMITH"},{"floor":24.0,"key":"REST"},{"floor":32.0,"key":"REST"}],"circlet_count":0,"master_deck":["AscendersBane","Strike_R+1","Strike_R","Strike_R","Defend_R","Defend_R","Defend_R+1","Bash","Carnage","Shrug It Off","Pommel Strike+1","Feed","Shrug It Off","Offering+1","Fiend Fire","Ghostly Armor+1","Power Through+1","Impervious","Fire Breathing","Bloodletting","Metallicize+1"],"relics":["Burning Blood","NeowsBlessing","Omamori","Bronze Scales","Ancient Tea Set","Orichalcum","Odd Mushroom","Ectoplasm","MealTicket","Sundial","Meat on the Bone","CultistMask"],"acts_visited":["Exordium","TheCity"],"potions_floor_usage":[33],"damage_taken":[{"damage":0.0,"enemies":"2 Louse","floor":1.0,"turns":1.0},{"damage":0.0,"enemies":"Jaw Worm","floor":4.0,"turns":1.0},{"damage":0.0,"enemies":"3 Sentries","floor":6.0,"turns":2.0},{"damage":32.0,"enemies":"Lagavulin","floor":8.0,"turns":5.0},{"damage":20.0,"enemies":"3 Sentries","floor":11.0,"turns":8.0},{"damage":6.0,"enemies":"The Mushroom Lair","floor":14.0,"turns":3.0},{"damage":59.0,"enemies":"Slime Boss","floor":16.0,"turns":13.0},{"damage":6.0,"enemies":"Spheric Guardian","floor":18.0,"turns":3.0},{"damage":13.0,"enemies":"Shell Parasite","floor":20.0,"turns":3.0},{"damage":18.0,"enemies":"Snake Plant","floor":21.0,"turns":5.0},{"damage":16.0,"enemies":"Shelled Parasite and Fungi","floor":22.0,"turns":6.0},{"damage":43.0,"enemies":"Slavers","floor":23.0,"turns":6.0},{"damage":6.0,"enemies":"Centurion and Healer","floor":25.0,"turns":5.0},{"damage":3.0,"enemies":"Snake Plant","floor":27.0,"turns":5.0},{"damage":14.0,"enemies":"Chosen and Byrds","floor":28.0,"turns":3.0},{"damage":21.0,"enemies":"Gremlin Leader","floor":29.0,"turns":5.0},{"damage":16.0,"enemies":"Sentry and Sphere","floor":30.0,"turns":4.0},{"damage":100,"enemies":"Collector","floor":33,"turns":13}],"seed_played":"3622546490886532086","potions_obtained":[{"floor":1.0,"key":"BlessingOfTheForge"},{"floor":4.0,"key":"BlessingOfTheForge"},{"floor":8.0,"key":"Fruit Juice"},{"floor":11.0,"key":"BloodPotion"},{"floor":18.0,"key":"FairyPotion"},{"floor":20.0,"key":"Swift Potion"},{"floor":30.0,"key":"DuplicationPotion"}],"is_trial":false,"path_per_floor":["M","?","?","M","?","E","R","E","T","$","E","$","R","?","R","B",null,"M","?","M","M","M","E","R","M","T","M","M","E","M","?","R","B"],"character_chosen":"IRONCLAD","items_purchased":["Shrug It Off"],"campfire_rested":3,"item_purchase_floors":[10],"current_hp_per_floor":[74,51,44,50,50,56,56,35,35,35,24,24,48,51,51,18,71,71,71,67,58,48,11,39,39,39,42,34,19,24,24,53,0,0],"gold":127,"neow_bonus":"THREE_ENEMY_KILL","is_daily":false,"chose_seed":false,"campfire_upgraded":2,"win_rate":0.0,"timestamp":1609677996,"path_taken":["M","?","?","M","?","E","R","E","T","?","E","$","R","?","R","BOSS","M","?","M","M","M","E","R","M","T","M","?","E","M","?","R","BOSS"],"items_purchased_type":["Card"],"build_version":"2020-12-22","purchased_purges":1,"victory":false,"max_hp_per_floor":[75,75,75,75,75,75,75,80,80,80,83,83,83,86,86,89,89,89,89,92,95,95,95,95,95,95,95,95,95,98,98,98,98,98],"card_choices":[{"not_picked":["Flex","Anger"],"picked":"Carnage","floor":1.0},{"not_picked":["Clothesline","Armaments"],"picked":"Shrug It Off","floor":4.0},{"not_picked":["Searing Blow","Headbutt"],"picked":"Pommel Strike","floor":6.0},{"not_picked":["Infernal Blade","Entrench"],"picked":"Feed","floor":8.0},{"not_picked":["Ghostly Armor","Battle Trance"],"picked":"Offering","floor":11.0},{"not_picked":["Double Tap","Limit Break"],"picked":"Fiend Fire","floor":16.0},{"not_picked":["Flex","Body Slam","Anger"],"picked":"SKIP","floor":18.0},{"not_picked":["Body Slam","Dual Wield"],"picked":"Ghostly Armor+1","floor":20.0},{"not_picked":["Dropkick","Armaments","Headbutt"],"picked":"SKIP","floor":21.0},{"not_picked":["Clash","Wild Strike","Sentinel"],"picked":"SKIP","floor":22.0},{"not_picked":["Clothesline","Ghostly Armor"],"picked":"Power Through+1","floor":23.0},{"not_picked":["Clash","Uppercut"],"picked":"Impervious","floor":25.0},{"not_picked":["Shockwave","Searing Blow"],"picked":"Fire Breathing","floor":27.0},{"not_picked":["Ghostly Armor","Cleave+1","Heavy Blade"],"picked":"SKIP","floor":28.0},{"not_picked":["Havoc","Wild Strike"],"picked":"Bloodletting","floor":29.0},{"not_picked":["Dual Wield","Pommel Strike+1"],"picked":"Metallicize+1","floor":30.0}],"player_experience":876413,"relics_obtained":[{"floor":6.0,"key":"Omamori"},{"floor":8.0,"key":"Bronze Scales"},{"floor":9.0,"key":"Ancient Tea Set"},{"floor":11.0,"key":"Orichalcum"},{"floor":14.0,"key":"Odd Mushroom"},{"floor":23.0,"key":"MealTicket"},{"floor":26.0,"key":"Sundial"},{"floor":29.0,"key":"Meat on the Bone"}],"event_choices":[{"damage_healed":0.0,"max_hp_gain":0.0,"max_hp_loss":0.0,"gold_gain":0.0,"event_name":"Shining Light","player_choice":"Entered Light","floor":2.0,"gold_loss":0.0,"damage_taken":23.0,"cards_upgraded":["Defend_R","Strike_R"]},{"cards_removed":["Strike_R"],"damage_healed":0.0,"max_hp_gain":0.0,"max_hp_loss":0.0,"gold_gain":0.0,"event_name":"Golden Wing","player_choice":"Card Removal","floor":3.0,"gold_loss":0.0,"damage_taken":7.0},{"cards_removed":["Defend_R"],"damage_healed":0.0,"max_hp_gain":0.0,"max_hp_loss":0.0,"gold_gain":0.0,"event_name":"The Cleric","player_choice":"Card Removal","floor":5.0,"gold_loss":75.0,"damage_taken":0.0},{"damage_healed":0.0,"max_hp_gain":0.0,"max_hp_loss":0.0,"gold_gain":0.0,"event_name":"Mushrooms","player_choice":"Fought Mushrooms","floor":14.0,"gold_loss":0.0,"damage_taken":0.0},{"damage_healed":0.0,"max_hp_gain":0.0,"max_hp_loss":0.0,"gold_gain":0.0,"event_name":"N\u0027loth","player_choice":"Ignored","floor":19.0,"gold_loss":0.0,"damage_taken":0.0},{"damage_healed":0.0,"max_hp_gain":0.0,"max_hp_loss":0.0,"gold_gain":0.0,"event_name":"FaceTrader","player_choice":"Trade","floor":31.0,"gold_loss":0.0,"damage_taken":0.0,"relics_obtained":["CultistMask"]}],"is_beta":false,"boss_relics":[{"not_picked":["Pandora\u0027s Box","Runic Cube"],"picked":"Ectoplasm"}],"items_purged_floors":[10],"is_endless":false,"potions_floor_spawned":[1,4,8,11,18,20,25,30],"killed_by":"Collector","ascension_level":19}}