{"host":"bfxt97i6dl81mvg3","time":1609651100,"event":{"mods":["BaseMod","Colored Map","Minty Spire (QoL Compilation)","Relic Stats","Slay the Relics Exporter","StSLib","everything is the same but u backflip on backflip"],"gold_per_floor":[109,18,193,127,141,170,34,34,34,53,79,107,140,140,140,140,140],"floor_reached":16,"playtime":507,"items_purged":[],"score":116,"play_id":"ed540569-4d7e-4b03-9690-eaee20975409","local_time":"20210102231820","is_ascension_mode":false,"campfire_choices":[{"data":"Limit Break","floor":8,"key":"SMITH"},{"floor":15,"key":"REST"}],"circlet_count":0,"master_deck":["Strike_R","Strike_R","Strike_R","Strike_R","Strike_R","Defend_R","Defend_R","Defend_R","Defend_R","Bash","Flash of Steel","Doubt","Battle Trance","Limit Break+1"],"relics":["Burning Blood","Ice Cream","Gremlin Horn","Shuriken","Letter Opener","Paper Frog","Odd Mushroom","Question Card","Golden Idol"],"acts_visited":["Exordium"],"potions_floor_usage":[6,11,13,13],"damage_taken":[{"damage":0,"enemies":"2 Louse","floor":1,"turns":2},{"damage":6,"enemies":"Cultist","floor":5,"turns":3},{"damage":41,"enemies":"3 Sentries","floor":6,"turns":10},{"damage":0,"enemies":"Small Slimes","floor":10,"turns":3},{"damage":3,"enemies":"Lagavulin","floor":11,"turns":5},{"damage":23,"enemies":"The Mushroom Lair","floor":12,"turns":4},{"damage":15,"enemies":"Gremlin Nob","floor":13,"turns":4},{"damage":44,"enemies":"The Guardian","floor":16,"turns":9}],"seed_played":"4708114556107127190","potions_obtained":[{"floor":5,"key":"EssenceOfSteel"},{"floor":6,"key":"SkillPotion"},{"floor":11,"key":"Weak Potion"},{"floor":12,"key":"ColorlessPotion"}],"is_trial":false,"path_per_floor":["M","$","?","?","M","E","$","R","T","M","E","?","E","?","R","B"],"character_chosen":"IRONCLAD","items_purchased":["Flash of Steel","Limit Break"],"campfire_rested":1,"item_purchase_floors":[2,7],"current_hp_per_floor":[72,72,72,72,72,37,37,37,37,43,46,29,20,20,40,0,0],"gold":140,"neow_bonus":"ONE_RARE_RELIC","is_daily":false,"chose_seed":false,"campfire_upgraded":1,"win_rate":0.0,"timestamp":1609651100,"path_taken":["M","$","?","?","M","E","$","R","T","?","E","?","E","?","R","BOSS"],"items_purchased_type":["Card","Card"],"build_version":"2020-12-22","purchased_purges":0,"victory":false,"max_hp_per_floor":[72,72,72,72,72,72,72,72,72,72,72,72,72,67,67,67,67],"relic_stats":{"Gremlin Horn":[4,5],"counters":[8,40],"Shuriken":[12],"Golden Idol":0,"Letter Opener":[10],"Question Card":0,"obtain_stats":[{"Ice Cream":0,"Gremlin Horn":4,"Shuriken":6,"Golden Idol":14,"Letter Opener":9,"Odd Mushroom":12,"Question Card":13,"Burning Blood":0,"Paper Frog":11},{"Ice Cream":0,"Gremlin Horn":1,"Shuriken":3,"Golden Idol":7,"Letter Opener":3,"Odd Mushroom":6,"Question Card":7,"Burning Blood":0,"Paper Frog":5},{"Ice Cream":0,"Gremlin Horn":2,"Shuriken":15,"Golden Idol":31,"Letter Opener":15,"Odd Mushroom":27,"Question Card":31,"Burning Blood":0,"Paper Frog":23}],"Burning Blood":36},"card_choices":[{"not_picked":["True Grit","Pommel Strike","Heavy Blade"],"picked":"SKIP","floor":1},{"not_picked":["Armaments","Evolve","Pommel Strike"],"picked":"SKIP","floor":5},{"not_picked":["Perfected Strike","Brutality"],"picked":"Battle Trance","floor":6},{"not_picked":["Shrug It Off","Cleave","Flame Barrier"],"picked":"SKIP","floor":10},{"not_picked":["Anger","Battle Trance","Headbutt"],"picked":"SKIP","floor":11},{"not_picked":["Feel No Pain","Clothesline","Body Slam"],"picked":"SKIP","floor":13}],"player_experience":292073,"relics_obtained":[{"floor":6,"key":"Shuriken"},{"floor":9,"key":"Letter Opener"},{"floor":11,"key":"Paper Frog"},{"floor":12,"key":"Odd Mushroom"},{"floor":13,"key":"Question Card"}],"event_choices":[{"damage_healed":0,"gold_gain":175,"player_choice":"AGREE","damage_taken":0,"max_hp_gain":0,"max_hp_loss":0,"event_name":"Liars Game","floor":3,"gold_loss":0,"cards_obtained":["Doubt"]},{"damage_healed":0,"gold_gain":0,"player_choice":"Paid Gold","damage_taken":0,"relics_obtained":["Gremlin Horn"],"max_hp_gain":0,"max_hp_loss":0,"event_name":"WeMeetAgain","floor":4,"gold_loss":66},{"damage_healed":0,"gold_gain":0,"player_choice":"Fought Mushrooms","damage_taken":0,"max_hp_gain":0,"max_hp_loss":0,"event_name":"Mushrooms","floor":12,"gold_loss":0},{"damage_healed":0,"gold_gain":0,"player_choice":"Lose Max HP","damage_taken":0,"relics_obtained":["Golden Idol"],"max_hp_gain":0,"max_hp_loss":5,"event_name":"Golden Idol","floor":14,"gold_loss":0}],"is_beta":false,"boss_relics":[],"items_purged_floors":[],"is_endless":false,"potions_floor_spawned":[5,6,11,12],"killed_by":"The Guardian","ascension_level":0}}