{"host":"oqhjdqr9xcmboomw","time":1609696743,"event":{"mods":["2.2 Compatiblity","AchievementEnabler","Act Like it!","Aspiration","BaseMod","Beaked The Cultist","Better Third Choice","Conjunction","Conspire","Disable Question Mark Monsters","Downfall","Elementarium","Energized Spire","GifTheSpireLib","Halation","Hallownest","Hermit","Hubris","Infinite Spire","Jorbs\u0027s Wanderer Trilogy","Mimic Mod","Minty Spire (QoL Compilation)","Random Character Button","Rare Cards Sparkle","Replay The Spire","Spicy Shops","Spikes Relics","StSLib","Stuff the Spire","The Blackbeard","The Blue Laboratory","The Cursed","The Disciple","The Gatherer","The Hierophant","The Judge","The Mystic","The Saiyan","The Wild Card","Unceasing Turn Reminder","Wandering Minibosses","vexMod"],"gold_per_floor":[118,118,92,108,31,57,76,104,129,168,198,198,210,19,19,19,19],"floor_reached":16,"playtime":703,"items_purged":[],"score":193,"play_id":"7e271f77-ec59-470d-bed2-22128e8c975a","local_time":"20210103125903","is_ascension_mode":true,"campfire_choices":[{"data":"Evaluate","floor":12,"key":"SMITH"},{"floor":15,"key":"REST"}],"circlet_count":0,"master_deck":["Strike_P","Strike_P","Strike_P","Strike_P","Defend_P","Defend_P","Defend_P","Defend_P","Eruption","Vigilance","MentalFortress","Prostrate","CarveReality","FearNoEvil","Prostrate","Prostrate","Replay:AtTheReady","Evaluate+1","Fasting2","BattleHymn"],"relics":["PureWater","aspiration:Nostalgia","WordoMod:Effigy","Bottled Flame","LugNut","Centennial Puzzle","aspiration:ChemicalBlood","Replay:Bottled Snecko","StuffTheSpire:Gunfinga"],"acts_visited":["Exordium"],"potions_floor_usage":[8,13,16],"damage_taken":[{"damage":0,"enemies":"conspire:RoseBush","floor":1,"turns":2},{"damage":7,"enemies":"Cultist","floor":4,"turns":3},{"damage":0,"enemies":"Replay:BlueRogue","floor":6,"turns":4},{"damage":0,"enemies":"Jaw Worm","floor":7,"turns":2},{"damage":38,"enemies":"3 Sentries","floor":8,"turns":6},{"damage":0,"enemies":"Lots of Slimes","floor":10,"turns":4},{"damage":5,"enemies":"Lagavulin","floor":11,"turns":5},{"damage":5,"enemies":"Lots of Slimes","floor":13,"turns":5},{"damage":55,"enemies":"Slime Boss","floor":16,"turns":3}],"seed_played":"-6506148649647405447","potions_obtained":[{"floor":4,"key":"blueLaboratory:PressurePotion"},{"floor":11,"key":"Swift Potion"},{"floor":13,"key":"Explosive Potion"}],"is_trial":false,"path_per_floor":["M","?","$","M","$","E","M","E","T","MIM","E","R","M","$","R","B"],"character_chosen":"WATCHER","items_purchased":["Prostrate","FearNoEvil","BattleHymn","StuffTheSpire:Gunfinga"],"campfire_rested":1,"item_purchase_floors":[3,5,14,14],"current_hp_per_floor":[65,65,65,58,58,58,58,20,20,20,15,15,10,10,31,0,0],"gold":19,"neow_bonus":"NOSTALGIA","is_daily":false,"chose_seed":false,"campfire_upgraded":1,"win_rate":0.0,"timestamp":1609696743,"path_taken":["M","?","$","M","$","E","?","E","T","?","E","R","M","$","R","BOSS"],"items_purchased_type":["Card","Card","Card","Relic"],"build_version":"2020-12-22","purchased_purges":0,"victory":false,"max_hp_per_floor":[72,72,72,72,72,72,72,72,72,72,72,72,72,72,72,72,72],"card_choices":[{"not_picked":["Protect","WindmillStrike"],"picked":"MentalFortress","floor":1},{"not_picked":["SignatureMove","Protect"],"picked":"CarveReality","floor":4},{"not_picked":["BowlingBash","FlyingSleeves"],"picked":"Prostrate","floor":6},{"not_picked":["Worship","PathToVictory","Sanctity"],"picked":"SKIP","floor":7},{"not_picked":["ForeignInfluence","Conclude"],"picked":"Prostrate","floor":8},{"not_picked":["FlyingSleeves","Wallop"],"picked":"Replay:AtTheReady","floor":10},{"not_picked":["Crescendo","Halt"],"picked":"Evaluate","floor":11},{"not_picked":["EmptyBody","CrushJoints"],"picked":"Fasting2","floor":13}],"player_experience":1068117,"relics_obtained":[{"floor":6,"key":"Bottled Flame"},{"floor":8,"key":"LugNut"},{"floor":9,"key":"Centennial Puzzle"},{"floor":10,"key":"aspiration:ChemicalBlood"},{"floor":11,"key":"Replay:Bottled Snecko"}],"event_choices":[{"damage_healed":0,"gold_gain":0,"player_choice":"Bought 0 Potions","damage_taken":0,"max_hp_gain":0,"max_hp_loss":0,"event_name":"The Woman in Blue","floor":2,"gold_loss":0}],"is_beta":false,"boss_relics":[],"items_purged_floors":[],"is_endless":false,"potions_floor_spawned":[4,11,13],"killed_by":"Slime Boss","ascension_level":7}}