{"host":"eketvm4dld8igxnv","time":1609657113,"event":{"mods":["BaseMod","Better Skull","Better Third Choice","Googly Eyes","Hermit","Minty Spire (QoL Compilation)","StSLib"],"gold_per_floor":[365,26,0,0,0,0,31,31,31,63,73,92,92,117,117,221,221,247,247,162,177,33,59,59,59],"floor_reached":24,"playtime":4497,"items_purged":[],"score":294,"play_id":"64df0f0d-fed2-4eaa-a844-508f7699eef3","local_time":"20210103015833","is_ascension_mode":true,"campfire_choices":[{"floor":6,"key":"REST"},{"floor":8,"key":"REST"},{"floor":15,"key":"REST"}],"circlet_count":0,"master_deck":["hermit:Strike_Hermit","hermit:Strike_Hermit","hermit:Strike_Hermit","hermit:Strike_Hermit","hermit:Defend_Hermit","hermit:Defend_Hermit","hermit:Defend_Hermit","hermit:Defend_Hermit","hermit:Snapshot","hermit:Covet","hermit:Maintenance+1","hermit:Maintenance+1","Enlightenment+1","hermit:DeadMansHand+1","hermit:CursedWeapon","hermit:TakeCover+1","hermit:Scavenge+1","Impatience+1","hermit:GhostlyPresence+1","hermit:Dissolve+1","hermit:EyeOfTheStorm+1","hermit:LoneWolf+1","hermit:Magnum+1","hermit:HighCaliber","hermit:Shortfuse"],"relics":["hermit:Momento","Toxic Egg 2","betterThird:SlimedRelic","Du-Vu Doll","Matryoshka","Girya","Shovel","Astrolabe","Tiny Chest","hermit:RyeStalk","Frozen Egg 2"],"acts_visited":["Exordium","TheCity"],"potions_floor_usage":[14,14,14,18,23,24],"damage_taken":[{"damage":1,"enemies":"Jaw Worm","floor":1,"turns":4},{"damage":18,"enemies":"Gremlin Nob","floor":7,"turns":4},{"damage":36,"enemies":"Lagavulin","floor":10,"turns":7},{"damage":6,"enemies":"2 Louse","floor":11,"turns":2},{"damage":2,"enemies":"Cultist","floor":12,"turns":4},{"damage":19,"enemies":"3 Sentries","floor":14,"turns":7},{"damage":2,"enemies":"Hexaghost","floor":16,"turns":15},{"damage":31,"enemies":"3 Byrds","floor":18,"turns":8},{"damage":12,"enemies":"Spheric Guardian","floor":21,"turns":3},{"damage":27,"enemies":"Gremlin Leader","floor":23,"turns":8},{"damage":15,"enemies":"Centurion and Healer","floor":24,"turns":6}],"seed_played":"-7716532280376633672","potions_obtained":[{"floor":1,"key":"hermit:BlackBile"},{"floor":11,"key":"ColorlessPotion"},{"floor":12,"key":"hermit:BlackBile"},{"floor":16,"key":"Explosive Potion"},{"floor":21,"key":"Block Potion"},{"floor":23,"key":"FearPotion"}],"is_trial":false,"path_per_floor":["M","$","?","?","?","R","E","R","T","E","M","M","?","E","R","B",null,"M","?","?","M","$","E","M"],"character_chosen":"HERMIT","items_purchased":["Toxic Egg 2","hermit:Maintenance+1","hermit:Ricochet","hermit:RyeStalk"],"campfire_rested":3,"item_purchase_floors":[2,2,2,22],"current_hp_per_floor":[53,53,42,42,48,72,54,78,78,42,36,34,34,15,39,37,81,50,50,50,38,38,11,0,0],"gold":59,"neow_bonus":"TWO_FIFTY_GOLD","is_daily":false,"chose_seed":false,"campfire_upgraded":0,"win_rate":0.0,"timestamp":1609657113,"path_taken":["M","$","?","?","?","R","E","R","T","E","M","M","?","E","R","BOSS","M","?","?","M","?","E","M"],"items_purchased_type":["Relic","Card","Card","Relic"],"build_version":"2020-12-22","purchased_purges":0,"victory":false,"max_hp_per_floor":[75,75,75,75,81,81,81,81,81,81,81,81,81,81,81,81,81,81,81,81,81,81,81,81,81],"card_choices":[{"not_picked":["hermit:HighCaliber","hermit:Feint"],"picked":"hermit:Maintenance","floor":1},{"not_picked":["hermit:Spite","hermit:LoneWolf+1"],"picked":"hermit:DeadMansHand+1","floor":7},{"not_picked":["hermit:LowProfile+1","hermit:Brawl"],"picked":"hermit:CursedWeapon","floor":10},{"not_picked":["hermit:NoHoldsBarred","hermit:Ricochet"],"picked":"hermit:DeadMansHand+1","floor":11},{"not_picked":["hermit:Desperado","hermit:Vantage+1"],"picked":"hermit:TakeCover+1","floor":12},{"not_picked":["hermit:Quickdraw","hermit:Roulette"],"picked":"hermit:GhostlyPresence+1","floor":14},{"not_picked":["hermit:FromBeyond+1","hermit:Purgatory"],"picked":"hermit:Dissolve+1","floor":16},{"not_picked":["hermit:TrackingShot","hermit:Dive+1"],"picked":"hermit:HighCaliber","floor":18},{"not_picked":["hermit:SprayPray","hermit:Headshot","hermit:Roulette+1"],"picked":"SKIP","floor":21},{"not_picked":["hermit:GoldenBullet","hermit:WideOpen"],"picked":"hermit:Shortfuse","floor":23}],"player_experience":246123,"relics_obtained":[{"floor":7,"key":"Du-Vu Doll"},{"floor":9,"key":"Matryoshka"},{"floor":10,"key":"Girya"},{"floor":14,"key":"Shovel"},{"floor":23,"key":"Frozen Egg 2"}],"event_choices":[{"damage_healed":0,"gold_gain":0,"player_choice":"Slimed","damage_taken":11,"max_hp_gain":0,"max_hp_loss":0,"event_name":"betterThird:BetterGoop","floor":3,"gold_loss":26},{"damage_healed":0,"gold_gain":0,"player_choice":"Grow","damage_taken":0,"max_hp_gain":0,"max_hp_loss":0,"event_name":"Living Wall","floor":4,"gold_loss":0,"cards_upgraded":["hermit:Maintenance"]},{"damage_healed":0,"gold_gain":0,"player_choice":"RENOUNCE","damage_taken":0,"max_hp_gain":0,"max_hp_loss":0,"event_name":"betterThird:BetterSerpent","floor":5,"gold_loss":0,"cards_obtained":["Enlightenment"]},{"damage_healed":0,"gold_gain":0,"player_choice":"3 cards matched","damage_taken":0,"max_hp_gain":0,"max_hp_loss":0,"event_name":"Match and Keep!","floor":13,"gold_loss":0,"cards_obtained":["hermit:Scavenge","hermit:Desperado","Impatience"]},{"damage_healed":0,"gold_gain":0,"player_choice":"Ignored","damage_taken":0,"max_hp_gain":0,"max_hp_loss":0,"event_name":"Ghosts","floor":19,"gold_loss":0},{"damage_healed":0,"gold_gain":0,"player_choice":"Obtained Relic","damage_taken":0,"relics_obtained":["Tiny Chest"],"max_hp_gain":0,"max_hp_loss":0,"event_name":"Addict","floor":20,"gold_loss":85}],"is_beta":false,"boss_relics":[{"not_picked":["Cursed Key","SlaversCollar"],"picked":"Astrolabe"}],"items_purged_floors":[],"is_endless":false,"potions_floor_spawned":[1,11,12,16,21,23],"killed_by":"Centurion and Healer","ascension_level":1}}