{"host":"am0cr9xwekqmrere","time":1609660529,"event":{"mods":["AchievementEnabler","Act Like it!","BaseMod","Better Altar","Better Match","Better Note","Better Sensory Stone","Better Skull","Better Third Choice","BetterRewards","Conspire","Hubris","Infinite Spire","Minty Spire (QoL Compilation)","Rare Cards Sparkle","Spicy Shops","StSLib","The Marked","Unceasing Turn Reminder"],"gold_per_floor":[114,127,52,52,67,102,102,133,133,133,12,26,36,46,46,148,148,163,173,10,10,10,10],"floor_reached":22,"playtime":980,"items_purged":[],"score":196,"play_id":"fa41a852-647a-4e38-b19a-0e7ff4cda065","local_time":"20210103015529","is_ascension_mode":false,"campfire_choices":[{"floor":7,"key":"REST"},{"floor":10,"key":"REST"},{"floor":15,"key":"REST"}],"circlet_count":0,"master_deck":["theMarked:Strike","theMarked:Strike","theMarked:Strike","theMarked:Strike","theMarked:Strike","theMarked:Defend","theMarked:Defend","theMarked:Defend","theMarked:Defend","theMarked:SoldierOfQuellstein","theMarked:HeightenedSenses","theMarked:EmpowerWeapon","theMarked:TwofoldDefense+1","theMarked:HeightenedSenses","theMarked:WastefulDefense","theMarked:Parry","Shame","theMarked:Parry","theMarked:TwofoldDefense","theMarked:BanishingWave","theMarked:Vacuum","theMarked:AttractMetal+1","theMarked:HeightenedSenses","theMarked:SuspiciousRaven"],"relics":["theMarked:ArtifactOfAir","Potion Belt","Oddly Smooth Stone","Girya","Bird Faced Urn","hubris:Backtick","Membership Card","Medical Kit"],"acts_visited":["Exordium","TheCity"],"potions_floor_usage":[8,16,16,20,22],"damage_taken":[{"damage":0,"enemies":"2 Louse","floor":1,"turns":3},{"damage":1,"enemies":"Cultist","floor":2,"turns":4},{"damage":0,"enemies":"Small Slimes","floor":5,"turns":3},{"damage":67,"enemies":"Lagavulin","floor":6,"turns":11},{"damage":7,"enemies":"3 Sentries","floor":8,"turns":8},{"damage":0,"enemies":"Exordium Wildlife","floor":12,"turns":4},{"damage":5,"enemies":"3 Louse","floor":13,"turns":6},{"damage":6,"enemies":"Blue Slaver","floor":14,"turns":4},{"damage":25,"enemies":"Slime Boss","floor":16,"turns":15},{"damage":43,"enemies":"3 Byrds","floor":18,"turns":10},{"damage":32,"enemies":"Shell Parasite","floor":19,"turns":12},{"damage":29,"enemies":"conspire:MimicChest","floor":22,"turns":8}],"seed_played":"4494147718590261908","potions_obtained":[{"floor":5,"key":"SpeedPotion"},{"floor":6,"key":"Explosive Potion"},{"floor":8,"key":"PowerPotion"},{"floor":12,"key":"Weak Potion"}],"is_trial":false,"path_per_floor":["M","M","?","$","M","E","R","E","T","R","$","M","M","M","R","B",null,"M","M","$","?","?"],"character_chosen":"THE_DEFAULT","items_purchased":["Bird Faced Urn","Fruit Juice","Regen Potion","Medical Kit"],"campfire_rested":3,"item_purchase_floors":[11,20,20,20],"current_hp_per_floor":[77,76,76,76,76,9,32,25,25,48,48,48,43,37,60,37,77,34,2,7,7,0,0],"gold":10,"neow_bonus":"TEN_PERCENT_HP_BONUS","is_daily":false,"chose_seed":false,"campfire_upgraded":0,"win_rate":0.0,"timestamp":1609660529,"path_taken":["M","M","?","$","?","E","R","E","T","R","$","?","M","M","R","BOSS","M","M","$","?","?"],"items_purchased_type":["Relic","Potion","Potion","Relic"],"build_version":"2020-12-22","purchased_purges":0,"victory":false,"max_hp_per_floor":[77,77,77,77,77,77,77,77,77,77,77,77,77,77,77,77,77,77,77,82,82,82,82],"card_choices":[{"not_picked":["theMarked:Convert","theMarked:ContemptForTheProud"],"picked":"theMarked:HeightenedSenses","floor":1},{"not_picked":["theMarked:ElectricStrings","theMarked:Parry"],"picked":"theMarked:EmpowerWeapon","floor":2},{"not_picked":["theMarked:Parkour+1","theMarked:WastefulAttack+1"],"picked":"theMarked:TwofoldDefense+1","floor":3},{"not_picked":["theMarked:Reabsorb","theMarked:KeepCalmAndFightOn"],"picked":"theMarked:HeightenedSenses","floor":5},{"not_picked":["theMarked:SelfDefenseTraining","theMarked:ElectricStrings"],"picked":"theMarked:WastefulDefense","floor":6},{"not_picked":["theMarked:RepellingDischarge","theMarked:Static"],"picked":"theMarked:Parry","floor":8},{"not_picked":["theMarked:GodGivenPower","theMarked:Electrify"],"picked":"theMarked:Parry","floor":12},{"not_picked":["theMarked:RepellingDischarge","theMarked:BanishingStrike"],"picked":"theMarked:TwofoldDefense","floor":13},{"not_picked":["theMarked:PowerFlow","theMarked:Improvise"],"picked":"theMarked:BanishingWave","floor":14},{"not_picked":["theMarked:Defy","theMarked:SuspiciousRaven"],"picked":"theMarked:Vacuum","floor":16},{"not_picked":["theMarked:WastefulAttack","theMarked:MaelstromOfLightning+1"],"picked":"theMarked:AttractMetal+1","floor":18},{"not_picked":["theMarked:ReduceFriction","theMarked:Electrocute+1"],"picked":"theMarked:HeightenedSenses","floor":19}],"player_experience":2591656,"relics_obtained":[{"floor":6,"key":"Potion Belt"},{"floor":8,"key":"Oddly Smooth Stone"},{"floor":9,"key":"Girya"}],"event_choices":[{"damage_healed":0,"gold_gain":0,"player_choice":"2","damage_taken":0,"max_hp_gain":0,"max_hp_loss":0,"event_name":"betterMatch:BetterMatch","floor":3,"gold_loss":0,"cards_obtained":["betterMatch:CommonCard"]},{"cards_removed":["theMarked:Vacuum"],"damage_healed":0,"gold_gain":0,"player_choice":"Take \u0026 Give","damage_taken":0,"max_hp_gain":0,"max_hp_loss":0,"event_name":"betterNote:BetterNote","floor":21,"gold_loss":0,"cards_obtained":["theMarked:SuspiciousRaven"]}],"is_beta":false,"boss_relics":[{"not_picked":["conspire:SlowCooker","conspire:RunicOctahedron"],"picked":"hubris:Backtick"}],"items_purged_floors":[],"is_endless":false,"potions_floor_spawned":[5,6,8,12],"killed_by":"conspire:MimicChest","ascension_level":0}}