{"host":"zes78fzwct0uoxij","time":1609694833,"event":{"mods":["BaseMod","Colored Map","Highlight Path","Minty Spire (QoL Compilation)"],"gold_per_floor":[15,15,28,28,28,52,15,15,15,48,48,48,68,83,83,209,209,209,209,209,209,209,209,209],"floor_reached":23,"playtime":1261,"items_purged":[],"score":216,"play_id":"9b184bbe-8ddf-4299-8503-e4a9f1e0e43a","local_time":"20210103182713","is_ascension_mode":false,"campfire_choices":[{"data":"Shrug It Off","floor":8,"key":"SMITH"},{"data":"Carnage","floor":15,"key":"SMITH"}],"circlet_count":0,"master_deck":["Strike_R","Strike_R","Strike_R","Strike_R","Defend_R","Defend_R","Defend_R","Defend_R","Bash","Headbutt","Shrug It Off+1","Carnage+1","Armaments","Demon Form+1","Cleave+1","Rampage+1"],"relics":["Burning Blood","Golden Idol","Frozen Egg 2","MealTicket","Singing Bowl","Ectoplasm","Nilry\u0027s Codex"],"acts_visited":["Exordium","TheCity"],"potions_floor_usage":[10],"damage_taken":[{"damage":6,"enemies":"2 Louse","floor":1,"turns":3},{"damage":11,"enemies":"Jaw Worm","floor":3,"turns":3},{"damage":0,"enemies":"Small Slimes","floor":6,"turns":3},{"damage":14,"enemies":"Gremlin Nob","floor":10,"turns":4},{"damage":1,"enemies":"Exordium Wildlife","floor":13,"turns":3},{"damage":8,"enemies":"Red Slaver","floor":14,"turns":4},{"damage":31,"enemies":"Slime Boss","floor":16,"turns":13},{"damage":17,"enemies":"Shell Parasite","floor":18,"turns":4},{"damage":22,"enemies":"3 Byrds","floor":19,"turns":7},{"damage":26,"enemies":"Snake Plant","floor":22,"turns":4},{"damage":38,"enemies":"Gremlin Leader","floor":23,"turns":4}],"seed_played":"-6415248141506777565","potions_obtained":[{"floor":3,"key":"BlessingOfTheForge"},{"floor":6,"key":"DuplicationPotion"},{"floor":13,"key":"PowerPotion"},{"floor":16,"key":"SneckoOil"}],"is_trial":false,"path_per_floor":["M","?","M","?","?","M","$","R","T","E","?","?","M","M","R","B",null,"M","M","?","?","M","E"],"character_chosen":"IRONCLAD","items_purchased":["Carnage"],"campfire_rested":0,"item_purchase_floors":[7],"current_hp_per_floor":[96,72,67,60,92,96,96,96,96,88,88,88,93,93,93,68,98,87,73,57,57,37,0,0],"gold":209,"neow_bonus":"TWENTY_PERCENT_HP_BONUS","is_daily":false,"chose_seed":false,"campfire_upgraded":2,"win_rate":0.0,"timestamp":1609694833,"path_taken":["M","?","M","?","?","?","?","R","T","E","?","?","M","M","R","BOSS","M","M","?","?","M","E"],"items_purchased_type":["Card"],"build_version":"2020-12-22","purchased_purges":0,"victory":false,"max_hp_per_floor":[96,96,96,96,96,96,96,96,96,96,96,96,96,98,98,98,98,98,100,100,100,100,100,100],"card_choices":[{"not_picked":["Clash","Reckless Charge"],"picked":"Headbutt","floor":1},{"not_picked":["True Grit","Perfected Strike","Fire Breathing"],"picked":"SKIP","floor":3},{"not_picked":["Clothesline","Dual Wield"],"picked":"Shrug It Off","floor":6},{"not_picked":["Disarm","Power Through","Intimidate"],"picked":"SKIP","floor":10},{"not_picked":["Feel No Pain+1","Sword Boomerang"],"picked":"Armaments","floor":13},{"not_picked":["Clothesline","Havoc","Hemokinesis"],"picked":"Singing Bowl","floor":14},{"not_picked":["Corruption+1","Impervious"],"picked":"Demon Form+1","floor":16},{"not_picked":["Anger","Blood for Blood+1"],"picked":"Cleave+1","floor":18},{"not_picked":["Headbutt","Wild Strike","Havoc+1"],"picked":"Singing Bowl","floor":19},{"not_picked":["Body Slam","Second Wind"],"picked":"Rampage+1","floor":22}],"player_experience":579239,"relics_obtained":[{"floor":9,"key":"Frozen Egg 2"},{"floor":10,"key":"MealTicket"},{"floor":20,"key":"Nilry\u0027s Codex"}],"event_choices":[{"damage_healed":0,"gold_gain":0,"player_choice":"Take Damage","damage_taken":24,"relics_obtained":["Golden Idol"],"max_hp_gain":0,"max_hp_loss":0,"event_name":"Golden Idol","floor":2,"gold_loss":0},{"cards_removed":["Strike_R"],"damage_healed":0,"gold_gain":0,"player_choice":"Card Removal","damage_taken":7,"max_hp_gain":0,"max_hp_loss":0,"event_name":"Golden Wing","floor":4,"gold_loss":0},{"damage_healed":32,"gold_gain":0,"player_choice":"Banana","damage_taken":0,"max_hp_gain":0,"max_hp_loss":0,"event_name":"Big Fish","floor":5,"gold_loss":0},{"damage_healed":0,"gold_gain":0,"player_choice":"Ignored","damage_taken":0,"max_hp_gain":0,"max_hp_loss":0,"event_name":"Liars Game","floor":11,"gold_loss":0},{"damage_healed":0,"gold_gain":0,"player_choice":"Searched \u00271\u0027 times","damage_taken":0,"relics_obtained":["Singing Bowl"],"max_hp_gain":0,"max_hp_loss":0,"event_name":"Dead Adventurer","floor":12,"gold_loss":0},{"damage_healed":0,"gold_gain":0,"player_choice":"Obtained Book","damage_taken":16,"max_hp_gain":0,"max_hp_loss":0,"event_name":"Cursed Tome","floor":20,"gold_loss":0},{"damage_healed":0,"gold_gain":100,"player_choice":"Pray","damage_taken":0,"max_hp_gain":0,"max_hp_loss":0,"event_name":"Golden Shrine","floor":21,"gold_loss":0}],"is_beta":false,"boss_relics":[{"not_picked":["Busted Crown","SacredBark"],"picked":"Ectoplasm"}],"items_purged_floors":[],"is_endless":false,"potions_floor_spawned":[3,6,13,16,19,22],"killed_by":"Gremlin Leader","ascension_level":0}}