{"host":"r53pw7z744tg3fxg","time":1609712251,"event":{"mods":["AchievementEnabler","BaseMod","Colored Map","Colored Powertips","Highlight Path","Minty Spire (QoL Compilation)","Quick Restart","Transform Curses"],"gold_per_floor":[119,45,57,73,92,118,118,149,149,149,160,160,160,192,192,288,288,306,322,77,90,101,101,114,114,114,143,143,158,178,178,178,280,280,295,136,136,358,358,358,391,403,415,427,471,483,511,535,547,559],"floor_reached":51,"playtime":3568,"items_purged":[],"score":1171,"play_id":"01a5e520-9146-4b02-a9a3-cb93aeee7e2b","local_time":"20210103151731","is_ascension_mode":true,"campfire_choices":[{"data":"Eruption","floor":7,"key":"SMITH"},{"data":"MasterReality","floor":10,"key":"SMITH"},{"data":"Wallop","floor":12,"key":"SMITH"},{"floor":15,"key":"REST"},{"floor":23,"key":"REST"},{"data":"SashWhip","floor":28,"key":"SMITH"},{"floor":32,"key":"REST"},{"floor":40,"key":"REST"},{"data":"Writhe","floor":42,"key":"PURGE"},{"floor":44,"key":"REST"},{"floor":49,"key":"REST"}],"circlet_count":0,"master_deck":["AscendersBane","Strike_P","Strike_P","Strike_P","Strike_P","Defend_P","Defend_P","Defend_P","Defend_P","Eruption+1","Vigilance","EmptyBody","Wallop+1","SashWhip+1","Sanctity","MasterReality+1","PathToVictory","JustLucky","FollowUp","Fasting2+1","ForeignInfluence+1","WheelKick+1","CrushJoints+1","CarveReality","CutThroughFate","SpiritShield","CurseOfTheBell","BowlingBash+1","DevaForm","DeusExMachina","ClearTheMind","InnerPeace+1"],"relics":["PureWater","Bronze Scales","CloakClasp","GoldenEye","Ginger","Snecko Eye","Pantograph","Bottled Tornado","Red Mask","Calling Bell","Akabeko","Gremlin Horn","Peace Pipe","MawBank","Darkstone Periapt","Orichalcum","Shuriken"],"acts_visited":["Exordium","TheCity","TheBeyond"],"potions_floor_usage":[6,6,14,16,21,27,27,33,47,50,50],"damage_taken":[{"damage":3.0,"enemies":"Jaw Worm","floor":1.0,"turns":4.0},{"damage":0.0,"enemies":"Cultist","floor":3.0,"turns":3.0},{"damage":0.0,"enemies":"2 Louse","floor":4.0,"turns":2.0},{"damage":9.0,"enemies":"Blue Slaver","floor":5.0,"turns":3.0},{"damage":4,"enemies":"Lagavulin","floor":6,"turns":6},{"damage":17,"enemies":"3 Sentries","floor":8,"turns":7},{"damage":0,"enemies":"Looter","floor":11,"turns":3},{"damage":5,"enemies":"Lagavulin","floor":14,"turns":7},{"damage":40,"enemies":"Hexaghost","floor":16,"turns":10},{"damage":18,"enemies":"Shell Parasite","floor":18,"turns":6},{"damage":10,"enemies":"Chosen","floor":19,"turns":6},{"damage":0,"enemies":"Snake Plant","floor":21,"turns":2},{"damage":1,"enemies":"Centurion and Healer","floor":22,"turns":5},{"damage":0,"enemies":"Snecko","floor":24,"turns":4},{"damage":0,"enemies":"Masked Bandits","floor":27,"turns":3},{"damage":12,"enemies":"Snake Plant","floor":29,"turns":4},{"damage":20,"enemies":"Shelled Parasite and Fungi","floor":30,"turns":4},{"damage":62,"enemies":"Automaton","floor":33,"turns":10},{"damage":30,"enemies":"3 Darklings","floor":35,"turns":6},{"damage":21,"enemies":"Giant Head","floor":41,"turns":10},{"damage":50,"enemies":"Reptomancer","floor":45,"turns":6},{"damage":8,"enemies":"3 Shapes","floor":47,"turns":5},{"damage":33,"enemies":"Writhing Mass","floor":48,"turns":5},{"damage":36,"enemies":"Awakened One","floor":50,"turns":11}],"seed_played":"8880552736289401377","potions_obtained":[{"floor":3.0,"key":"StancePotion"},{"floor":5.0,"key":"Regen Potion"},{"floor":8,"key":"SteroidPotion"},{"floor":14,"key":"Energy Potion"},{"floor":19,"key":"DuplicationPotion"},{"floor":22,"key":"Fire Potion"},{"floor":24,"key":"Explosive Potion"},{"floor":30,"key":"DuplicationPotion"},{"floor":45,"key":"Regen Potion"},{"floor":47,"key":"EssenceOfSteel"},{"floor":48,"key":"Weak Potion"}],"is_trial":false,"path_per_floor":["M","$","M","M","M","E","R","E","T","R","M","R","?","E","R","B",null,"M","M","$","M","M","R","M","?","T","?","R","M","M","?","R","B",null,"M","$","?","?","?","R","E","R","T","R","E","T","M","M","R","B",null],"character_chosen":"WATCHER","items_purchased":["Wallop","Pantograph","DevaForm"],"campfire_rested":6,"item_purchase_floors":[2,20,36],"current_hp_per_floor":[69,69,69,69,60,71,71,54,54,54,54,54,54,49,72,32,67,49,39,39,39,38,61,61,61,61,61,61,49,29,29,52,15,63,33,33,33,33,53,76,55,55,55,78,28,28,34,1,24,13],"gold":571,"neow_bonus":"TEN_PERCENT_HP_BONUS","is_daily":false,"chose_seed":false,"campfire_upgraded":4,"win_rate":0.0,"timestamp":1609712251,"path_taken":["M","$","M","M","M","E","R","E","T","R","M","R","?","E","R","BOSS","M","M","$","M","M","R","M","?","T","?","R","M","M","?","R","BOSS","M","$","?","?","?","R","E","R","T","R","E","?","M","?","R","BOSS"],"items_purchased_type":["Card","Relic","Card"],"build_version":"2020-12-22","purchased_purges":0,"victory":true,"max_hp_per_floor":[79,79,79,79,79,79,79,79,79,79,79,79,79,79,79,79,79,79,79,79,79,79,79,79,79,79,79,79,79,79,79,79,79,79,79,79,79,79,79,79,79,79,79,79,79,79,79,79,79,79],"card_choices":[{"not_picked":["ThirdEye","EmptyFist"],"picked":"EmptyBody","floor":1.0},{"not_picked":["ThirdEye","Consecrate"],"picked":"SashWhip","floor":3.0},{"not_picked":["JustLucky","EmptyFist"],"picked":"FlurryOfBlows","floor":4.0},{"not_picked":["JustLucky","Weave"],"picked":"Sanctity","floor":5.0},{"not_picked":["CrushJoints","EmptyBody","MentalFortress"],"picked":"SKIP","floor":6},{"not_picked":["Nirvana","Consecrate"],"picked":"MasterReality","floor":8},{"not_picked":["Halt","Prostrate"],"picked":"PathToVictory","floor":11},{"not_picked":["Swivel","Sanctity"],"picked":"FollowUp","floor":14},{"not_picked":["Study","Halt","FlyingSleeves"],"picked":"SKIP","floor":18},{"not_picked":["Crescendo+1","Wireheading"],"picked":"Fasting2+1","floor":19},{"not_picked":["FlyingSleeves","Halt"],"picked":"ForeignInfluence+1","floor":21},{"not_picked":["FearNoEvil+1","ClearTheMind"],"picked":"WheelKick+1","floor":22},{"not_picked":["FlyingSleeves+1","Evaluate","Study+1"],"picked":"SKIP","floor":24},{"not_picked":["Blasphemy","Crescendo"],"picked":"CrushJoints+1","floor":27},{"not_picked":["Protect","FlyingSleeves"],"picked":"CarveReality","floor":29},{"not_picked":["PathToVictory","Evaluate"],"picked":"CutThroughFate","floor":30},{"not_picked":["Vault","Omniscience"],"picked":"SpiritShield","floor":33},{"not_picked":["JustLucky","EmptyBody"],"picked":"BowlingBash+1","floor":35},{"not_picked":["ThirdEye+1","FlurryOfBlows"],"picked":"DeusExMachina","floor":41},{"not_picked":["SpiritShield","CrushJoints+1"],"picked":"ClearTheMind","floor":45},{"not_picked":["CutThroughFate","BowlingBash"],"picked":"InnerPeace+1","floor":47},{"not_picked":["FollowUp","JustLucky+1","ThirdEye"],"picked":"SKIP","floor":48}],"player_experience":1185366,"relics_obtained":[{"floor":6,"key":"Bronze Scales"},{"floor":8,"key":"CloakClasp"},{"floor":9,"key":"GoldenEye"},{"floor":14,"key":"Ginger"},{"floor":26,"key":"Bottled Tornado"},{"floor":27,"key":"Red Mask"},{"floor":34,"key":"Akabeko"},{"floor":34,"key":"Gremlin Horn"},{"floor":34,"key":"Peace Pipe"},{"floor":41,"key":"MawBank"},{"floor":43,"key":"Darkstone Periapt"},{"floor":45,"key":"Orichalcum"},{"floor":46,"key":"Shuriken"}],"event_choices":[{"damage_healed":0,"gold_gain":0,"cards_transformed":["FlurryOfBlows"],"player_choice":"Transformed","damage_taken":0,"max_hp_gain":0,"max_hp_loss":0,"event_name":"Transmorgrifier","floor":13,"gold_loss":0,"cards_obtained":["JustLucky"]},{"damage_healed":0,"gold_gain":0,"player_choice":"Ignored","damage_taken":0,"max_hp_gain":0,"max_hp_loss":0,"event_name":"Beggar","floor":25,"gold_loss":0},{"damage_healed":0,"gold_gain":0,"player_choice":"Fought Bandits","damage_taken":0,"max_hp_gain":0,"max_hp_loss":0,"event_name":"Masked Bandits","floor":27,"gold_loss":0},{"damage_healed":0,"gold_gain":0,"player_choice":"Ignored","damage_taken":0,"max_hp_gain":0,"max_hp_loss":0,"event_name":"Ghosts","floor":31,"gold_loss":0},{"damage_healed":0,"gold_gain":0,"player_choice":"Ignored","damage_taken":0,"max_hp_gain":0,"max_hp_loss":0,"event_name":"The Moai Head","floor":37,"gold_loss":0},{"damage_healed":0,"gold_gain":222,"player_choice":"Wore Mask","damage_taken":0,"max_hp_gain":0,"max_hp_loss":0,"event_name":"Tomb of Lord Red Mask","floor":38,"gold_loss":0},{"damage_healed":20,"gold_gain":0,"player_choice":"Writhe","damage_taken":0,"max_hp_gain":0,"max_hp_loss":0,"event_name":"Winding Halls","floor":39,"gold_loss":0,"cards_obtained":["Writhe"]}],"is_beta":false,"boss_relics":[{"not_picked":["Sozu","Busted Crown"],"picked":"Snecko Eye"},{"not_picked":["HolyWater","SlaversCollar"],"picked":"Calling Bell"}],"items_purged_floors":[],"is_endless":false,"potions_floor_spawned":[3,5,8,14,19,22,24,30,45,47,48],"ascension_level":11}}