{"host":"bczg3e1yq3rp3pkk","time":1609649632,"event":{"mods":["BaseMod","Hermit","Marisa£®ÏF”Í°°ƒß¿Ì…≥£©","Minty Spire (QoL Compilation)","Quick Restart","Replay The Spire","StSLib","The Runesmith","The Servant 0.9.4","vexMod"],"gold_per_floor":[111,121,135,310,326,355,355,355,407,419,461,473,473],"floor_reached":12,"playtime":456,"items_purged":[],"score":103,"play_id":"cd695ea5-6c89-481c-baf7-2f7b050a1034","local_time":"20210103125352","is_ascension_mode":false,"campfire_choices":[{"data":"hermit:Snapshot","floor":7,"key":"SMITH"},{"floor":10,"key":"REST"}],"circlet_count":0,"master_deck":["hermit:Strike_Hermit+1","hermit:Strike_Hermit","hermit:Strike_Hermit","hermit:Strike_Hermit","hermit:Defend_Hermit","hermit:Defend_Hermit","hermit:Defend_Hermit","hermit:Defend_Hermit","hermit:Snapshot+1","hermit:Covet","hermit:Midnight","hermit:Determination","Doubt","hermit:Horror","hermit:Virtue"],"relics":["hermit:Momento","Replay:Bottled Snecko","Blue Doll","MawBank","Pen Nib"],"acts_visited":["Exordium"],"potions_floor_usage":[5,6],"damage_taken":[{"damage":1,"enemies":"2 Louse","floor":1,"turns":3},{"damage":0,"enemies":"Small Slimes","floor":2,"turns":3},{"damage":11,"enemies":"Jaw Worm","floor":3,"turns":3},{"damage":10,"enemies":"Exordium Thugs","floor":5,"turns":4},{"damage":12,"enemies":"Gremlin Nob","floor":6,"turns":2},{"damage":39,"enemies":"Lagavulin","floor":12,"turns":6}],"seed_played":"-3836648690407117939","potions_obtained":[{"floor":1,"key":"Elixir"},{"floor":2,"key":"AttackPotion"},{"floor":5,"key":"Death Potion"}],"is_trial":false,"path_per_floor":["M","M","M","?","M","E","R","?","T","R","?","E"],"character_chosen":"HERMIT","items_purchased":[],"campfire_rested":1,"item_purchase_floors":[],"current_hp_per_floor":[74,74,63,63,53,41,41,16,16,38,38,0,0],"gold":473,"neow_bonus":"RANDOM_EVENT","is_daily":false,"chose_seed":false,"campfire_upgraded":1,"win_rate":0.0,"timestamp":1609649632,"path_taken":["M","M","M","?","M","E","R","?","T","R","?","E"],"items_purchased_type":[],"build_version":"2020-12-22","purchased_purges":0,"victory":false,"max_hp_per_floor":[75,75,75,75,75,75,75,75,75,75,75,75,75],"card_choices":[{"not_picked":["hermit:DeadMansHand","hermit:TrackingShot"],"picked":"hermit:Midnight","floor":1},{"not_picked":["hermit:Misfire","hermit:LowProfile"],"picked":"hermit:Determination","floor":2},{"not_picked":["hermit:Brawl","hermit:Snipe","hermit:TrackingShot"],"picked":"SKIP","floor":3},{"not_picked":["hermit:Manifest","hermit:HighCaliber"],"picked":"hermit:Horror","floor":5},{"not_picked":["hermit:FullyLoaded","hermit:Spite"],"picked":"hermit:Virtue","floor":6}],"player_experience":329737,"relics_obtained":[{"floor":6,"key":"Replay:Bottled Snecko"},{"floor":9,"key":"MawBank"}],"event_choices":[{"damage_healed":0,"gold_gain":175,"player_choice":"AGREE","damage_taken":0,"max_hp_gain":0,"max_hp_loss":0,"event_name":"Liars Game","floor":4,"gold_loss":0,"cards_obtained":["Doubt"]},{"damage_healed":0,"gold_gain":0,"player_choice":"Success","damage_taken":25,"relics_obtained":["Blue Doll"],"max_hp_gain":0,"max_hp_loss":0,"event_name":"Scrap Ooze","floor":8,"gold_loss":0},{"damage_healed":0,"gold_gain":30,"player_choice":"Searched \u00273\u0027 times","damage_taken":0,"relics_obtained":["Pen Nib"],"max_hp_gain":0,"max_hp_loss":0,"event_name":"Dead Adventurer","floor":11,"gold_loss":0}],"is_beta":false,"boss_relics":[],"items_purged_floors":[],"is_endless":false,"potions_floor_spawned":[1,2,5],"killed_by":"Lagavulin","ascension_level":0}}