{"host":"5jzx1090woovszu4","time":1609717405,"event":{"mods":["BaseMod","Minty Spire (QoL Compilation)","Spicy Shops","StSLib","The Bug Knight"],"gold_per_floor":[113,113,128,73,91,122,140,140,185,199,49,67,96,106,106,202,202,220,239,239,249,249,249],"floor_reached":22,"playtime":12515,"items_purged":[],"score":200,"play_id":"8423fb60-75e4-43c8-ad15-b8265a8e99fc","local_time":"20210104004325","is_ascension_mode":false,"campfire_choices":[{"floor":8,"key":"REST"},{"floor":15,"key":"REST"}],"circlet_count":0,"master_deck":["HollowMod:NailStrikeStart","HollowMod:NailStrikeStart","HollowMod:QuickDashStart+1","HollowMod:QuickDashStart","HollowMod:QuickDashStart","HollowMod:FocusHealStart","HollowMod:PogoStrike+1","HollowMod:DesolateDive+1","HollowMod:HowlingWraiths+1","HollowMod:MawleksShell","HollowMod:MawleksShell","HollowMod:CornifersMapStart","HollowMod:SoulSplash+1","HollowMod:InfectionAssault+1","HollowMod:GrimmsGift+1","HollowMod:MawleksShell"],"relics":["HollowMod:VesselMask","Gremlin Horn","Whetstone","HollowMod:KingsBrand","Art of War","Astrolabe"],"acts_visited":["Exordium","TheCity"],"potions_floor_usage":[6,14,16,16,22],"damage_taken":[{"damage":8,"enemies":"2 Louse","floor":1,"turns":3},{"damage":0,"enemies":"Jaw Worm","floor":3,"turns":4},{"damage":0,"enemies":"Small Slimes","floor":5,"turns":3},{"damage":27,"enemies":"Gremlin Nob","floor":6,"turns":4},{"damage":0,"enemies":"3 Louse","floor":7,"turns":2},{"damage":0,"enemies":"Lots of Slimes","floor":10,"turns":1},{"damage":2,"enemies":"Blue Slaver","floor":12,"turns":4},{"damage":39,"enemies":"Lagavulin","floor":13,"turns":6},{"damage":0,"enemies":"HollowMod:HuskWarrior","floor":14,"turns":2},{"damage":44,"enemies":"HollowMod:FalseKnight","floor":16,"turns":8},{"damage":23,"enemies":"HollowMod:HuskSentry","floor":18,"turns":5},{"damage":1,"enemies":"Spheric Guardian","floor":19,"turns":3},{"damage":39,"enemies":"Snake Plant","floor":21,"turns":5},{"damage":29,"enemies":"Cultist and Chosen","floor":22,"turns":4}],"seed_played":"-1559157741252136695","potions_obtained":[{"floor":1,"key":"Ancient Potion"},{"floor":5,"key":"Fire Potion"},{"floor":12,"key":"CultistPotion"},{"floor":13,"key":"Fire Potion"},{"floor":14,"key":"Block Potion"},{"floor":19,"key":"Dexterity Potion"}],"is_trial":false,"path_per_floor":["M","?","M","$","M","E","M","R","T","M","$","M","E","M","R","B",null,"M","M","?","M","M"],"character_chosen":"THE_BUGKNIGHT","items_purchased":["HollowMod:HowlingWraiths","HollowMod:KingsBrand"],"campfire_rested":2,"item_purchase_floors":[4,11],"current_hp_per_floor":[80,64,70,70,70,49,49,73,73,73,73,71,32,38,62,18,82,65,64,64,25,0,0],"gold":249,"neow_bonus":"TEN_PERCENT_HP_BONUS","is_daily":false,"chose_seed":false,"campfire_upgraded":0,"win_rate":0.0,"timestamp":1609717405,"path_taken":["M","?","M","?","M","E","M","R","T","M","$","M","E","M","R","BOSS","M","M","?","M","M"],"items_purchased_type":["Card","Relic"],"build_version":"2020-12-22","purchased_purges":0,"victory":false,"max_hp_per_floor":[82,82,82,82,82,82,82,82,82,82,82,82,82,82,82,82,82,82,82,82,82,82,82],"card_choices":[{"not_picked":["HollowMod:ShapeofUnn","HollowMod:DescendingDark"],"picked":"HollowMod:DesolateDive","floor":1},{"not_picked":["HollowMod:SiblingsShadow","HollowMod:HeavyBlow","HollowMod:CycloneSlash"],"picked":"SKIP","floor":3},{"not_picked":["HollowMod:InfectedAttack","HollowMod:NewInfectedGuardian","HollowMod:SiblingsSouls"],"picked":"SKIP","floor":5},{"not_picked":["HollowMod:TaintedHusks","HollowMod:DescendingDark","HollowMod:SiblingsSouls"],"picked":"SKIP","floor":6},{"not_picked":["HollowMod:CornifersMapStart","HollowMod:DreamGate","HollowMod:DoubleDash"],"picked":"SKIP","floor":7},{"not_picked":["HollowMod:VengefulVoid","HollowMod:CycloneSlash"],"picked":"HollowMod:MawleksShell","floor":10},{"not_picked":["HollowMod:HeavyBlow","HollowMod:GrimmsGift","HollowMod:VengefulSpirit"],"picked":"SKIP","floor":12},{"not_picked":["HollowMod:NewLittleFool","HollowMod:SharpenedNail"],"picked":"HollowMod:MawleksShell","floor":13},{"not_picked":["HollowMod:HornetsHelp","HollowMod:CornifersMapStart","HollowMod:DreamGate"],"picked":"SKIP","floor":14},{"not_picked":["HollowMod:HornetsHelp","HollowMod:DreamGate"],"picked":"HollowMod:CornifersMapStart","floor":14},{"not_picked":["HollowMod:TaintedHusks","HollowMod:FastStrike"],"picked":"HollowMod:MawleksShell","floor":18},{"not_picked":["HollowMod:SoulSplash","HollowMod:DesolateDive","HollowMod:DreamGate+1"],"picked":"SKIP","floor":19},{"not_picked":["HollowMod:CrystalDash+1","HollowMod:HeavyBlow","HollowMod:NewLittleFool"],"picked":"SKIP","floor":21}],"player_experience":601561,"relics_obtained":[{"floor":6,"key":"Gremlin Horn"},{"floor":9,"key":"Whetstone"},{"floor":13,"key":"Art of War"}],"event_choices":[{"damage_healed":0,"gold_gain":0,"player_choice":"Entered Light","damage_taken":16,"max_hp_gain":0,"max_hp_loss":0,"event_name":"Shining Light","floor":2,"gold_loss":0,"cards_upgraded":["HollowMod:QuickDashStart","HollowMod:PogoStrike"]},{"damage_healed":0,"gold_gain":0,"player_choice":"Ignored","damage_taken":0,"max_hp_gain":0,"max_hp_loss":0,"event_name":"Vampires","floor":20,"gold_loss":0}],"is_beta":false,"boss_relics":[{"not_picked":["Ectoplasm","Coffee Dripper"],"picked":"Astrolabe"}],"items_purged_floors":[],"is_endless":false,"potions_floor_spawned":[1,5,12,13,14,19],"killed_by":"Cultist and Chosen","ascension_level":0}}