{"host":"0m6xeyk0gsehb5i3","time":1609660159,"event":{"mods":["BaseMod","Better Altar","Better Match","Better Note","Better Sensory Stone","Better Skull","Better Third Choice","Colored Powertips","Minty Spire (QoL Compilation)","Relic Stats","StSLib"],"gold_per_floor":[113,133,145,95,109,109,184,198,224,224,252,7,24,24,24,127,127,143,68,68,68,68,68,400,325,325,325,375,392,412,158,158,260,260,271,318,318,112,122,122,156,156,181,181,0,10,36,51,51,51],"floor_reached":51,"playtime":2400,"items_purged":["Defend_B","Defend_B","Shame"],"score":935,"play_id":"27d85420-7037-44a1-845a-71f0f7c9ca3c","local_time":"20210103014919","is_ascension_mode":true,"campfire_choices":[{"data":"Zap","floor":6,"key":"SMITH"},{"data":"Dualcast","floor":10,"key":"SMITH"},{"data":"Redo","floor":15,"key":"SMITH"},{"data":"Creative AI","floor":23,"key":"SMITH"},{"data":"Seek","floor":27,"key":"SMITH"},{"floor":32,"key":"REST"},{"data":"Defragment","floor":40,"key":"SMITH"},{"data":"Chill","floor":42,"key":"SMITH"},{"data":"Echo Form","floor":44,"key":"SMITH"},{"data":"Coolheaded","floor":49,"key":"SMITH"}],"circlet_count":0,"master_deck":["Strike_B","Defend_B","Defend_B","Zap+1","Dualcast+1","Ball Lightning","Conserve Battery","Steam Power","Coolheaded+1","Echo Form+1","Seek+1","Master of Strategy","Redo+1","Creative AI+1","Go for the Eyes","Chill+1","Sweeping Beam","Barrage+1","Turbo+1","Biased Cognition","Fusion+1","Defragment+1","Hologram+1"],"relics":["FrozenCore","Anchor","Potion Belt","Inserter","Strawberry","Old Coin","Du-Vu Doll","Dream Catcher","ClockworkSouvenir","WingedGreaves","Ancient Tea Set","Lantern","Red Mask","Blood Vial"],"acts_visited":["Exordium","TheCity","TheBeyond"],"potions_floor_usage":[29,33,36,39,48,50,50,50],"damage_taken":[{"damage":2,"enemies":"Jaw Worm","floor":1,"turns":3},{"damage":0,"enemies":"2 Louse","floor":2,"turns":2},{"damage":6,"enemies":"Small Slimes","floor":3,"turns":3},{"damage":1,"enemies":"Blue Slaver","floor":5,"turns":4},{"damage":0,"enemies":"2 Fungi Beasts","floor":8,"turns":3},{"damage":11,"enemies":"3 Sentries","floor":11,"turns":6},{"damage":16,"enemies":"Exordium Thugs","floor":13,"turns":4},{"damage":6,"enemies":"Hexaghost","floor":16,"turns":10},{"damage":0,"enemies":"Spheric Guardian","floor":18,"turns":6},{"damage":19,"enemies":"Gremlin Leader","floor":24,"turns":7},{"damage":7,"enemies":"Shell Parasite","floor":29,"turns":5},{"damage":26,"enemies":"3 Cultists","floor":30,"turns":5},{"damage":31,"enemies":"Automaton","floor":33,"turns":8},{"damage":0,"enemies":"3 Darklings","floor":35,"turns":5},{"damage":17,"enemies":"2 Orb Walkers","floor":36,"turns":5},{"damage":9,"enemies":"3 Shapes","floor":39,"turns":5},{"damage":6,"enemies":"Giant Head","floor":41,"turns":7},{"damage":0,"enemies":"Spire Growth","floor":46,"turns":6},{"damage":0,"enemies":"Writhing Mass","floor":48,"turns":7},{"damage":0,"enemies":"Time Eater","floor":50,"turns":9}],"seed_played":"6064537502308945936","potions_obtained":[{"floor":2,"key":"Block Potion"},{"floor":3,"key":"SkillPotion"},{"floor":8,"key":"Fruit Juice"},{"floor":16,"key":"CultistPotion"},{"floor":24,"key":"Swift Potion"},{"floor":29,"key":"FocusPotion"},{"floor":35,"key":"Explosive Potion"},{"floor":36,"key":"Weak Potion"},{"floor":41,"key":"Fire Potion"}],"is_trial":false,"path_per_floor":["M","M","M","?","M","R","?","M","T","R","E","$","M","$","R","B",null,"M","?","?","?","$","R","E","?","T","R","T","M","M","$","R","B",null,"M","?","?","$","M","R","E","R","T","R","?","M","T","M","R","B",null],"character_chosen":"DEFECT","items_purchased":["Master of Strategy","ClockworkSouvenir","Defragment"],"campfire_rested":1,"item_purchase_floors":[12,31,38],"current_hp_per_floor":[73,73,67,67,66,66,55,55,55,55,44,44,28,28,28,22,75,75,75,75,82,82,82,63,63,63,63,63,61,35,35,61,30,87,87,70,70,70,61,61,55,55,55,55,55,55,55,57,57,59],"gold":51,"neow_bonus":"REMOVE_CARD","is_daily":false,"chose_seed":false,"campfire_upgraded":9,"win_rate":0.0,"timestamp":1609660159,"path_taken":["M","M","M","?","M","R","?","M","T","R","E","$","M","$","R","BOSS","M","?","?","?","$","R","E","?","T","R","?","M","?","$","R","BOSS","M","?","?","$","?","R","E","R","T","R","?","M","?","M","R","BOSS"],"items_purchased_type":["Card","Relic","Card"],"build_version":"2020-12-22","purchased_purges":3,"victory":true,"max_hp_per_floor":[75,75,75,75,75,75,75,75,75,75,75,75,75,75,75,75,75,75,75,75,82,82,82,82,82,82,82,82,87,87,87,87,87,87,87,87,83,83,83,83,83,83,83,83,83,83,83,83,83,83],"relic_stats":{"Blood Vial":4,"Dream Catcher":1,"Inserter":[37],"counters":[20,110],"obtain_stats":[{"Potion Belt":11,"Lantern":43,"Inserter":17,"Ancient Tea Set":41,"Old Coin":24,"ClockworkSouvenir":31,"FrozenCore":34,"Du-Vu Doll":26,"Blood Vial":47,"Anchor":9,"Dream Catcher":28,"Strawberry":21,"WingedGreaves":36,"Red Mask":45,"Cracked Core":0},{"Potion Belt":6,"Lantern":17,"Inserter":8,"Ancient Tea Set":17,"Old Coin":10,"ClockworkSouvenir":12,"FrozenCore":13,"Du-Vu Doll":10,"Blood Vial":18,"Anchor":5,"Dream Catcher":10,"Strawberry":9,"WingedGreaves":15,"Red Mask":17,"Cracked Core":0},{"Potion Belt":21,"Lantern":88,"Inserter":35,"Ancient Tea Set":88,"Old Coin":48,"ClockworkSouvenir":58,"FrozenCore":66,"Du-Vu Doll":48,"Blood Vial":94,"Anchor":15,"Dream Catcher":48,"Strawberry":41,"WingedGreaves":76,"Red Mask":88,"Cracked Core":0}],"FrozenCore":[10]},"card_choices":[{"not_picked":["FTL","Hologram"],"picked":"Ball Lightning","floor":1},{"not_picked":["Turbo","FTL"],"picked":"Conserve Battery","floor":2},{"not_picked":["Streamline","Chaos"],"picked":"Steam Power","floor":3},{"not_picked":["Chill","Aggregate"],"picked":"Coolheaded","floor":5},{"not_picked":["Coolheaded","Rebound"],"picked":"Echo Form","floor":8},{"not_picked":["Ball Lightning","Streamline"],"picked":"Seek","floor":11},{"not_picked":["Barrage","Beam Cell"],"picked":"Redo","floor":13},{"not_picked":["Electrodynamics","Amplify"],"picked":"Creative AI","floor":16},{"not_picked":["White Noise","Leap+1"],"picked":"Go for the Eyes","floor":18},{"not_picked":["Darkness","Scrape"],"picked":"Sweeping Beam","floor":24},{"not_picked":["Sweeping Beam","Cold Snap"],"picked":"Barrage+1","floor":29},{"not_picked":["Sunder","Scrape+1","Rip and Tear"],"picked":"SKIP","floor":30},{"not_picked":["Force Field+1","Leap+1"],"picked":"Turbo+1","floor":32},{"not_picked":["Fission","Seek"],"picked":"Biased Cognition","floor":33},{"not_picked":["BootSequence+1","Melter+1"],"picked":"Fusion+1","floor":35},{"not_picked":["Steam","Beam Cell","Rebound+1"],"picked":"SKIP","floor":39},{"not_picked":["Ball Lightning+1","Darkness+1","Melter"],"picked":"SKIP","floor":41},{"not_picked":["Double Energy+1","Leap+1","Turbo"],"picked":"SKIP","floor":46},{"not_picked":["Coolheaded","Stack+1"],"picked":"Hologram+1","floor":48}],"player_experience":338140,"relics_obtained":[{"floor":9,"key":"Anchor"},{"floor":11,"key":"Potion Belt"},{"floor":24,"key":"Old Coin"},{"floor":26,"key":"Du-Vu Doll"},{"floor":28,"key":"Dream Catcher"},{"floor":36,"key":"WingedGreaves"},{"floor":41,"key":"Ancient Tea Set"},{"floor":43,"key":"Lantern"},{"floor":47,"key":"Blood Vial"}],"event_choices":[{"cards_removed":["Strike_B"],"damage_healed":0,"gold_gain":0,"player_choice":"Card Removal","damage_taken":0,"max_hp_gain":0,"max_hp_loss":0,"event_name":"The Cleric","floor":4,"gold_loss":50},{"damage_healed":0,"gold_gain":75,"player_choice":"Gold","damage_taken":11,"max_hp_gain":0,"max_hp_loss":0,"event_name":"betterThird:BetterGoop","floor":7,"gold_loss":0},{"cards_removed":["Strike_B"],"damage_healed":0,"gold_gain":0,"player_choice":"Gave Gold","damage_taken":0,"max_hp_gain":0,"max_hp_loss":0,"event_name":"Beggar","floor":19,"gold_loss":75},{"damage_healed":0,"gold_gain":0,"player_choice":"Read","damage_taken":0,"max_hp_gain":0,"max_hp_loss":0,"event_name":"The Library","floor":20,"gold_loss":0,"cards_obtained":["Chill"]},{"damage_healed":0,"gold_gain":0,"player_choice":"Stole Relic","damage_taken":0,"relics_obtained":["Strawberry"],"max_hp_gain":0,"max_hp_loss":0,"event_name":"Addict","floor":21,"gold_loss":0,"cards_obtained":["Shame"]},{"damage_healed":0,"gold_gain":0,"player_choice":"3","damage_taken":0,"max_hp_gain":0,"max_hp_loss":0,"event_name":"betterMatch:BetterMatch","floor":25,"gold_loss":0,"cards_obtained":[]},{"damage_healed":0,"gold_gain":0,"player_choice":"Fight","damage_taken":0,"max_hp_gain":0,"max_hp_loss":0,"event_name":"Mysterious Sphere","floor":36,"gold_loss":0},{"damage_healed":0,"gold_gain":0,"player_choice":"Max HP","damage_taken":0,"max_hp_gain":0,"max_hp_loss":4,"event_name":"Winding Halls","floor":37,"gold_loss":0},{"damage_healed":0,"gold_gain":0,"player_choice":"Paid","damage_taken":0,"relics_obtained":["Red Mask"],"max_hp_gain":0,"max_hp_loss":0,"event_name":"Tomb of Lord Red Mask","floor":45,"gold_loss":181}],"is_beta":false,"boss_relics":[{"not_picked":["Empty Cage","Velvet Choker"],"picked":"Inserter"},{"not_picked":["Calling Bell","Black Star"],"picked":"FrozenCore"}],"items_purged_floors":[12,31,38],"is_endless":false,"potions_floor_spawned":[2,3,8,16,24,29,35,36,41],"ascension_level":2}}