{"host":"hm3ikmf8oxbtqms2","time":1609658723,"event":{"mods":["BaseMod","Best Route Mod","Bestiary","Better Vampires","Block Reminder","Colored Map","Colored Powertips","Curses Come First","DeckTracker","Displayed Cursed Tome","Highlight Path","Minty Spire (QoL Compilation)","Quick Restart","StSLib"],"gold_per_floor":[119,131,131,131,151,151,177,11,85,95,123,123,158,171,171,267,267,277,289,289,304,264,264,264,298,353,388,388,400,315,315,315,315,315],"floor_reached":33,"playtime":3121,"items_purged":["Regret"],"score":419,"play_id":"297d0b78-c0ee-4056-bd1d-f97bb55bc8ad","local_time":"20210103022523","is_ascension_mode":true,"campfire_choices":[{"data":"Heel Hook","floor":6.0,"key":"SMITH"},{"floor":12.0,"key":"REST"},{"data":"Skewer","floor":15.0,"key":"SMITH"},{"floor":23.0,"key":"REST"},{"data":"Ghostly","floor":28.0,"key":"SMITH"},{"data":"Ghostly","floor":32.0,"key":"SMITH"}],"circlet_count":0,"master_deck":["Strike_G+1","Strike_G","Strike_G+1","Strike_G+1","Strike_G","Defend_G","Defend_G+1","Defend_G","Defend_G","Defend_G","Survivor","Neutralize+1","Acrobatics","Finisher","Heel Hook+1","Skewer+1","Noxious Fumes","PiercingWail","Skewer","Cloak And Dagger","Dagger Spray","Malaise","CurseOfTheBell","Backflip","Poisoned Stab","Ghostly+1","Ghostly+1","Ghostly","Ghostly","Ghostly","Corpse Explosion","Cloak And Dagger+1","Blade Dance+1"],"relics":["Ring of the Snake","Juzu Bracelet","Calipers","Blue Candle","Paper Crane","Ancient Tea Set","Calling Bell","Toy Ornithopter","Meat on the Bone","TungstenRod","Centennial Puzzle","Ice Cream","Boot","MealTicket","Tiny Chest","Anchor"],"acts_visited":["Exordium","TheCity"],"potions_floor_usage":[],"damage_taken":[{"damage":2.0,"enemies":"Small Slimes","floor":1.0,"turns":3.0},{"damage":0.0,"enemies":"Jaw Worm","floor":2.0,"turns":5.0},{"damage":1.0,"enemies":"2 Louse","floor":5.0,"turns":3.0},{"damage":14.0,"enemies":"Lagavulin","floor":7.0,"turns":7.0},{"damage":1.0,"enemies":"Gremlin Gang","floor":10.0,"turns":6.0},{"damage":14.0,"enemies":"3 Sentries","floor":11.0,"turns":6.0},{"damage":0.0,"enemies":"Gremlin Nob","floor":13.0,"turns":4.0},{"damage":5.0,"enemies":"Exordium Wildlife","floor":14.0,"turns":5.0},{"damage":19.0,"enemies":"Slime Boss","floor":16.0,"turns":9.0},{"damage":5.0,"enemies":"Spheric Guardian","floor":18.0,"turns":3.0},{"damage":5.0,"enemies":"Shell Parasite","floor":19.0,"turns":9.0},{"damage":54.0,"enemies":"Cultist and Chosen","floor":21.0,"turns":11.0},{"damage":28.0,"enemies":"Book of Stabbing","floor":25.0,"turns":10.0},{"damage":13.0,"enemies":"Slavers","floor":27.0,"turns":3.0},{"damage":1.0,"enemies":"Snake Plant","floor":29.0,"turns":6.0},{"damage":38,"enemies":"Automaton","floor":33,"turns":6}],"seed_played":"7139133422152753007","potions_obtained":[{"floor":5.0,"key":"Dexterity Potion"},{"floor":7.0,"key":"EntropicBrew"},{"floor":11.0,"key":"Energy Potion"},{"floor":16.0,"key":"CunningPotion"},{"floor":25.0,"key":"EntropicBrew"}],"is_trial":false,"path_per_floor":["M","M","?","?","M","R","E","$","T","M","E","R","E","M","R","B",null,"M","M","?","M","?","R","?","E","T","E","R","M","?","T","R","B"],"character_chosen":"THE_SILENT","items_purchased":["Noxious Fumes","PiercingWail"],"campfire_rested":2,"item_purchase_floors":[8,8],"current_hp_per_floor":[68,68,68,54,53,53,39,39,39,38,24,45,45,40,40,21,70,65,60,60,18,18,39,35,19,19,22,22,21,21,21,21,0,0],"gold":315,"neow_bonus":"UPGRADE_CARD","is_daily":false,"chose_seed":false,"campfire_upgraded":4,"win_rate":0.0,"timestamp":1609658723,"path_taken":["M","M","?","?","M","R","E","$","T","M","E","R","E","M","R","BOSS","M","M","?","M","?","R","?","E","T","E","R","M","?","?","R","BOSS"],"items_purchased_type":["Card","Card"],"build_version":"2020-12-22","purchased_purges":1,"victory":false,"max_hp_per_floor":[70,70,70,70,70,70,70,70,70,70,70,70,70,70,70,70,70,70,70,70,70,70,70,35,35,35,35,35,35,35,35,35,35,35],"card_choices":[{"not_picked":["Flying Knee","Bane"],"picked":"Acrobatics","floor":1.0},{"not_picked":["Bane","PiercingWail"],"picked":"Finisher","floor":2.0},{"not_picked":["Catalyst","Deflect"],"picked":"Heel Hook","floor":5.0},{"not_picked":["Backstab","Tactician"],"picked":"Skewer","floor":7.0},{"not_picked":["Sucker Punch","Bane"],"picked":"Skewer","floor":10.0},{"not_picked":["Setup","Catalyst"],"picked":"Cloak And Dagger","floor":11.0},{"not_picked":["Leg Sweep","Eviscerate"],"picked":"Dagger Spray","floor":13.0},{"not_picked":["Escape Plan","Distraction","Deflect"],"picked":"SKIP","floor":14.0},{"not_picked":["Unload","Adrenaline"],"picked":"Malaise","floor":16.0},{"not_picked":["Prepared","Dagger Spray+1"],"picked":"Backflip","floor":18.0},{"not_picked":["Cloak And Dagger","Prepared+1","Choke"],"picked":"SKIP","floor":19.0},{"not_picked":["All Out Attack+1","Outmaneuver"],"picked":"Poisoned Stab","floor":21.0},{"not_picked":["Flying Knee","Underhanded Strike"],"picked":"Corpse Explosion","floor":25.0},{"not_picked":["Night Terror","Noxious Fumes"],"picked":"Cloak And Dagger+1","floor":27.0},{"not_picked":["Bane","Tactician+1"],"picked":"Blade Dance+1","floor":29.0}],"player_experience":270293,"relics_obtained":[{"floor":7.0,"key":"Calipers"},{"floor":9.0,"key":"Blue Candle"},{"floor":11.0,"key":"Paper Crane"},{"floor":13.0,"key":"Ancient Tea Set"},{"floor":17.0,"key":"Toy Ornithopter"},{"floor":17.0,"key":"Meat on the Bone"},{"floor":17.0,"key":"TungstenRod"},{"floor":25.0,"key":"Ice Cream"},{"floor":26.0,"key":"Boot"},{"floor":27.0,"key":"MealTicket"},{"floor":31.0,"key":"Anchor"}],"event_choices":[{"damage_healed":0.0,"max_hp_gain":0.0,"max_hp_loss":0.0,"gold_gain":0.0,"event_name":"Big Fish","player_choice":"Box","floor":3.0,"gold_loss":0.0,"damage_taken":0.0,"relics_obtained":["Juzu Bracelet"],"cards_obtained":["Regret"]},{"damage_healed":0.0,"max_hp_gain":0.0,"max_hp_loss":0.0,"gold_gain":0.0,"event_name":"Shining Light","player_choice":"Entered Light","floor":4.0,"gold_loss":0.0,"damage_taken":14.0,"cards_upgraded":["Defend_G","Strike_G"]},{"damage_healed":0.0,"max_hp_gain":0.0,"max_hp_loss":0.0,"gold_gain":0.0,"event_name":"The Mausoleum","player_choice":"Opened","floor":20.0,"gold_loss":0.0,"damage_taken":0.0,"relics_obtained":["Centennial Puzzle"]},{"damage_healed":0.0,"max_hp_gain":0.0,"max_hp_loss":0.0,"gold_gain":0.0,"event_name":"Designer","player_choice":"Upgraded Two","floor":22.0,"gold_loss":40.0,"damage_taken":0.0,"cards_upgraded":["Strike_G","Strike_G"]},{"damage_healed":0.0,"max_hp_gain":0.0,"max_hp_loss":35.0,"gold_gain":0.0,"event_name":"Ghosts","player_choice":"Became a Ghost","floor":24.0,"gold_loss":0.0,"damage_taken":0.0,"cards_obtained":["Ghostly","Ghostly","Ghostly","Ghostly","Ghostly"]},{"damage_healed":0.0,"max_hp_gain":0.0,"max_hp_loss":0.0,"gold_gain":0.0,"event_name":"Addict","player_choice":"Obtained Relic","floor":30.0,"gold_loss":85.0,"damage_taken":0.0,"relics_obtained":["Tiny Chest"]}],"is_beta":false,"boss_relics":[{"not_picked":["Velvet Choker","Philosopher\u0027s Stone"],"picked":"Calling Bell"}],"items_purged_floors":[8],"is_endless":false,"potions_floor_spawned":[5,7,11,16,25],"killed_by":"Automaton","ascension_level":4}}