{"host":"obbn5gje3893ci3z","time":1609681573,"event":{"mods":["BaseMod","Colored Powertips","Minty Spire (QoL Compilation)","The Servant 0.9.4"],"gold_per_floor":[116,116,116,41,58,58,90,101,101,111,130,130,30,47,47,47,47],"floor_reached":16,"playtime":768,"items_purged":["Strike_S","Strike_S"],"score":147,"play_id":"4a6d5269-2e6f-43c0-af19-c952887ec4f0","local_time":"20210103214613","is_ascension_mode":true,"campfire_choices":[{"data":"Spin","floor":6.0,"key":"SMITH"},{"data":"Spin","floor":12.0,"key":"SMITH"},{"data":"Hightail","floor":15.0,"key":"SMITH"}],"circlet_count":0,"master_deck":["Strike_S","Defend_S","Defend_S","Defend_S","Defend_S","KidneyShot","Exchange","FastForward","Spin+1","Rewind","StarChef","Hightail+1","Spin+1","Reset","SpecialFormula"],"relics":["Uniform","Eternal Feather","Pear"],"acts_visited":["Exordium"],"potions_floor_usage":[16],"damage_taken":[{"damage":6.0,"enemies":"Jaw Worm","floor":1.0,"turns":5.0},{"damage":0.0,"enemies":"2 Louse","floor":5.0,"turns":3.0},{"damage":54.0,"enemies":"Lagavulin","floor":7.0,"turns":9.0},{"damage":0.0,"enemies":"Cultist","floor":8.0,"turns":3.0},{"damage":0.0,"enemies":"Large Slime","floor":10.0,"turns":3.0},{"damage":1.0,"enemies":"Looter","floor":11.0,"turns":3.0},{"damage":0.0,"enemies":"Blue Slaver","floor":14.0,"turns":3.0},{"damage":34,"enemies":"Hexaghost","floor":16,"turns":10}],"seed_played":"-6129411284028441760","potions_obtained":[{"floor":8.0,"key":"Explosive Potion"},{"floor":10.0,"key":"Energy Potion"},{"floor":11.0,"key":"CultistPotion"}],"is_trial":false,"path_per_floor":["M","?","?","$","M","R","E","M","T","M","M","R","$","M","R","B"],"character_chosen":"THE_SERVANT","items_purchased":[],"campfire_rested":0,"item_purchase_floors":[],"current_hp_per_floor":[59,52,57,57,57,57,3,3,13,13,12,21,21,21,30,1,1],"gold":47,"neow_bonus":"THREE_CARDS","is_daily":false,"chose_seed":false,"campfire_upgraded":3,"win_rate":0.0,"timestamp":1609681573,"path_taken":["M","?","?","$","M","R","E","M","T","M","M","R","$","M","R","BOSS"],"items_purchased_type":[],"build_version":"2020-12-22","purchased_purges":2,"victory":false,"max_hp_per_floor":[65,65,70,70,70,70,70,70,80,80,80,80,80,80,80,80,80],"card_choices":[{"not_picked":["Alleviate","TimeWarp"],"picked":"FastForward","floor":0.0},{"not_picked":["Replace","FastForward"],"picked":"Spin","floor":1.0},{"not_picked":["Replace","Revamp"],"picked":"Rewind","floor":5.0},{"not_picked":["Manipulate","DualDimension"],"picked":"StarChef","floor":7.0},{"not_picked":["FastForward","Rearm"],"picked":"Hightail","floor":8.0},{"not_picked":["Comet","Deadline"],"picked":"Spin","floor":10.0},{"not_picked":["Starlight","Potential"],"picked":"Reset","floor":11.0},{"not_picked":["Duplication","Barrier"],"picked":"SpecialFormula","floor":14.0}],"player_experience":51208,"relics_obtained":[{"floor":7.0,"key":"Eternal Feather"},{"floor":9.0,"key":"Pear"}],"event_choices":[{"cards_removed":["Strike_S"],"damage_healed":0.0,"max_hp_gain":0.0,"max_hp_loss":0.0,"gold_gain":0.0,"event_name":"Golden Wing","player_choice":"Card Removal","floor":2.0,"gold_loss":0.0,"damage_taken":7.0},{"damage_healed":0.0,"max_hp_gain":5.0,"max_hp_loss":0.0,"gold_gain":0.0,"event_name":"Big Fish","player_choice":"Donut","floor":3.0,"gold_loss":0.0,"damage_taken":0.0}],"is_beta":false,"boss_relics":[],"items_purged_floors":[4,13],"is_endless":false,"potions_floor_spawned":[8,10,11],"killed_by":"Hexaghost","ascension_level":4}}