{"host":"lqqk09r0bn16292c","time":1609684797,"event":{"mods":["2.2 Compatiblity","BaseMod","Minty Spire (QoL Compilation)","Relic Stats","StSLib"],"gold_per_floor":[115,115,129,129,161,173,185,185],"floor_reached":7,"playtime":524,"items_purged":[],"score":80,"play_id":"36faf0d8-bd5b-4f7c-81b6-7edb7e8ab3f6","local_time":"20210103163957","is_ascension_mode":true,"campfire_choices":[{"data":"Coolheaded","floor":6,"key":"SMITH"}],"circlet_count":0,"master_deck":["AscendersBane","Strike_B","Strike_B","Strike_B","Strike_B","Defend_B","Defend_B","Defend_B","Defend_B","Zap","Dualcast","Coolheaded+1","Coolheaded","Undo"],"relics":["Coffee Dripper","MawBank"],"acts_visited":["Exordium"],"potions_floor_usage":[],"damage_taken":[{"damage":4,"enemies":"2 Louse","floor":1,"turns":2},{"damage":10,"enemies":"Small Slimes","floor":3,"turns":3},{"damage":0,"enemies":"Cultist","floor":5,"turns":5},{"damage":60,"enemies":"Gremlin Nob","floor":7,"turns":4}],"seed_played":"-8413227248154955432","potions_obtained":[],"is_trial":false,"path_per_floor":["M","?","M","?","M","R","E"],"character_chosen":"DEFECT","items_purchased":[],"campfire_rested":0,"item_purchase_floors":[],"current_hp_per_floor":[60,65,55,55,55,55,0,0],"gold":185,"neow_bonus":"BOSS_RELIC","is_daily":false,"chose_seed":false,"campfire_upgraded":1,"win_rate":0.0,"timestamp":1609684797,"path_taken":["M","?","M","?","M","R","E"],"items_purchased_type":[],"build_version":"2020-12-22","purchased_purges":0,"victory":false,"max_hp_per_floor":[71,76,76,76,76,76,76,76],"relic_stats":{"counters":[4,14],"MawBank":36,"obtain_stats":[{"Coffee Dripper":0,"Cracked Core":0,"MawBank":4},{"Coffee Dripper":0,"Cracked Core":0,"MawBank":2},{"Coffee Dripper":0,"Cracked Core":0,"MawBank":5}]},"card_choices":[{"not_picked":["Steam","Go for the Eyes"],"picked":"Coolheaded","floor":1},{"not_picked":["Redo","Turbo"],"picked":"Coolheaded","floor":3},{"not_picked":["Beam Cell","Compile Driver"],"picked":"Undo","floor":5}],"player_experience":1323277,"relics_obtained":[{"floor":4,"key":"MawBank"}],"event_choices":[{"damage_healed":0,"gold_gain":0,"player_choice":"Donut","damage_taken":0,"max_hp_gain":5,"max_hp_loss":0,"event_name":"Big Fish","floor":2,"gold_loss":0},{"damage_healed":0,"gold_gain":0,"player_choice":"Relic","damage_taken":0,"max_hp_gain":0,"max_hp_loss":0,"event_name":"Wheel of Change","floor":4,"gold_loss":0}],"is_beta":false,"boss_relics":[],"items_purged_floors":[],"is_endless":false,"potions_floor_spawned":[],"killed_by":"Gremlin Nob","ascension_level":19}}