{"host":"i58uscbei3sy5089","time":1609672121,"event":{"mods":["ATMod(阿瑾Mod)","Act Like it!","BaseMod","Challenge The Spire","Colored Powertips","Conspire","Infinite Spire","Koishi","Lobotomy","LobotomyExtend","Minty Spire (QoL Compilation)","MostiFishMod","Prisma Mod","Quick Restart","Replay The Spire","Shop Mod","Spicy Shops","StSLib","TestMod","The Administrix","The Construct","The Marked","UnlockEverythingMod","WarShipGirlsR/战舰少女R mod","[IsaacMod]以撒尖塔","vexMod","【功能Mod】混沌之环修复补丁","【遗物卡牌】REMEMod","篝火指南"],"gold_per_floor":[278,289,305,33,114,114,114,131,158,158,158,175,13,13,13,114,114,126,159,192,192,192,192,227,258,258,258,258],"floor_reached":27,"playtime":1870,"items_purged":["theMarked:Strike","theMarked:Strike","Scorched"],"score":332,"play_id":"6f50beb0-a297-47ee-81b0-ab06dd7fd454","local_time":"20210103190841","is_ascension_mode":false,"campfire_choices":[{"data":"theMarked:SoldierOfQuellstein","floor":6,"key":"SMITH"},{"data":"theMarked:ReduceFriction","floor":10,"key":"SMITH"},{"data":"ReplayTheSpireMod:Black Plague","floor":15,"key":"SMITH"},{"data":"infinitespire:NeuralNetwork","floor":23,"key":"SMITH"}],"circlet_count":0,"master_deck":["theMarked:Strike+1","theMarked:Defend+1","theMarked:Defend+1","theMarked:Defend+1","theMarked:Defend+1","theMarked:SoldierOfQuellstein+1","AT_Desolate+1","theMarked:FavorableWinds+1","MHz","theMarked:BindingBlade+1","theMarked:ReduceFriction+1","ReplayTheSpireMod:Black Plague+1","theMarked:BindingBlade","theMarked:ElementalBlade+1","OSAHOGD","theMarked:MagicAdept+1","theMarked:Panic+1","theMarked:Polarize","infinitespire:NeuralNetwork+1","theMarked:MuscleMemory"],"relics":["theMarked:ArtifactOfAir","testmod-TestBox","HushsDoor","DaveBox","AT_ATBox","REME_ComplimentaryCards","CogitoBucket","RabbitCall","DSteel32","testmod-BouquetWithThorns","SynthV:TestCard","LetterFromLob","MerchantsRug","theMarked:Winder","ImprovedEquipment","Blue Doll","ChampionBelt","Red Mask","testmod-AssaultLearning","REME_LimitBreaker","FeatherPendant","Pet Ghost","testmod-LifeArmor","Iron Hammer"],"acts_visited":["Exordium","TheCity"],"potions_floor_usage":[],"damage_taken":[{"damage":0,"enemies":"Cultist","floor":1,"turns":3},{"damage":0,"enemies":"Jaw Worm","floor":2,"turns":3},{"damage":0,"enemies":"2 Louse","floor":3,"turns":3},{"damage":0,"enemies":"2 Fungi Beasts","floor":8,"turns":2},{"damage":0,"enemies":"3 Louse","floor":12,"turns":2},{"damage":27,"enemies":"Slime Boss","floor":16,"turns":6},{"damage":9,"enemies":"Shell Parasite","floor":18,"turns":3},{"damage":29,"enemies":"Masked Bandits","floor":19,"turns":3},{"damage":0,"enemies":"conspire:Head Lice","floor":20,"turns":5},{"damage":6,"enemies":"REME_1_Revenger","floor":24,"turns":3},{"damage":0,"enemies":"Replay:Snechameleon","floor":25,"turns":2},{"damage":49,"enemies":"conspire:Head Lice","floor":27,"turns":3}],"seed_played":"9171302215276189646","potions_obtained":[{"floor":1,"key":"PowerPotion"},{"floor":3,"key":"Elixir"},{"floor":19,"key":"FearPotion"},{"floor":20,"key":"Elixir"},{"floor":25,"key":"testmod-TestPotion"}],"is_trial":false,"path_per_floor":["M","M","M","$","T","R","?","M","T","R","?","M","$","?","R","B",null,"M","?","M","AVR","?","R","M","E","T","M"],"character_chosen":"THE_DEFAULT","items_purchased":["MerchantsRug","theMarked:Winder","theMarked:ElementalBlade+1"],"campfire_rested":0,"item_purchase_floors":[4,4,13],"current_hp_per_floor":[70,70,70,70,70,70,70,70,70,70,52,52,52,60,60,33,61,52,23,23,23,23,23,17,17,17,0,0],"gold":258,"neow_bonus":"","is_daily":false,"chose_seed":false,"campfire_upgraded":4,"win_rate":0.0,"timestamp":1609672121,"path_taken":["M","M","M","$","?","R","?","M","T","R","?","M","$","?","R","BOSS","M","?","M","AVR","?","R","M","E","T","M"],"items_purchased_type":["Relic","Relic","Card"],"build_version":"2020-12-22","purchased_purges":3,"victory":false,"max_hp_per_floor":[70,70,70,70,70,70,70,70,70,70,70,70,70,70,70,70,70,70,70,70,70,70,70,70,70,70,70,70],"card_choices":[{"not_picked":["MeatLantern","Bloodbath","CherryBlossoms"],"picked":"Singing Bowl","floor":1},{"not_picked":["theMarked:ElectricStrings","theMarked:Parkour","theMarked:HeightenedSenses"],"picked":"SKIP","floor":1},{"not_picked":["Rudolta","CherryBlossoms"],"picked":"MHz","floor":2},{"not_picked":["theMarked:HeightenedSenses","theMarked:ResourceFulStrike","theMarked:RogueSparks","theMarked:TunnelVision"],"picked":"Bomb","floor":2},{"not_picked":["PunishingBird","LittleHelper"],"picked":"Scorched","floor":3},{"not_picked":["theMarked:Improvise","theMarked:Aftermath","theMarked:ElectricStrings","theMarked:ReduceFriction"],"picked":"theMarked:BindingBlade","floor":3},{"not_picked":["PunishingBird","FairyFestival","WhitesApple"],"picked":"Singing Bowl","floor":8},{"not_picked":["theMarked:HeightenedSenses","theMarked:TwofoldDefense","theMarked:SwordAndMagic","theMarked:WastefulDefense"],"picked":"theMarked:ReduceFriction","floor":8},{"not_picked":["infinitespire:Menacing","infinitespire:FutureSight"],"picked":"ReplayTheSpireMod:Black Plague","floor":11},{"not_picked":["Bloodbath","SingingMachine","Variant"],"picked":"Singing Bowl","floor":12},{"not_picked":["theMarked:WardOff","theMarked:Static","theMarked:TakeCover","theMarked:StartUp"],"picked":"theMarked:BindingBlade","floor":12},{"not_picked":["DreamingCurrent","WallGazer"],"picked":"OSAHOGD","floor":16},{"not_picked":["theMarked:FavorableWinds","theMarked:Levitate","theMarked:SummonStrength","theMarked:Defy"],"picked":"theMarked:MagicAdept","floor":16},{"not_picked":["HappyTeddy","SilentOrchestra","Murderer"],"picked":"Singing Bowl","floor":18},{"not_picked":["theMarked:Generate","theMarked:EmpowerWeapon","theMarked:Improvise+1","theMarked:WastefulAttack"],"picked":"theMarked:Panic","floor":18},{"not_picked":["Mercenary","DreamingCurrent","BodiesMountain"],"picked":"Singing Bowl","floor":19},{"not_picked":["PunishingBird","Funeral","HeroicMonk"],"picked":"Singing Bowl","floor":20},{"not_picked":["theMarked:TunnelVision","theMarked:BanishingWave+1","theMarked:GodGivenPower","theMarked:Aftermath+1"],"picked":"theMarked:Polarize","floor":20},{"not_picked":["Rudolta","RedShoes","UniverseFragment"],"picked":"Singing Bowl","floor":24},{"not_picked":["theMarked:Overthink","theMarked:WastefulDefense","theMarked:ElectricStrings+1","theMarked:Indomitable","theMarked:MaelstromOfLightning+1"],"picked":"SKIP","floor":24},{"not_picked":["GalaxyChild","FairyFestival","Funeral"],"picked":"Singing Bowl","floor":25},{"not_picked":["theMarked:AttractMetal","theMarked:KeepCalmAndFightOn","theMarked:HeightenedSenses","theMarked:Frustration","theMarked:TwofoldDefense"],"picked":"SKIP","floor":25}],"player_experience":690358,"relics_obtained":[{"floor":1,"key":"SynthV:TestCard"},{"floor":1,"key":"LetterFromLob"},{"floor":5,"key":"ImprovedEquipment"},{"floor":9,"key":"Blue Doll"},{"floor":19,"key":"Red Mask"},{"floor":20,"key":"testmod-AssaultLearning"},{"floor":24,"key":"Pet Ghost"},{"floor":25,"key":"testmod-LifeArmor"},{"floor":26,"key":"Iron Hammer"}],"event_choices":[{"cards_removed":["theMarked:Strike"],"damage_healed":0,"gold_gain":0,"player_choice":"Purged","damage_taken":0,"max_hp_gain":0,"max_hp_loss":0,"event_name":"Purifier","floor":7,"gold_loss":0},{"damage_healed":0,"gold_gain":0,"player_choice":"Fought Bandits","damage_taken":0,"max_hp_gain":0,"max_hp_loss":0,"event_name":"Masked Bandits","floor":19,"gold_loss":0},{"damage_healed":0,"gold_gain":0,"cards_transformed":["theMarked:Strike"],"player_choice":"Transformed","damage_taken":0,"max_hp_gain":0,"max_hp_loss":0,"event_name":"Transmorgrifier","floor":22,"gold_loss":0,"cards_obtained":["theMarked:MuscleMemory"]}],"is_beta":false,"boss_relics":[{"not_picked":["vexMod:BigBerry","HereWithMe"],"picked":"ChampionBelt"},{"not_picked":[]}],"items_purged_floors":[4,13,21],"is_endless":false,"potions_floor_spawned":[1,3,19,20,25],"killed_by":"conspire:Head Lice","ascension_level":20}}