{"host":"p7j7o00jacnw7qzt","time":1609702061,"event":{"mods":["BaseMod","Colored Map","Colored Powertips","DeckTracker","Highlight Path","Minty Spire (QoL Compilation)","Relic Stats"],"gold_per_floor":[115,115,190,190,72,72,102,102,181,210,210,225,225,225,225,297,297,313,48,48,63,82,82,111,111,138,173,173,186,186,197,197,271,271,288,238,263,263,263,298,298,331,356,375,408,408,200,227,227,227,227,227,227,20,54,54],"floor_reached":57,"playtime":2901,"items_purged":["Strike_G","Strike_G","Defend_G","Strike_G"],"score":3241,"play_id":"58d3af64-e874-4cf8-8fb0-1ddb11a420a4","local_time":"20210103142741","is_ascension_mode":true,"campfire_choices":[{"data":"Blade Dance","floor":6.0,"key":"SMITH"},{"data":"Footwork","floor":11.0,"key":"SMITH"},{"data":"Neutralize","floor":13.0,"key":"SMITH"},{"floor":15.0,"key":"RECALL"},{"data":"Phantasmal Killer","floor":23.0,"key":"SMITH"},{"floor":28.0,"key":"REST"},{"data":"Well Laid Plans","floor":30.0,"key":"SMITH"},{"data":"Acrobatics","floor":32.0,"key":"SMITH"},{"data":"Expertise","floor":41.0,"key":"SMITH"},{"data":"Acrobatics","floor":46.0,"key":"SMITH"},{"data":"Backflip","floor":49.0,"key":"SMITH"},{"data":"Venomology","floor":53.0,"key":"SMITH"}],"circlet_count":0,"master_deck":["AscendersBane","Defend_G","Defend_G","Defend_G+1","Defend_G","Survivor","Neutralize+1","Blade Dance+1","Infinite Blades","Footwork+1","Venomology+1","Phantasmal Killer+1","Well Laid Plans+1","Concentrate+1","Acrobatics+1","Backflip+1","Expertise+1","Flash of Steel","Flash of Steel","Acrobatics+1"],"relics":["Ring of the Snake","NeowsBlessing","Question Card","Regal Pillow","Mercury Hourglass","TungstenRod","Smiling Mask","SlaversCollar","Shuriken","The Specimen","Vajra","Bag of Preparation","Runic Dome","Bird Faced Urn","War Paint","Pen Nib","Happy Flower","TheAbacus","Eternal Feather","Bronze Scales","Ornamental Fan"],"acts_visited":["Exordium","TheCity","TheBeyond","TheEnding"],"potions_floor_usage":[56,56,56,56,56],"damage_taken":[{"damage":0.0,"enemies":"Small Slimes","floor":1.0,"turns":1.0},{"damage":0.0,"enemies":"3 Sentries","floor":7.0,"turns":1.0},{"damage":0.0,"enemies":"Lagavulin","floor":10.0,"turns":2.0},{"damage":0.0,"enemies":"Jaw Worm","floor":12.0,"turns":3.0},{"damage":24.0,"enemies":"Hexaghost","floor":16.0,"turns":10.0},{"damage":4.0,"enemies":"Shell Parasite","floor":18.0,"turns":6.0},{"damage":0.0,"enemies":"Spheric Guardian","floor":21.0,"turns":3.0},{"damage":21.0,"enemies":"Centurion and Healer","floor":22.0,"turns":6.0},{"damage":13.0,"enemies":"Gremlin Leader","floor":24.0,"turns":6.0},{"damage":20.0,"enemies":"Slavers","floor":27.0,"turns":5.0},{"damage":5.0,"enemies":"Snecko","floor":29.0,"turns":5.0},{"damage":0.0,"enemies":"Cultist and Chosen","floor":31.0,"turns":4.0},{"damage":0.0,"enemies":"Automaton","floor":33.0,"turns":6.0},{"damage":18.0,"enemies":"3 Darklings","floor":35.0,"turns":4.0},{"damage":0.0,"enemies":"Mind Bloom Boss Battle","floor":37.0,"turns":8.0},{"damage":0.0,"enemies":"Giant Head","floor":40.0,"turns":2.0},{"damage":0.0,"enemies":"Nemesis","floor":42.0,"turns":5.0},{"damage":0.0,"enemies":"3 Shapes","floor":44.0,"turns":2.0},{"damage":30.0,"enemies":"Reptomancer","floor":45.0,"turns":4.0},{"damage":7.0,"enemies":"Nemesis","floor":48.0,"turns":3.0},{"damage":2.0,"enemies":"Awakened One","floor":50.0,"turns":4.0},{"damage":0.0,"enemies":"Donu and Deca","floor":51.0,"turns":3.0},{"damage":0.0,"enemies":"Shield and Spear","floor":55.0,"turns":2.0},{"damage":46,"enemies":"The Heart","floor":56,"turns":5}],"seed_played":"9209306276140807402","potions_obtained":[{"floor":7.0,"key":"Block Potion"},{"floor":12.0,"key":"Strength Potion"},{"floor":22.0,"key":"FearPotion"},{"floor":29.0,"key":"SteroidPotion"},{"floor":33.0,"key":"Poison Potion"},{"floor":40.0,"key":"Fruit Juice"},{"floor":44.0,"key":"Regen Potion"},{"floor":48.0,"key":"SpeedPotion"}],"is_trial":false,"path_per_floor":["M","?","?","?","$","R","E","?","T","E","R","M","R","?","R","B",null,"M","$","?","M","M","R","E","?","T","E","R","M","R","M","R","B",null,"M","$","?","?","?","E","R","E","T","M","E","R","$","E","R","B","B",null,"R","$","E","B",null],"character_chosen":"THE_SILENT","items_purchased":["Footwork","Shuriken","TheAbacus","Bronze Scales"],"campfire_rested":1,"item_purchase_floors":[5,19,47,54],"current_hp_per_floor":[59,52,41,41,41,41,41,36,36,36,36,36,36,36,36,12,53,49,49,66,66,45,45,32,27,27,7,41,36,36,36,36,36,59,41,41,41,32,32,38,38,49,49,55,41,41,41,40,52,56,62,69,71,71,71,31],"gold":54,"neow_bonus":"THREE_ENEMY_KILL","is_daily":false,"chose_seed":false,"campfire_upgraded":10,"win_rate":0.0,"timestamp":1609702061,"path_taken":["M","?","?","?","$","R","E","?","T","E","R","M","R","?","R","BOSS","M","$","?","M","?","R","E","?","T","E","R","M","R","?","R","BOSS","M","$","?","?","?","E","R","E","T","?","E","R","$","E","R","BOSS","BOSS","R","$","E","BOSS"],"items_purchased_type":["Card","Relic","Relic","Relic"],"build_version":"2020-12-22","purchased_purges":4,"victory":true,"max_hp_per_floor":[66,66,66,66,66,66,66,66,66,66,66,66,66,66,66,66,66,66,66,66,66,66,66,66,66,66,66,66,66,66,66,66,66,66,66,66,66,66,66,66,66,71,71,71,71,71,71,71,71,71,71,71,71,71,71,71],"relic_stats":{"Regal Pillow":15,"Happy Flower":[5],"counters":[24,100],"Eternal Feather":14,"Pen Nib":[18],"Bag of Preparation":[28],"War Paint":["Concentrate","Defend_G"],"Question Card":22,"Smiling Mask":225,"Mercury Hourglass":[381],"TheAbacus":[210],"Shuriken":[112],"Ornamental Fan":[52],"Bird Faced Urn":[46],"Bronze Scales":[57],"obtain_stats":[{"Regal Pillow":8,"NeowsBlessing":0,"The Specimen":24,"Happy Flower":45,"Vajra":26,"Eternal Feather":48,"Pen Nib":42,"Bag of Preparation":27,"War Paint":40,"Question Card":7,"Smiling Mask":14,"Mercury Hourglass":9,"SlaversCollar":17,"Runic Dome":34,"TheAbacus":47,"Shuriken":19,"Ornamental Fan":55,"Bird Faced Urn":37,"Bronze Scales":54,"TungstenRod":10,"Ring of the Snake":0},{"Regal Pillow":2,"NeowsBlessing":0,"The Specimen":9,"Happy Flower":19,"Vajra":9,"Eternal Feather":20,"Pen Nib":17,"Bag of Preparation":10,"War Paint":16,"Question Card":2,"Smiling Mask":4,"Mercury Hourglass":2,"SlaversCollar":5,"Runic Dome":13,"TheAbacus":19,"Shuriken":6,"Ornamental Fan":23,"Bird Faced Urn":15,"Bronze Scales":22,"TungstenRod":3,"Ring of the Snake":0},{"Regal Pillow":2,"NeowsBlessing":0,"The Specimen":38,"Happy Flower":83,"Vajra":38,"Eternal Feather":86,"Pen Nib":77,"Bag of Preparation":43,"War Paint":72,"Question Card":2,"Smiling Mask":7,"Mercury Hourglass":2,"SlaversCollar":17,"Runic Dome":58,"TheAbacus":83,"Shuriken":23,"Ornamental Fan":95,"Bird Faced Urn":70,"Bronze Scales":93,"TungstenRod":4,"Ring of the Snake":0}],"TungstenRod":66,"Ring of the Snake":[48]},"card_choices":[{"not_picked":["Prepared","Quick Slash"],"picked":"Blade Dance","floor":1.0},{"not_picked":["Flying Knee","Outmaneuver","Sucker Punch"],"picked":"SKIP","floor":7.0},{"not_picked":["Deflect","Crippling Poison","Blur","PiercingWail"],"picked":"SKIP","floor":10.0},{"not_picked":["Deflect","Skewer","Poisoned Stab"],"picked":"Venomology","floor":12.0},{"not_picked":["Burst","Night Terror","Tools of the Trade"],"picked":"Phantasmal Killer","floor":16.0},{"not_picked":["Dagger Throw","Cloak And Dagger","Deadly Poison+1"],"picked":"Well Laid Plans","floor":18.0},{"not_picked":["Endless Agony","Deflect","Underhanded Strike","Bane"],"picked":"SKIP","floor":21.0},{"not_picked":["Bullet Time","Flying Knee","Heel Hook"],"picked":"Concentrate","floor":22.0},{"not_picked":["Bane","Poisoned Stab","Terror+1"],"picked":"Acrobatics","floor":24.0},{"not_picked":["Glass Knife","Riddle With Holes","Outmaneuver"],"picked":"Backflip","floor":27.0},{"not_picked":["Cloak And Dagger","Underhanded Strike","Eviscerate","Dodge and Roll"],"picked":"SKIP","floor":29.0},{"not_picked":["Cloak And Dagger","Underhanded Strike","Eviscerate","Dodge and Roll"],"picked":"SKIP","floor":29.0},{"not_picked":["Deflect","Flying Knee","Distraction","PiercingWail"],"picked":"SKIP","floor":31.0},{"not_picked":["Deadly Poison","Concentrate","Blade Dance","Dodge and Roll+1"],"picked":"SKIP","floor":35.0},{"not_picked":["Flechettes","Caltrops","Bouncing Flask"],"picked":"Expertise","floor":37.0},{"not_picked":["Panache","Apotheosis","Madness"],"picked":"Flash of Steel","floor":38.0},{"not_picked":["Bandage Up","Swift Strike","Discovery"],"picked":"Flash of Steel","floor":38.0},{"not_picked":["Concentrate","Blur","Flying Knee","Slice+1"],"picked":"SKIP","floor":40.0},{"not_picked":["Outmaneuver","Bane","Corpse Explosion"],"picked":"Acrobatics","floor":42.0},{"not_picked":["Finisher","Flying Knee","Bane+1","Blade Dance"],"picked":"SKIP","floor":44.0},{"not_picked":["Glass Knife","Deflect+1","Expertise","Endless Agony"],"picked":"SKIP","floor":45.0},{"not_picked":["Bane","Crippling Poison","Cloak And Dagger","Outmaneuver"],"picked":"SKIP","floor":48.0},{"not_picked":["Well Laid Plans","Storm of Steel","Corpse Explosion","A Thousand Cuts"],"picked":"SKIP","floor":55.0}],"player_experience":962680,"relics_obtained":[{"floor":7.0,"key":"Question Card"},{"floor":9.0,"key":"Mercury Hourglass"},{"floor":10.0,"key":"TungstenRod"},{"floor":24.0,"key":"The Specimen"},{"floor":26.0,"key":"Vajra"},{"floor":27.0,"key":"Bag of Preparation"},{"floor":37.0,"key":"Bird Faced Urn"},{"floor":40.0,"key":"War Paint"},{"floor":42.0,"key":"Pen Nib"},{"floor":45.0,"key":"Happy Flower"},{"floor":48.0,"key":"Eternal Feather"},{"floor":55.0,"key":"Ornamental Fan"}],"event_choices":[{"cards_removed":["Strike_G"],"damage_healed":0.0,"max_hp_gain":0.0,"max_hp_loss":0.0,"gold_gain":0.0,"event_name":"Golden Wing","player_choice":"Card Removal","floor":2.0,"gold_loss":0.0,"damage_taken":7.0},{"damage_healed":0.0,"max_hp_gain":0.0,"max_hp_loss":0.0,"gold_gain":75.0,"event_name":"World of Goop","player_choice":"Gather Gold","floor":3.0,"gold_loss":0.0,"damage_taken":11.0},{"damage_healed":0.0,"max_hp_gain":0.0,"max_hp_loss":0.0,"gold_gain":0.0,"cards_transformed":["Strike_G"],"event_name":"Living Wall","player_choice":"Change","floor":4.0,"gold_loss":0.0,"damage_taken":0.0,"cards_obtained":["Infinite Blades"]},{"damage_healed":0.0,"max_hp_gain":0.0,"max_hp_loss":0.0,"gold_gain":0.0,"event_name":"Scrap Ooze","player_choice":"Success","floor":8.0,"gold_loss":0.0,"damage_taken":5.0,"relics_obtained":["Regal Pillow"]},{"damage_healed":0.0,"max_hp_gain":0.0,"max_hp_loss":0.0,"gold_gain":0.0,"event_name":"Dead Adventurer","player_choice":"Searched \u00271\u0027 times","floor":14.0,"gold_loss":0.0,"damage_taken":0.0,"relics_obtained":["Smiling Mask"]},{"damage_healed":17.0,"max_hp_gain":0.0,"max_hp_loss":0.0,"gold_gain":0.0,"event_name":"Wheel of Change","player_choice":"Full Heal","floor":20.0,"gold_loss":0.0,"damage_taken":0.0},{"damage_healed":0.0,"max_hp_gain":0.0,"max_hp_loss":0.0,"gold_gain":0.0,"event_name":"Knowing Skull","player_choice":"","floor":25.0,"potions_obtained":[],"gold_loss":0.0,"damage_taken":6.0,"cards_obtained":[]},{"damage_healed":0.0,"max_hp_gain":0.0,"max_hp_loss":0.0,"gold_gain":0.0,"event_name":"MindBloom","player_choice":"Fight","floor":37.0,"gold_loss":0.0,"damage_taken":0.0},{"damage_healed":0.0,"max_hp_gain":0.0,"max_hp_loss":0.0,"gold_gain":0.0,"event_name":"SensoryStone","player_choice":"Memory 3","floor":38.0,"gold_loss":0.0,"damage_taken":10.0},{"damage_healed":0.0,"max_hp_gain":0.0,"max_hp_loss":0.0,"gold_gain":0.0,"event_name":"The Moai Head","player_choice":"Ignored","floor":39.0,"gold_loss":0.0,"damage_taken":0.0}],"is_beta":false,"boss_relics":[{"not_picked":["Busted Crown","Velvet Choker"],"picked":"SlaversCollar"},{"not_picked":["Pandora\u0027s Box","HoveringKite"],"picked":"Runic Dome"}],"items_purged_floors":[5,36,47,54],"is_endless":false,"potions_floor_spawned":[7,12,22,29,31,33,40,42,44,48,55],"ascension_level":20}}