{"host":"l60rmjjsfi0fipmi","time":1609694936,"event":{"mods":["BaseMod","Colored Map","DeckTracker","Highlight Path","Minty Spire (QoL Compilation)"],"gold_per_floor":[113,188,41,41,52,52,81,96,96,27,27,38,67,29,29,130,180,163,88,104,204,216,216,75,100,124,124,124],"floor_reached":27,"playtime":2480,"items_purged":["Strike_G","Strike_G"],"score":239,"play_id":"e4556ed3-2022-4b78-a2da-c03813489809","local_time":"20210103122856","is_ascension_mode":false,"campfire_choices":[{"data":"Backflip","floor":6,"key":"SMITH"},{"floor":11,"key":"REST"},{"floor":15,"key":"REST"},{"floor":23,"key":"REST"}],"circlet_count":0,"master_deck":["Strike_G","Strike_G","Strike_G","Defend_G","Defend_G","Defend_G+1","Defend_G","Defend_G","Survivor","Neutralize+1","Magnetism","Blade Dance","Die Die Die","Backflip+1","Expertise","Noxious Fumes","Noxious Fumes","Well Laid Plans","Burst","Noxious Fumes","Tools of the Trade","Dagger Spray","Dash","Cloak And Dagger+1","Crippling Poison"],"relics":["Ring of the Snake","Darkstone Periapt","InkBottle","Art of War","Tiny House","Nunchaku","Vajra"],"acts_visited":["Exordium","TheCity"],"potions_floor_usage":[7,25,25,25],"damage_taken":[{"damage":0,"enemies":"Jaw Worm","floor":1,"turns":5},{"damage":0,"enemies":"Cultist","floor":5,"turns":5},{"damage":36,"enemies":"Gremlin Nob","floor":7,"turns":6},{"damage":6,"enemies":"Small Slimes","floor":8,"turns":2},{"damage":3,"enemies":"3 Louse","floor":12,"turns":2},{"damage":10,"enemies":"Lagavulin","floor":13,"turns":8},{"damage":6,"enemies":"Slime Boss","floor":16,"turns":9},{"damage":20,"enemies":"2 Thieves","floor":18,"turns":5},{"damage":6,"enemies":"Chosen","floor":20,"turns":7},{"damage":17,"enemies":"Shelled Parasite and Fungi","floor":22,"turns":7},{"damage":43,"enemies":"Slavers","floor":25,"turns":5},{"damage":2,"enemies":"Cultist and Chosen","floor":27,"turns":3}],"seed_played":"-7222425202414771224","potions_obtained":[{"floor":5,"key":"Poison Potion"},{"floor":7,"key":"BlessingOfTheForge"},{"floor":12,"key":"FearPotion"},{"floor":16,"key":"SkillPotion"},{"floor":18,"key":"SkillPotion"}],"is_trial":false,"path_per_floor":["M","?","$","?","M","R","E","M","T","$","R","M","E","$","R","B",null,"M","$","M","?","M","R","$","E","T","M"],"character_chosen":"THE_SILENT","items_purchased":["Die Die Die","Noxious Fumes","Noxious Fumes","Crippling Poison"],"campfire_rested":3,"item_purchase_floors":[3,10,14,24],"current_hp_per_floor":[63,52,52,52,52,52,16,10,10,10,28,25,15,15,33,27,68,48,48,42,42,25,45,45,2,2,0,0],"gold":124,"neow_bonus":"RANDOM_COLORLESS_2","is_daily":false,"chose_seed":false,"campfire_upgraded":1,"win_rate":0.0,"timestamp":1609694936,"path_taken":["M","?","$","?","M","R","E","M","T","$","R","?","E","?","R","BOSS","M","$","M","?","M","R","?","E","T","M"],"items_purchased_type":["Card","Card","Card","Card"],"build_version":"2020-12-22","purchased_purges":2,"victory":false,"max_hp_per_floor":[63,63,63,63,63,63,63,63,63,63,63,63,63,63,63,63,68,68,68,68,68,68,68,68,68,68,68,68],"card_choices":[{"not_picked":["Secret Weapon","Chrysalis"],"picked":"Magnetism","floor":0},{"not_picked":["Eviscerate","Flechettes"],"picked":"Blade Dance","floor":1},{"not_picked":["Expertise","Underhanded Strike"],"picked":"Backflip","floor":5},{"not_picked":["Venomology","Skewer"],"picked":"Expertise","floor":7},{"not_picked":["Cloak And Dagger","Underhanded Strike"],"picked":"Noxious Fumes","floor":8},{"not_picked":["Acrobatics","Endless Agony"],"picked":"Well Laid Plans","floor":12},{"not_picked":["Dagger Throw","Deflect"],"picked":"Burst","floor":13},{"not_picked":["A Thousand Cuts","Envenom"],"picked":"Tools of the Trade","floor":16},{"not_picked":["Escape Plan","Expertise"],"picked":"Dagger Spray","floor":17},{"not_picked":["Crippling Poison","Quick Slash"],"picked":"Dash","floor":18},{"not_picked":["Blur","Bane+1"],"picked":"Cloak And Dagger+1","floor":20},{"not_picked":["Acrobatics","Distraction+1","Sucker Punch"],"picked":"SKIP","floor":22},{"not_picked":["Bullet Time","Deadly Poison","Corpse Explosion"],"picked":"SKIP","floor":25}],"player_experience":209459,"relics_obtained":[{"floor":7,"key":"Darkstone Periapt"},{"floor":9,"key":"InkBottle"},{"floor":13,"key":"Art of War"},{"floor":25,"key":"Nunchaku"},{"floor":26,"key":"Vajra"}],"event_choices":[{"damage_healed":0,"gold_gain":75,"player_choice":"Gather Gold","damage_taken":11,"max_hp_gain":0,"max_hp_loss":0,"event_name":"World of Goop","floor":2,"gold_loss":0},{"damage_healed":0,"gold_gain":0,"player_choice":"Forge","damage_taken":0,"max_hp_gain":0,"max_hp_loss":0,"event_name":"Accursed Blacksmith","floor":4,"gold_loss":0,"cards_upgraded":["Neutralize"]},{"damage_healed":0,"gold_gain":100,"player_choice":"Pray","damage_taken":0,"max_hp_gain":0,"max_hp_loss":0,"event_name":"Golden Shrine","floor":21,"gold_loss":0}],"is_beta":false,"boss_relics":[{"not_picked":["HoveringKite","Fusion Hammer"],"picked":"Tiny House"}],"items_purged_floors":[19,24],"is_endless":false,"potions_floor_spawned":[5,7,12,16,18],"killed_by":"Cultist and Chosen","ascension_level":0}}