{"host":"na09lpbrez4gbfiz","time":1609696476,"event":{"mods":["Act Like it!","BaseMod","BetterRewards","Colored Map","Colored Powertips","DeckTracker","Googly Eyes","Highlight Path","Minty Spire (QoL Compilation)","Quick Restart","Spicy Shops","StSLib","SuperFastMode","Synergy Search"],"gold_per_floor":[114,114,127,202,213,213,241,241,241,241,255,530,562,580,580,683,683,700,725,144,144,144,173,192,192,216,241,241,241,141,156,156,156,156],"floor_reached":33,"playtime":958,"items_purged":["Regret","Strike_R"],"score":332,"play_id":"17ce0aca-3ec1-4754-94c0-0e223a80c017","local_time":"20210103185436","is_ascension_mode":true,"campfire_choices":[{"data":"Carnage","floor":6,"key":"SMITH"},{"data":"Bash","floor":8,"key":"SMITH"},{"data":"Strike_R","floor":10,"key":"SMITH"},{"data":"Rampage","floor":15,"key":"SMITH"},{"data":"True Grit","floor":25,"key":"SMITH"},{"floor":32,"key":"REST"}],"circlet_count":0,"master_deck":["Strike_R","Strike_R","Strike_R+1","Defend_R","Defend_R","Defend_R","Defend_R","Bash+1","Carnage+1","Rampage+1","Headbutt","Double Tap","True Grit+1","Writhe","Warcry+1"],"relics":["Burning Blood","Orichalcum","Kunai","TungstenRod","Tiny Chest","Philosopher\u0027s Stone","Red Skull","Bottled Flame","Medical Kit","Boot","Blue Candle","Gambling Chip","Art of War","Dead Branch","Letter Opener"],"acts_visited":["Exordium","TheCity"],"potions_floor_usage":[7,16,23,23,23],"damage_taken":[{"damage":5,"enemies":"Jaw Worm","floor":1,"turns":2},{"damage":4,"enemies":"2 Louse","floor":3,"turns":3},{"damage":0,"enemies":"Cultist","floor":5,"turns":3},{"damage":0,"enemies":"Gremlin Nob","floor":7,"turns":2},{"damage":5,"enemies":"3 Louse","floor":11,"turns":3},{"damage":9,"enemies":"3 Sentries","floor":13,"turns":6},{"damage":2,"enemies":"Blue Slaver","floor":14,"turns":2},{"damage":28,"enemies":"The Guardian","floor":16,"turns":7},{"damage":9,"enemies":"3 Byrds","floor":18,"turns":5},{"damage":12,"enemies":"Slavers","floor":23,"turns":5},{"damage":4,"enemies":"Chosen","floor":24,"turns":3},{"damage":33,"enemies":"Book of Stabbing","floor":27,"turns":5},{"damage":14,"enemies":"Centurion and Healer","floor":31,"turns":5},{"damage":62,"enemies":"Collector","floor":33,"turns":8}],"seed_played":"-2912046313360350389","potions_obtained":[{"floor":5,"key":"Fire Potion"},{"floor":7,"key":"Fire Potion"},{"floor":13,"key":"Dexterity Potion"},{"floor":14,"key":"SteroidPotion"},{"floor":16,"key":"AttackPotion"},{"floor":31,"key":"LiquidBronze"}],"is_trial":false,"path_per_floor":["M","?","M","?","M","R","E","R","T","R","M","?","E","M","R","B",null,"M","T","$","?","?","E","M","R","T","E","T","?","$","M","R","B"],"character_chosen":"IRONCLAD","items_purchased":["Bottled Flame","Medical Kit","True Grit","Boot"],"campfire_rested":1,"item_purchase_floors":[20,20,20,20],"current_hp_per_floor":[80,80,80,69,75,75,80,80,80,80,80,80,77,80,80,58,80,77,77,77,77,77,71,73,73,73,46,46,46,46,38,62,0,0],"gold":156,"neow_bonus":"RANDOM_COMMON_RELIC","is_daily":false,"chose_seed":false,"campfire_upgraded":5,"win_rate":0.0,"timestamp":1609696476,"path_taken":["M","?","M","?","M","R","E","R","T","R","M","?","E","M","R","BOSS","M","?","$","?","?","E","M","R","T","E","?","?","$","?","R","BOSS"],"items_purchased_type":["Relic","Relic","Card","Relic"],"build_version":"2020-12-22","purchased_purges":2,"victory":false,"max_hp_per_floor":[80,80,80,80,80,80,80,80,80,80,80,80,80,80,80,80,80,80,80,80,80,80,80,80,80,80,80,80,80,80,80,80,80,80],"card_choices":[{"not_picked":["Wild Strike","Clash","Perfected Strike"],"picked":"SKIP","floor":1},{"not_picked":["Warcry","Iron Wave","Twin Strike"],"picked":"SKIP","floor":3},{"not_picked":["Havoc","Pommel Strike"],"picked":"Carnage","floor":5},{"not_picked":["Bludgeon","Uppercut","Iron Wave"],"picked":"SKIP","floor":7},{"not_picked":["Armaments","Heavy Blade"],"picked":"Rampage","floor":11},{"not_picked":["Entrench","Flex","Clothesline"],"picked":"SKIP","floor":13},{"not_picked":["Burning Pact","Iron Wave"],"picked":"Headbutt","floor":14},{"not_picked":["Berserk","Offering"],"picked":"Double Tap","floor":16},{"not_picked":["Twin Strike","Rampage","Dual Wield"],"picked":"SKIP","floor":18},{"not_picked":["Twin Strike","Rampage","Dual Wield"],"picked":"SKIP","floor":18},{"not_picked":["Shrug It Off","Twin Strike","Body Slam"],"picked":"SKIP","floor":23},{"not_picked":["Cleave","Twin Strike"],"picked":"Warcry+1","floor":24},{"not_picked":["Combust","Sword Boomerang+1","Disarm"],"picked":"SKIP","floor":27},{"not_picked":["Iron Wave","Cleave","Perfected Strike"],"picked":"SKIP","floor":31}],"player_experience":138346,"relics_obtained":[{"floor":7,"key":"Kunai"},{"floor":9,"key":"TungstenRod"},{"floor":13,"key":"Tiny Chest"},{"floor":19,"key":"Red Skull"},{"floor":23,"key":"Gambling Chip"},{"floor":26,"key":"Art of War"},{"floor":27,"key":"Dead Branch"},{"floor":28,"key":"Letter Opener"}],"event_choices":[{"cards_removed":["Strike_R"],"damage_healed":0,"gold_gain":0,"player_choice":"Forget","damage_taken":0,"max_hp_gain":0,"max_hp_loss":0,"event_name":"Living Wall","floor":2,"gold_loss":0},{"damage_healed":0,"gold_gain":75,"player_choice":"Gather Gold","damage_taken":11,"max_hp_gain":0,"max_hp_loss":0,"event_name":"World of Goop","floor":4,"gold_loss":0},{"damage_healed":0,"gold_gain":275,"player_choice":"Desecrate","damage_taken":0,"max_hp_gain":0,"max_hp_loss":0,"event_name":"Golden Shrine","floor":12,"gold_loss":0,"cards_obtained":["Regret"]},{"damage_healed":0,"gold_gain":0,"player_choice":"Opened","damage_taken":0,"relics_obtained":["Blue Candle"],"max_hp_gain":0,"max_hp_loss":0,"event_name":"The Mausoleum","floor":21,"gold_loss":0,"cards_obtained":["Writhe"]},{"damage_healed":0,"gold_gain":0,"player_choice":"0 cards matched","damage_taken":0,"max_hp_gain":0,"max_hp_loss":0,"event_name":"Match and Keep!","floor":22,"gold_loss":0,"cards_obtained":[]},{"damage_healed":0,"gold_gain":0,"player_choice":"Ignored","damage_taken":0,"max_hp_gain":0,"max_hp_loss":0,"event_name":"Cursed Tome","floor":29,"gold_loss":0}],"is_beta":false,"boss_relics":[{"not_picked":["Astrolabe","SacredBark"],"picked":"Philosopher\u0027s Stone"}],"items_purged_floors":[20,30],"is_endless":false,"potions_floor_spawned":[5,7,13,14,16,31],"killed_by":"Collector","ascension_level":1}}