{"host":"gzsdmyo07u314vug","time":1609642185,"event":{"mods":["2.2 Compatiblity","BaseMod","Downfall","GifTheSpireLib","Minty Spire (QoL Compilation)","Quick Restart","Rare Cards Sparkle","Relic Stats","Replay The Spire","Shop Mod","StSLib","The Bug Knight","The Construct","The Elementalist","The IronCluck","The Servant 0.9.4","Unceasing Turn Reminder","everything is the same but u backflip on backflip","slay the spire mod where everything is the same but ironclad has a cowboy hat","vexMod"],"gold_per_floor":[218,218,218,229,304,304,320,320,343,354,204,54,69,83,83,186,186,203,221,43,57,75,101,101,74,74,88,119,129,148,159,159,258,258,274,274,289,289,9,39,39,65,111,141,141,56,70,70,70,70],"floor_reached":51,"playtime":3270,"items_purged":["HollowMod:NailStrikeStart","HollowMod:NailStrikeStart","Parasite"],"score":934,"play_id":"993eb7a0-654b-42f4-91e1-67ae270f6789","local_time":"20210102234945","is_ascension_mode":true,"campfire_choices":[{"data":"HollowMod:DashSlash","floor":6,"key":"SMITH"},{"data":"HollowMod:CycloneSlash","floor":8,"key":"SMITH"},{"data":"HollowMod:MantisMark","floor":15,"key":"SMITH"},{"data":"HollowMod:PogoStrike","floor":24,"key":"SMITH"},{"floor":32,"key":"REST"},{"floor":41,"key":"REST"},{"floor":45,"key":"REST"}],"circlet_count":0,"master_deck":["HollowMod:NailStrikeStart","HollowMod:NailStrikeStart","HollowMod:QuickDashStart+1","HollowMod:QuickDashStart+1","HollowMod:QuickDashStart+1","HollowMod:QuickDashStart+1","HollowMod:FocusHealStart+1","HollowMod:PogoStrike+1","HollowMod:MantisMark+1","HollowMod:DashSlash+1","HollowMod:CycloneSlash+1","HollowMod:NewLittleFool","HollowMod:MantisMark+1","HollowMod:GreatSlash+1","HollowMod:MantisMark+1","HollowMod:CloakDash+1","Secret Weapon+1","HollowMod:MantisMark","HollowMod:CornifersMapStart","HollowMod:SlysStrikes+1","HollowMod:GoodIntentions+1","HollowMod:MonomonsArchive+1","HollowMod:DoubleDash","HollowMod:MantisMark+1","expansioncontent:DefensiveStance+1","HollowMod:SoulStrike+1"],"relics":["HollowMod:VesselMask","Centennial Puzzle","HollowMod:StagPassRelic","vexMod:ImprovementManual","War Paint","ReplayTheSpireMod:CursedCoin","Darkstone Periapt","Frozen Egg 2","Philosopher\u0027s Stone","PreservedInsect","Potion Belt","Oddly Smooth Stone","Replay:Rubber Ducky","Question Card"],"acts_visited":["Exordium","TheCity","TheBeyond"],"potions_floor_usage":[16,19,23,28,31,37,40,42,42,44,47],"damage_taken":[{"damage":0,"enemies":"Small Slimes","floor":1,"turns":3},{"damage":0,"enemies":"2 Louse","floor":4,"turns":4},{"damage":0,"enemies":"Cultist","floor":7,"turns":2},{"damage":9,"enemies":"3 Louse","floor":10,"turns":2},{"damage":9,"enemies":"Exordium Thugs","floor":13,"turns":3},{"damage":3,"enemies":"Blue Slaver","floor":14,"turns":3},{"damage":32,"enemies":"The Guardian","floor":16,"turns":9},{"damage":0,"enemies":"3 Byrds","floor":18,"turns":3},{"damage":2,"enemies":"Shell Parasite","floor":19,"turns":3},{"damage":0,"enemies":"Cultist and Chosen","floor":21,"turns":4},{"damage":0,"enemies":"Chosen and Byrds","floor":22,"turns":3},{"damage":0,"enemies":"Slavers","floor":23,"turns":1},{"damage":18,"enemies":"Snake Plant","floor":27,"turns":3},{"damage":36,"enemies":"Book of Stabbing","floor":28,"turns":6},{"damage":0,"enemies":"Cultist and Chosen","floor":29,"turns":3},{"damage":0,"enemies":"3 Cultists","floor":30,"turns":2},{"damage":5,"enemies":"Centurion and Healer","floor":31,"turns":4},{"damage":37,"enemies":"HollowMod:NKGrimm","floor":33,"turns":10},{"damage":3,"enemies":"Orb Walker","floor":35,"turns":3},{"damage":12,"enemies":"3 Shapes","floor":37,"turns":3},{"damage":47,"enemies":"Nemesis","floor":40,"turns":5},{"damage":16,"enemies":"Reptomancer","floor":42,"turns":5},{"damage":0,"enemies":"Nemesis","floor":44,"turns":5},{"damage":10,"enemies":"Writhing Mass","floor":47,"turns":6},{"damage":54,"enemies":"Awakened One","floor":50,"turns":16}],"seed_played":"-8939251751290506763","potions_obtained":[{"floor":1,"key":"Weak Potion"},{"floor":7,"key":"SkillPotion"},{"floor":14,"key":"SpeedPotion"},{"floor":16,"key":"SteroidPotion"},{"floor":21,"key":"Elixir"},{"floor":27,"key":"champ:CounterPotion"},{"floor":28,"key":"Weak Potion"},{"floor":31,"key":"AttackPotion"},{"floor":38,"key":"Toxic Potion"},{"floor":38,"key":"PowerPotion"},{"floor":40,"key":"SkillPotion"},{"floor":44,"key":"FearPotion"}],"is_trial":false,"path_per_floor":["M","?","?","M","?","R","M","R","T","M","$","?","M","M","R","B",null,"M","M","$","M","M","E","R","$","T","M","E","M","M","M","R","B",null,"M","?","M","?","$","E","R","E","T","E","R","$","M","$","R","B",null],"character_chosen":"THE_BUGKNIGHT","items_purchased":["HollowMod:MantisMark","HollowMod:MantisMark","ReplayTheSpireMod:CursedCoin","Secret Weapon","PreservedInsect","expansioncontent:DefensiveStance+1"],"campfire_rested":3,"item_purchase_floors":[11,20,25,25,39,46],"current_hp_per_floor":[75,75,75,75,64,64,64,64,64,61,61,61,62,65,65,33,75,75,73,73,75,75,75,75,75,75,63,33,33,33,34,56,25,75,72,75,63,63,63,28,49,39,39,45,66,66,66,66,72,28],"gold":70,"neow_bonus":"HUNDRED_GOLD","is_daily":false,"chose_seed":false,"campfire_upgraded":4,"win_rate":0.0,"timestamp":1609642185,"path_taken":["M","?","?","M","?","R","M","R","T","M","$","?","M","M","R","BOSS","M","M","$","M","M","E","R","$","T","M","E","M","M","M","R","BOSS","M","?","?","?","$","E","R","E","T","E","R","?","M","$","R","BOSS"],"items_purchased_type":["Card","Card","Relic","Card","Relic","Card"],"build_version":"2020-12-22","purchased_purges":3,"victory":true,"max_hp_per_floor":[75,75,75,75,75,75,75,75,75,75,75,75,75,75,75,75,75,75,75,75,75,75,75,75,75,75,75,75,75,75,75,75,75,75,75,75,75,75,72,72,72,72,72,72,72,72,72,72,72,72],"relic_stats":{"Darkstone Periapt":0,"Centennial Puzzle":[45],"counters":[25,111],"PreservedInsect":152,"War Paint":["HollowMod:CloakDash","HollowMod:QuickDashStart"],"Question Card":1,"obtain_stats":[{"Darkstone Periapt":26,"Potion Belt":40,"ReplayTheSpireMod:CursedCoin":25,"Oddly Smooth Stone":42,"HollowMod:VesselMask":0,"PreservedInsect":39,"War Paint":23,"Frozen Egg 2":28,"HollowMod:StagPassRelic":12,"Question Card":44,"Replay:Rubber Ducky":43,"Centennial Puzzle":9,"Philosopher\u0027s Stone":34,"vexMod:ImprovementManual":17},{"Darkstone Periapt":12,"Potion Belt":21,"ReplayTheSpireMod:CursedCoin":12,"Oddly Smooth Stone":22,"HollowMod:VesselMask":0,"PreservedInsect":20,"War Paint":12,"Frozen Egg 2":14,"HollowMod:StagPassRelic":4,"Question Card":23,"Replay:Rubber Ducky":22,"Centennial Puzzle":3,"Philosopher\u0027s Stone":18,"vexMod:ImprovementManual":7},{"Darkstone Periapt":40,"Potion Belt":79,"ReplayTheSpireMod:CursedCoin":40,"Oddly Smooth Stone":84,"HollowMod:VesselMask":0,"PreservedInsect":74,"War Paint":40,"Frozen Egg 2":49,"HollowMod:StagPassRelic":11,"Question Card":89,"Replay:Rubber Ducky":84,"Centennial Puzzle":9,"Philosopher\u0027s Stone":68,"vexMod:ImprovementManual":26}]},"card_choices":[{"not_picked":["HollowMod:GreatSlash","HollowMod:SoulVessel"],"picked":"HollowMod:MantisMark","floor":1},{"not_picked":["HollowMod:CloakDash","HollowMod:ShapeofUnn"],"picked":"HollowMod:DashSlash","floor":4},{"not_picked":["HollowMod:QuirrelsAssistance","HollowMod:BrokenVessel"],"picked":"HollowMod:CycloneSlash","floor":7},{"not_picked":["HollowMod:GrimmsGift","HollowMod:SoulSplash"],"picked":"HollowMod:NewLittleFool","floor":10},{"not_picked":["HollowMod:BlackTendrils","HollowMod:ShadowDash","HollowMod:SoulEater"],"picked":"SKIP","floor":13},{"not_picked":["HollowMod:MothsMistake","HollowMod:LordofShades"],"picked":"HollowMod:GreatSlash","floor":14},{"not_picked":["HollowMod:GrimmsGift","HollowMod:NewLittleFool","HollowMod:CycloneSlash"],"picked":"SKIP","floor":18},{"not_picked":["HollowMod:GrimmsGift","HollowMod:NewLittleFool","HollowMod:CycloneSlash"],"picked":"SKIP","floor":18},{"not_picked":["HollowMod:DesolateDive","HollowMod:LifebloodCocoon+1","HollowMod:NewJinnsSoul"],"picked":"SKIP","floor":19},{"not_picked":["HollowMod:DashSlash+1","HollowMod:LuriensSpire"],"picked":"HollowMod:CloakDash","floor":21},{"not_picked":["HollowMod:DreamGate","HollowMod:SiblingsShadow","HollowMod:SoulVessel+1"],"picked":"SKIP","floor":22},{"not_picked":["HollowMod:VengefulVoid","HollowMod:SoulStrike","HollowMod:QuirrelsAssistance"],"picked":"SKIP","floor":23},{"not_picked":["HollowMod:DashSlash","HollowMod:InfectedCysts","HollowMod:SharpenedNail"],"picked":"SKIP","floor":27},{"not_picked":["HollowMod:NewJinnsSoul","HollowMod:AwokenDreamNail","HollowMod:CoiledNail"],"picked":"SKIP","floor":28},{"not_picked":["HollowMod:VengefulVoid","HollowMod:DungDefenderAura"],"picked":"HollowMod:MantisMark","floor":29},{"not_picked":["HollowMod:WraithStrike","HollowMod:InfectedCysts"],"picked":"HollowMod:CornifersMapStart","floor":30},{"not_picked":["HollowMod:Grubsong+1","HollowMod:WraithStrike","HollowMod:DescendingDark"],"picked":"SKIP","floor":31},{"not_picked":["HollowMod:HerrahsAnger","HollowMod:MidwifesHunger"],"picked":"HollowMod:SlysStrikes+1","floor":33},{"not_picked":["HollowMod:DreamGate","HollowMod:TaintedHusks+1","HollowMod:ShadowDash+1"],"picked":"SKIP","floor":35},{"not_picked":["HollowMod:LifebloodCocoon","HollowMod:GreatSlash"],"picked":"HollowMod:GoodIntentions","floor":37},{"not_picked":["HollowMod:SiblingsSouls+1","HollowMod:SoulSplash"],"picked":"HollowMod:MonomonsArchive+1","floor":40},{"not_picked":["HollowMod:SiblingsSouls","HollowMod:theNailsmith"],"picked":"HollowMod:DoubleDash","floor":42},{"not_picked":["HollowMod:theNailsmith","HollowMod:MothsMistake+1"],"picked":"HollowMod:MantisMark+1","floor":44},{"not_picked":["HollowMod:SiblingsSouls+1","HollowMod:DashSlash","HollowMod:TaintedHusks+1"],"picked":"HollowMod:SoulStrike+1","floor":47}],"player_experience":636529,"relics_obtained":[{"floor":9,"key":"Centennial Puzzle"},{"floor":23,"key":"War Paint"},{"floor":26,"key":"Darkstone Periapt"},{"floor":28,"key":"Frozen Egg 2"},{"floor":40,"key":"Potion Belt"},{"floor":42,"key":"Oddly Smooth Stone"},{"floor":43,"key":"Replay:Rubber Ducky"},{"floor":44,"key":"Question Card"}],"event_choices":[{"damage_healed":0,"gold_gain":0,"player_choice":"Grow","damage_taken":0,"max_hp_gain":0,"max_hp_loss":0,"event_name":"Living Wall","floor":2,"gold_loss":0,"cards_upgraded":["HollowMod:MantisMark"]},{"damage_healed":0,"gold_gain":75,"player_choice":"Gather Gold","damage_taken":11,"max_hp_gain":0,"max_hp_loss":0,"event_name":"World of Goop","floor":5,"gold_loss":0},{"damage_healed":3,"gold_gain":0,"player_choice":"Full Heal","damage_taken":0,"max_hp_gain":0,"max_hp_loss":0,"event_name":"Wheel of Change","floor":36,"gold_loss":0},{"damage_healed":0,"gold_gain":0,"player_choice":"Got Potions","damage_taken":0,"max_hp_gain":0,"max_hp_loss":0,"event_name":"Lab","floor":38,"gold_loss":0}],"is_beta":false,"boss_relics":[{"not_picked":["Black Star","HollowMod:VoidIdolRelic"],"picked":"vexMod:ImprovementManual"},{"not_picked":["Calling Bell","Tiny House"],"picked":"Philosopher\u0027s Stone"}],"items_purged_floors":[11,20,39],"is_endless":false,"potions_floor_spawned":[1,7,14,16,18,21,22,27,28,31,40,44],"ascension_level":3}}