{"host":"w3q5ijqu8eoknil3","time":1609702468,"event":{"mods":["AchievementEnabler","BaseMod","Block Reminder","Colored Powertips","Minty Spire (QoL Compilation)","Quick Restart","Relic Stats","ojb\u0027s Better Paths Mod","ojb\u0027s Info Mod","slay the spire mod where everything is the same but ironclad has a cowboy hat"],"gold_per_floor":[116,134,150,225,4,36,36,64,64,84,98,98,98,109,109,109,109],"floor_reached":16,"playtime":462,"items_purged":[],"score":196,"play_id":"fa99482b-b17d-4909-a9ed-80fe3c3be1a5","local_time":"20210103193428","is_ascension_mode":true,"campfire_choices":[{"data":"Apotheosis","floor":7,"key":"SMITH"},{"data":"A Thousand Cuts","floor":12,"key":"SMITH"},{"floor":15,"key":"REST"}],"circlet_count":0,"master_deck":["AscendersBane","Strike_G","Strike_G","Strike_G","Strike_G+1","Strike_G","Defend_G","Defend_G","Defend_G","Defend_G","Defend_G","Survivor","Neutralize+1","Blur","Flying Knee","Apotheosis+1","Deadly Poison","Underhanded Strike+1","Dagger Spray+1","Footwork","A Thousand Cuts+1","Bouncing Flask"],"relics":["Ring of the Snake","NeowsBlessing","Molten Egg 2","Whetstone","Letter Opener"],"acts_visited":["Exordium"],"potions_floor_usage":[14],"damage_taken":[{"damage":0,"enemies":"Cultist","floor":1,"turns":1},{"damage":0,"enemies":"2 Louse","floor":2,"turns":1},{"damage":0,"enemies":"Small Slimes","floor":3,"turns":1},{"damage":17,"enemies":"Gremlin Nob","floor":6,"turns":4},{"damage":15,"enemies":"Lagavulin","floor":8,"turns":9},{"damage":0,"enemies":"Blue Slaver","floor":10,"turns":4},{"damage":6,"enemies":"Exordium Thugs","floor":11,"turns":5},{"damage":0,"enemies":"Looter","floor":14,"turns":3},{"damage":25,"enemies":"The Guardian","floor":16,"turns":5}],"seed_played":"2265064413847268600","potions_obtained":[{"floor":3,"key":"FairyPotion"},{"floor":8,"key":"Dexterity Potion"}],"is_trial":false,"path_per_floor":["M","M","M","?","$","E","R","E","T","M","M","R","?","M","R","B"],"character_chosen":"THE_SILENT","items_purchased":["Apotheosis","Deadly Poison"],"campfire_rested":1,"item_purchase_floors":[5,5],"current_hp_per_floor":[59,59,59,48,48,31,31,16,16,16,10,10,4,4,23,0,0],"gold":109,"neow_bonus":"THREE_ENEMY_KILL","is_daily":false,"chose_seed":false,"campfire_upgraded":2,"win_rate":0.0,"timestamp":1609702468,"path_taken":["M","M","?","?","$","E","R","E","T","M","M","R","?","M","R","BOSS"],"items_purchased_type":["Card","Card"],"build_version":"2020-12-22","purchased_purges":0,"victory":false,"max_hp_per_floor":[66,66,66,66,66,66,66,66,66,66,66,66,66,66,66,66,66],"relic_stats":{"counters":[9,33],"Whetstone":["Neutralize","Strike_G"],"Letter Opener":[10],"obtain_stats":[{"NeowsBlessing":0,"Molten Egg 2":6,"Whetstone":8,"Letter Opener":9,"Ring of the Snake":0},{"NeowsBlessing":0,"Molten Egg 2":4,"Whetstone":5,"Letter Opener":5,"Ring of the Snake":0},{"NeowsBlessing":0,"Molten Egg 2":7,"Whetstone":16,"Letter Opener":16,"Ring of the Snake":0}],"Ring of the Snake":[18]},"card_choices":[{"not_picked":["Prepared","Bane"],"picked":"Blur","floor":1},{"not_picked":["Dodge and Roll","Dagger Throw"],"picked":"Flying Knee","floor":2},{"not_picked":["Concentrate","Endless Agony","Deflect"],"picked":"SKIP","floor":3},{"not_picked":["Blur","Reflex"],"picked":"Underhanded Strike+1","floor":6},{"not_picked":["Setup","Underhanded Strike+1"],"picked":"Dagger Spray+1","floor":8},{"not_picked":["Backflip","Dodge and Roll"],"picked":"Footwork","floor":10},{"not_picked":["Heel Hook+1","Blade Dance"],"picked":"A Thousand Cuts","floor":11},{"not_picked":["Sucker Punch+1","Acrobatics"],"picked":"Bouncing Flask","floor":14}],"player_experience":981109,"relics_obtained":[{"floor":6,"key":"Molten Egg 2"},{"floor":8,"key":"Whetstone"},{"floor":9,"key":"Letter Opener"}],"event_choices":[{"damage_healed":0,"gold_gain":75,"player_choice":"Gather Gold","damage_taken":11,"max_hp_gain":0,"max_hp_loss":0,"event_name":"World of Goop","floor":4,"gold_loss":0},{"damage_healed":0,"gold_gain":0,"player_choice":"Fled","damage_taken":26,"max_hp_gain":0,"max_hp_loss":0,"event_name":"Scrap Ooze","floor":13,"gold_loss":0}],"is_beta":false,"boss_relics":[],"items_purged_floors":[],"is_endless":false,"potions_floor_spawned":[3,8,10],"killed_by":"The Guardian","ascension_level":15}}