{"host":"w2kjv12xyhtt0cv2","time":1609686420,"event":{"mods":["Act Like it!","BaseMod","Colored Map","Friendly Minions","Gensokyo","Highlight Path","Hubris","Kiyohime（清姬）","Marisa（F雨　魔理沙）","Minty Spire (QoL Compilation)","Quick Restart","Reimu（博丽灵梦）","Relic Stats","Replay The Spire","RumiaBox-露米娅的神秘盒子","Shop Mod","Spicy Shops","StSLib","The Cursed","The Servant 0.9.4","UnlockEverythingMod","Waifu the Spire","[功能]功能增强和修复MOD","vexMod","【功能Mod】Neow奖励","【遗物卡牌】REMEMod","没有小屋子和绿帽子啦"],"gold_per_floor":[410,410,66,81,81,138,138,168,168,187,222,222,233,267,267,388,388,426,426,453,488,179,204,84,130,130,179,179,232,266,69,69,188,188,208,208,220,59,59,86,86,120,175,175,207,221,256,274,274,274,274,274,3,53,53],"floor_reached":56,"playtime":5108,"items_purged":["KiyohimeMod:Defend"],"score":1983,"play_id":"4e9824c5-522d-4312-9800-8952f68baf2d","local_time":"20210103230700","is_ascension_mode":true,"campfire_choices":[{"data":"KiyohimeMod:Projection","floor":12.0,"key":"SMITH"},{"data":"REME_CRH","floor":15.0,"key":"SMITH"},{"data":"KiyohimeMod:Track","floor":28.0,"key":"SMITH"},{"data":"KiyohimeMod:FlameKiss","floor":32.0,"key":"SMITH"},{"floor":49,"key":"RECALL"},{"data":"KiyohimeMod:Shapeshift","floor":52,"key":"SMITH"}],"circlet_count":0,"master_deck":["KiyohimeMod:Strike+1","KiyohimeMod:Strike+1","KiyohimeMod:Strike","KiyohimeMod:Strike+1","KiyohimeMod:Defend","KiyohimeMod:Defend","KiyohimeMod:Defend","KiyohimeMod:Track+1","KiyohimeMod:FlameKiss+1","KiyohimeMod:Shapeshift+1","REME_CRH+1","KiyohimeMod:Defend+1","KiyohimeMod:Grimoire","KiyohimeMod:Projection+1","KiyohimeMod:Grimoire","KiyohimeMod:CastleOfTheSun+1","KiyohimeMod:Grimoire","KiyohimeMod:Berserker+1","KiyohimeMod:Projection+1","KiyohimeMod:FacelessMoon+1","KiyohimeMod:Preemptive+1","KiyohimeMod:AVerseOfBurningLoveStory+1","KiyohimeMod:Projection+1","KiyohimeMod:Destruction+1","AbeCurse","KiyohimeMod:Grimoire+1","KiyohimeMod:Preemptive+1","KiyohimeMod:BeElegant+1","REME_BattleFury+1","KiyohimeMod:CommandCard_Quick+1","Madness","Madness","KiyohimeMod:MagicCrystal+1","KiyohimeMod:EatSoul+1"],"relics":["KiyohimeMod:FireDragon","REME_ComplimentaryCards","Old Coin","Replay:Baseball","REME_CardOfGreed","Golden Egg","Gremlin Food","ChaoDraw","hubris:Zylophone","Mastiff:ReiMu","EasyGame_NEW","Gensokyo:DirgeOfMelancholy","Toy Ornithopter","ReplayTheSpireMod:Lightbulb","Mirror","Gensokyo:MaskOfHope","RuthlessExorcism:ReiMu","Prayer Wheel","Whetstone","Smiling Mask","Abe\u0027s Treasure","PreservedInsect","Blood Vial","CeramicFish","Bag of Marbles","Bag of Preparation","Incense Burner"],"acts_visited":["Exordium","Gensokyo:Gensokyoer","TheBeyond","TheEnding"],"potions_floor_usage":[50,55,55],"damage_taken":[{"damage":1.0,"enemies":"2 Louse","floor":1.0,"turns":4.0},{"damage":0.0,"enemies":"Cultist","floor":4.0,"turns":1.0},{"damage":0.0,"enemies":"Gremlin Nob","floor":6.0,"turns":1.0},{"damage":0.0,"enemies":"Lagavulin","floor":8.0,"turns":2.0},{"damage":0.0,"enemies":"Jaw Worm","floor":10.0,"turns":1.0},{"damage":0.0,"enemies":"Gremlin Nob","floor":11.0,"turns":2.0},{"damage":0.0,"enemies":"Red Slaver","floor":13.0,"turns":1.0},{"damage":0.0,"enemies":"3 Sentries","floor":14.0,"turns":2.0},{"damage":0.0,"enemies":"Fading Forest","floor":16.0,"turns":10.0},{"damage":0.0,"enemies":"Gensokyo:CosmicMonolith","floor":18.0,"turns":2.0},{"damage":0.0,"enemies":"Gensokyo:Chomper","floor":21.0,"turns":2.0},{"damage":0.0,"enemies":"Gensokyo:Tenshi","floor":23.0,"turns":1.0},{"damage":0.0,"enemies":"Gensokyo:Reisen","floor":25.0,"turns":2.0},{"damage":0.0,"enemies":"Gensokyo:Koishi","floor":27.0,"turns":2.0},{"damage":7.0,"enemies":"Gensokyo:Slime_Group","floor":29.0,"turns":2.0},{"damage":0.0,"enemies":"Gensokyo:Reisen","floor":30.0,"turns":1.0},{"damage":0.0,"enemies":"Gensokyo:Eiki","floor":33.0,"turns":1.0},{"damage":0.0,"enemies":"3 Darklings","floor":35.0,"turns":2.0},{"damage":0.0,"enemies":"3 Shapes","floor":37.0,"turns":1.0},{"damage":0,"enemies":"Giant Head","floor":40,"turns":2},{"damage":0,"enemies":"R_Hoarder","floor":42,"turns":2},{"damage":0,"enemies":"Reptomancer","floor":45,"turns":2},{"damage":0,"enemies":"Spire Growth","floor":46,"turns":1},{"damage":3,"enemies":"R_Hoarder","floor":47,"turns":3},{"damage":0,"enemies":"4 Shapes","floor":48,"turns":2},{"damage":22,"enemies":"Donu and Deca","floor":50,"turns":3},{"damage":0,"enemies":"Shield and Spear","floor":54,"turns":2},{"damage":18,"enemies":"The Heart","floor":55,"turns":3}],"seed_played":"8610946932035054812","potions_obtained":[{"floor":2.0,"key":"ColorlessPotion"},{"floor":2.0,"key":"DuplicationPotion"},{"floor":2.0,"key":"REME_GoldPotion"},{"floor":10.0,"key":"Fire Potion"},{"floor":10.0,"key":"Elixir"},{"floor":13.0,"key":"AttackPotion"},{"floor":16.0,"key":"BlessingOfTheForge"},{"floor":21.0,"key":"PowerPotion"},{"floor":27.0,"key":"AttackPotion"},{"floor":33.0,"key":"Strength Potion"},{"floor":42,"key":"PowerPotion"}],"is_trial":false,"path_per_floor":["M","?","$","M","?","E","?","E","T","M","E","R","M","E","R","B",null,"M","?","T","M","$","E","?","E","T","E","R","M","E","$","R","B",null,"M","?","M","$","?","E","?","E","T","?","E","M","E","M","R","B",null,"R","$","E","B",null],"character_chosen":"Kiyohime","items_purchased":["Replay:Baseball","REME_CardOfGreed","KiyohimeMod:Projection","ReplayTheSpireMod:Lightbulb","KiyohimeMod:Projection","REME_BattleFury","Bag of Marbles","Bag of Preparation"],"campfire_rested":0,"item_purchase_floors":[3,3,22,22,31,38,53,53],"current_hp_per_floor":[59,59,59,59,47,47,47,47,47,47,47,47,47,47,47,47,60,60,60,60,60,60,60,60,60,60,60,60,53,53,53,53,53,60,60,60,60,60,60,60,52,52,52,52,52,54,53,55,55,38,60,60,60,60,43],"gold":53,"neow_bonus":"ONE_RARE_RELIC","is_daily":false,"chose_seed":false,"campfire_upgraded":5,"win_rate":0.0,"timestamp":1609686420,"path_taken":["M","?","$","?","?","E","?","E","T","?","E","R","M","E","R","BOSS","M","?","?","M","$","E","?","E","T","E","R","?","E","$","R","BOSS","M","?","?","$","?","E","?","E","T","?","E","M","E","M","R","BOSS","R","$","E","BOSS"],"items_purchased_type":["Relic","Relic","Card","Relic","Card","Card","Relic","Relic"],"build_version":"2020-12-22","purchased_purges":1,"victory":true,"max_hp_per_floor":[60,60,60,60,60,60,60,60,60,60,60,60,60,60,60,60,60,60,60,60,60,60,60,60,60,60,60,60,60,60,60,60,60,60,60,60,60,60,60,60,60,60,60,60,60,60,60,60,60,60,60,60,60,60,60],"relic_stats":{"Blood Vial":8,"counters":[28,60],"CeramicFish":0,"Prayer Wheel":5,"PreservedInsect":277,"Bag of Preparation":[4],"Whetstone":["KiyohimeMod:Strike","KiyohimeMod:Strike"],"Smiling Mask":0,"obtain_stats":[{"Golden Egg":6,"CeramicFish":47,"Bag of Preparation":53,"Incense Burner":54,"Whetstone":27,"Smiling Mask":30,"Old Coin":0,"Blood Vial":45,"KiyohimeMod:FireDragon":0,"Frozen Eye":27,"Mastiff:ReiMu":14,"Prayer Wheel":26,"Gremlin Food":8,"Gensokyo:MaskOfHope":24,"Gensokyo:DirgeOfMelancholy":19,"PreservedInsect":40,"ChaoDraw":9,"hubris:Zylophone":11,"Replay:Baseball":3,"Bag of Marbles":53,"REME_CardOfGreed":3,"ReplayTheSpireMod:Lightbulb":22,"Mirror":23,"EasyGame_NEW":17,"Toy Ornithopter":20,"Abe\u0027s Treasure":34,"REME_ComplimentaryCards":0,"RuthlessExorcism:ReiMu":25},{"Golden Egg":3,"CeramicFish":24,"Bag of Preparation":26,"Incense Burner":27,"Whetstone":14,"Smiling Mask":16,"Old Coin":0,"Blood Vial":22,"KiyohimeMod:FireDragon":0,"Frozen Eye":13,"Mastiff:ReiMu":8,"Prayer Wheel":13,"Gremlin Food":4,"Gensokyo:MaskOfHope":12,"Gensokyo:DirgeOfMelancholy":10,"PreservedInsect":20,"ChaoDraw":4,"hubris:Zylophone":6,"Replay:Baseball":1,"Bag of Marbles":26,"REME_CardOfGreed":1,"ReplayTheSpireMod:Lightbulb":11,"Mirror":12,"EasyGame_NEW":9,"Toy Ornithopter":10,"Abe\u0027s Treasure":17,"REME_ComplimentaryCards":0,"RuthlessExorcism:ReiMu":13},{"Golden Egg":6,"CeramicFish":50,"Bag of Preparation":55,"Incense Burner":57,"Whetstone":33,"Smiling Mask":36,"Old Coin":0,"Blood Vial":46,"KiyohimeMod:FireDragon":0,"Frozen Eye":31,"Mastiff:ReiMu":14,"Prayer Wheel":31,"Gremlin Food":8,"Gensokyo:MaskOfHope":29,"Gensokyo:DirgeOfMelancholy":26,"PreservedInsect":42,"ChaoDraw":8,"hubris:Zylophone":11,"Replay:Baseball":4,"Bag of Marbles":55,"REME_CardOfGreed":4,"ReplayTheSpireMod:Lightbulb":28,"Mirror":29,"EasyGame_NEW":24,"Toy Ornithopter":26,"Abe\u0027s Treasure":37,"REME_ComplimentaryCards":0,"RuthlessExorcism:ReiMu":31}],"Toy Ornithopter":4},"card_choices":[{"not_picked":["KiyohimeMod:SteelTraining","KiyohimeMod:LimitedZeroOver"],"picked":"KiyohimeMod:Grimoire","floor":1.0},{"not_picked":["KiyohimeMod:BeElegant","KiyohimeMod:DivineConstruct"],"picked":"KiyohimeMod:EatSoul","floor":4.0},{"not_picked":["KiyohimeMod:BlueBlackKey","KiyohimeMod:CommandCard_Quick","KiyohimeMod:SteelTraining"],"picked":"SKIP","floor":6.0},{"not_picked":["KiyohimeMod:SteelTraining","KiyohimeMod:GreenBlackKey","KiyohimeMod:Berserker"],"picked":"SKIP","floor":8.0},{"not_picked":["KiyohimeMod:AndSoTheShipConquers","KiyohimeMod:SteelTraining"],"picked":"KiyohimeMod:Projection","floor":10.0},{"not_picked":["KiyohimeMod:EatSoul","KiyohimeMod:HydraDagger"],"picked":"KiyohimeMod:Grimoire","floor":11.0},{"not_picked":["KiyohimeMod:LimitedZeroOver","KiyohimeMod:WaterTurn","KiyohimeMod:BlueBlackKey"],"picked":"SKIP","floor":13.0},{"not_picked":["KiyohimeMod:EatSoul","KiyohimeMod:WaterTurn","KiyohimeMod:RedBlackKey"],"picked":"SKIP","floor":14.0},{"not_picked":["KiyohimeMod:Barrier","KiyohimeMod:FiringTheFirstArrow"],"picked":"KiyohimeMod:CastleOfTheSun","floor":16.0},{"not_picked":["KiyohimeMod:AndSoTheShipConquers+1","KiyohimeMod:BlueBlackKey"],"picked":"KiyohimeMod:Grimoire","floor":18.0},{"not_picked":["KiyohimeMod:AndSoTheShipConquers","KiyohimeMod:HydraDagger"],"picked":"KiyohimeMod:Berserker+1","floor":21.0},{"not_picked":["KiyohimeMod:Grimoire","KiyohimeMod:WaterTurn"],"picked":"KiyohimeMod:FacelessMoon","floor":23.0},{"not_picked":["KiyohimeMod:BeastOfBillows","KiyohimeMod:RealityMarble","KiyohimeMod:CommandCard_Quick"],"picked":"SKIP","floor":25.0},{"not_picked":["KiyohimeMod:BeastOfBillows","KiyohimeMod:RealityMarble","KiyohimeMod:CommandCard_Quick"],"picked":"SKIP","floor":25.0},{"not_picked":["KiyohimeMod:RedBlackKey","KiyohimeMod:EatSoul"],"picked":"KiyohimeMod:Preemptive+1","floor":27.0},{"not_picked":["KiyohimeMod:FormalCraft","KiyohimeMod:Berserker","KiyohimeMod:RedBlackKey"],"picked":"SKIP","floor":29.0},{"not_picked":["KiyohimeMod:Berserker","KiyohimeMod:AndSoTheShipConquers","KiyohimeMod:BlueBlackKey"],"picked":"SKIP","floor":29.0},{"not_picked":["KiyohimeMod:WaterTurn","KiyohimeMod:FormalCraft+1"],"picked":"KiyohimeMod:AVerseOfBurningLoveStory","floor":30.0},{"not_picked":["KiyohimeMod:CastleOfTheSun","KiyohimeMod:FiringTheFirstArrow"],"picked":"KiyohimeMod:Destruction","floor":33.0},{"not_picked":["KiyohimeMod:RedBlackKey+1","KiyohimeMod:FirstPremonition"],"picked":"KiyohimeMod:Grimoire+1","floor":35.0},{"not_picked":["KiyohimeMod:GreenBlackKey","KiyohimeMod:EatSoul","KiyohimeMod:Berserker+1"],"picked":"SKIP","floor":35.0},{"not_picked":["KiyohimeMod:AndSoTheShipConquers+1","KiyohimeMod:BeastOfBillows"],"picked":"KiyohimeMod:Preemptive+1","floor":37.0},{"not_picked":["KiyohimeMod:BlueBlackKey+1","KiyohimeMod:HydraDagger+1"],"picked":"KiyohimeMod:BeElegant+1","floor":37.0},{"not_picked":["KiyohimeMod:ImaginaryAround+1","KiyohimeMod:Tenacious+1"],"picked":"KiyohimeMod:CommandCard_Quick+1","floor":40},{"not_picked":["KiyohimeMod:RedBlackKey+1","KiyohimeMod:SteelTraining"],"picked":"KiyohimeMod:MagicCrystal","floor":42},{"not_picked":["KiyohimeMod:BeElegant","KiyohimeMod:AndSoTheShipConquers+1","KiyohimeMod:CommandCard_Buster"],"picked":"SKIP","floor":45},{"not_picked":["KiyohimeMod:SteelTraining","KiyohimeMod:WaterTurn"],"picked":"KiyohimeMod:EatSoul+1","floor":46},{"not_picked":["KiyohimeMod:AndSoTheShipConquers","KiyohimeMod:CommandCard_Quick+1","KiyohimeMod:BlueBlackKey+1"],"picked":"SKIP","floor":46},{"not_picked":["KiyohimeMod:BlueBlackKey","KiyohimeMod:FragmentsOf2030","KiyohimeMod:EatSoul"],"picked":"SKIP","floor":47},{"not_picked":["KiyohimeMod:AndSoTheShipConquers+1","KiyohimeMod:Preemptive","KiyohimeMod:FiringTheFirstArrow"],"picked":"SKIP","floor":48},{"not_picked":["KiyohimeMod:CommandCard_Quick","KiyohimeMod:WaterTurn","KiyohimeMod:Tenacious"],"picked":"SKIP","floor":48},{"not_picked":["KiyohimeMod:Tenacious+1","KiyohimeMod:LimitedZeroOver","KiyohimeMod:RealityMarble+1"],"picked":"SKIP","floor":54}],"player_experience":97623,"relics_obtained":[{"floor":6.0,"key":"Golden Egg"},{"floor":8.0,"key":"Gremlin Food"},{"floor":9.0,"key":"ChaoDraw"},{"floor":11.0,"key":"hubris:Zylophone"},{"floor":14.0,"key":"Mastiff:ReiMu"},{"floor":20.0,"key":"Toy Ornithopter"},{"floor":23.0,"key":"Mirror"},{"floor":25.0,"key":"RuthlessExorcism:ReiMu"},{"floor":26.0,"key":"Prayer Wheel"},{"floor":27.0,"key":"Whetstone"},{"floor":30.0,"key":"Smiling Mask"},{"floor":40,"key":"PreservedInsect"},{"floor":45,"key":"Blood Vial"},{"floor":47,"key":"CeramicFish"},{"floor":54,"key":"Incense Burner"}],"event_choices":[{"damage_healed":0.0,"max_hp_gain":0.0,"max_hp_loss":0.0,"gold_gain":0.0,"event_name":"Lab","player_choice":"Got Potions","floor":2.0,"gold_loss":0.0,"damage_taken":0.0},{"damage_healed":0.0,"max_hp_gain":0.0,"max_hp_loss":0.0,"gold_gain":0.0,"event_name":"Shining Light","player_choice":"Entered Light","floor":5.0,"gold_loss":0.0,"damage_taken":12.0,"cards_upgraded":["KiyohimeMod:Strike","KiyohimeMod:Defend"]},{"cards_removed":["Defend_R"],"damage_healed":0.0,"max_hp_gain":0.0,"max_hp_loss":0.0,"gold_gain":0.0,"event_name":"Bonfire Elementals","player_choice":"Offered Basic","floor":7.0,"gold_loss":0.0,"damage_taken":0.0},{"damage_healed":0.0,"max_hp_gain":0.0,"max_hp_loss":0.0,"gold_gain":0.0,"event_name":"Match and Keep!","player_choice":"0 cards matched","floor":36.0,"gold_loss":0.0,"damage_taken":0.0,"cards_obtained":[]},{"damage_healed":0,"gold_gain":0,"player_choice":"Embrace Madness","damage_taken":8,"max_hp_gain":0,"max_hp_loss":0,"event_name":"Winding Halls","floor":41,"gold_loss":0,"cards_obtained":["Madness","Madness"]},{"cards_removed":["KiyohimeMod:EatSoul"],"damage_healed":0,"gold_gain":0,"player_choice":"Removed Skill","damage_taken":0,"max_hp_gain":0,"max_hp_loss":0,"event_name":"Falling","floor":44,"gold_loss":0}],"is_beta":false,"boss_relics":[{"not_picked":["KiyohimeMod:TheBlackGrail","hubris:BlackHole"],"picked":"EasyGame_NEW"},{"not_picked":["hubris:CrackedHourglass","Runic Dome"],"picked":"Abe\u0027s Treasure"}],"items_purged_floors":[3],"is_endless":false,"potions_floor_spawned":[4,10,10,13,16,21,27,33,35,42,45],"ascension_level":2}}