{"host":"mtg945c5jssv10ty","time":1609655227,"event":{"mods":["BaseMod","Downfall","Minty Spire (QoL Compilation)","StSLib","SuperFastMode"],"gold_per_floor":[99,116,216,216,246,263,287,299,323,235,262,274,271,309,341,353,353,353],"floor_reached":16,"playtime":407,"items_purged":[],"score":100,"play_id":"7c0a0324-581f-4200-8cef-25180c95cb79","local_time":"20210103012707","is_ascension_mode":false,"campfire_choices":[{"floor":1,"key":"RECALL"},{"data":"champ:PerfectedStrike","floor":10,"key":"SMITH"},{"data":"champ:Devastate","floor":12,"key":"SMITH"}],"circlet_count":0,"master_deck":["champ:Strike","champ:Strike","champ:Strike","champ:Strike","champ:Defend","champ:Defend","champ:Defend","champ:Defend","champ:Execute","champ:Taunt","champ:PerfectedStrike+1","champ:Devastate+1","champ:LastStand","champ:EnchantSword"],"relics":["champ:ChampionCrown","Eternal Feather","Boot","MawBank","downfall:BrokenWingStatue","downfall:HeartBlessingRed","Bottled Flame"],"acts_visited":["Exordium"],"potions_floor_usage":[11,16],"damage_taken":[{"damage":11,"enemies":"Jaw Worm","floor":2,"turns":4},{"damage":5,"enemies":"Small Slimes","floor":6,"turns":2},{"damage":0,"enemies":"2 Louse","floor":9,"turns":3},{"damage":0,"enemies":"Exordium Wildlife","floor":11,"turns":3},{"damage":20,"enemies":"downfall:FleeingMerchant","floor":13,"turns":4},{"damage":28,"enemies":"Gremlin Nob","floor":14,"turns":4},{"damage":13,"enemies":"Gremlin Gang","floor":15,"turns":5},{"damage":81,"enemies":"downfall:Watcher","floor":16,"turns":7}],"seed_played":"-3517801847871429250","potions_obtained":[{"floor":9,"key":"Explosive Potion"},{"floor":14,"key":"Swift Potion"},{"floor":15,"key":"Block Potion"}],"is_trial":false,"path_per_floor":["R","M","?","?","?","M","T","?","M","R","M","R","$","E","M","B"],"character_chosen":"THE_CHAMP","items_purchased":[],"campfire_rested":0,"item_purchase_floors":[],"current_hp_per_floor":[99,98,98,91,91,91,91,91,91,97,97,99,89,61,53,0,0,0],"gold":353,"neow_bonus":"TEN_PERCENT_HP_BONUS","is_daily":false,"chose_seed":false,"campfire_upgraded":2,"win_rate":0.0,"timestamp":1609655227,"path_taken":["R","M","?","?","?","M","T","?","?","R","?","R","$","E","M","BOSS"],"items_purchased_type":[],"build_version":"2020-12-22","purchased_purges":0,"victory":false,"max_hp_per_floor":[99,99,99,99,99,99,99,99,99,99,99,99,99,99,99,99,99,99],"card_choices":[{"not_picked":["champ:RageSigil","champ:Parry"],"picked":"champ:PerfectedStrike","floor":2},{"not_picked":["champ:Shatter","champ:Parry","champ:DefensiveShout"],"picked":"SKIP","floor":6},{"not_picked":["champ:SkillfulDodge","champ:DefensiveStyle","champ:BerserkerStyle"],"picked":"SKIP","floor":9},{"not_picked":["champ:DefensiveShout","champ:DeathBlow"],"picked":"champ:Devastate","floor":11},{"not_picked":["champ:GutPunch","champ:TornadoPunch","champ:PreemptiveStrike"],"picked":"SKIP","floor":13},{"not_picked":["champ:AdrenalArmor","champ:GutPunch"],"picked":"champ:LastStand","floor":14},{"not_picked":["champ:EnGarde","champ:TornadoPunch"],"picked":"champ:EnchantSword","floor":15}],"player_experience":175770,"relics_obtained":[{"floor":7,"key":"MawBank"},{"floor":14,"key":"Bottled Flame"}],"event_choices":[{"damage_healed":0,"gold_gain":0,"player_choice":"Success","damage_taken":7,"relics_obtained":["Eternal Feather"],"max_hp_gain":0,"max_hp_loss":0,"event_name":"Scrap Ooze","floor":4,"gold_loss":0}],"is_beta":false,"boss_relics":[],"items_purged_floors":[],"is_endless":false,"potions_floor_spawned":[9,14,15],"killed_by":"downfall:Watcher","ascension_level":0}}