{"host":"91blwi3hgehj6ch9","time":1609709001,"event":{"mods":["2.2 Compatiblity","AchievementEnabler","BaseMod","Colored Map","DeckTracker","Keyboard Shortcuts","Minty Spire (QoL Compilation)","Permanent Neow","Quick Restart","StSLib","SuperFastMode"],"gold_per_floor":[109,122,122,141,154,154,173,201,259,271,283,307,319,39,39,139,139,151,163,63,76,76,76,93,93,144,162,179,104,104,117,117,216,216,233,233,244,119,139,170,220,235,235,269,269,269],"floor_reached":45,"playtime":2300,"items_purged":["Strike_R","Strike_R","Strike_R"],"score":528,"play_id":"30505615-4c05-435d-8867-e49bb0958668","local_time":"20210104062321","is_ascension_mode":true,"campfire_choices":[{"data":"Shrug It Off","floor":6.0,"key":"SMITH"},{"data":"Flex","floor":11.0,"key":"SMITH"},{"data":"Offering","floor":13.0,"key":"SMITH"},{"data":"Armaments","floor":15.0,"key":"SMITH"},{"data":"Demon Form","floor":23.0,"key":"SMITH"},{"data":"Dark Embrace","floor":30.0,"key":"SMITH"},{"data":"Body Slam","floor":32.0,"key":"SMITH"}],"circlet_count":0,"master_deck":["Strike_R","Defend_R","Defend_R","Defend_R","Defend_R","Bash","Reaper","Twin Strike","Shrug It Off+1","Metallicize","Armaments+1","Pommel Strike","Flex+1","Offering+1","Burning Pact","Demon Form+1","True Grit+1","Power Through","Body Slam+1","Dark Embrace+1","Barricade+1","Body Slam+1","Shockwave+1","Feel No Pain+1","True Grit"],"relics":["Burning Blood","MawBank","Nunchaku","Matryoshka","HandDrill","Velvet Choker","Nloth\u0027s Gift","Red Skull","MealTicket","Black Star","Bronze Scales","PreservedInsect","Strawberry","Pear","Akabeko","Juzu Bracelet"],"acts_visited":["Exordium","TheCity","TheBeyond"],"potions_floor_usage":[],"damage_taken":[{"damage":15.0,"enemies":"Cultist","floor":1.0,"turns":4.0},{"damage":13.0,"enemies":"Jaw Worm","floor":2.0,"turns":3.0},{"damage":2.0,"enemies":"2 Louse","floor":4.0,"turns":3.0},{"damage":12.0,"enemies":"Red Slaver","floor":5.0,"turns":4.0},{"damage":20.0,"enemies":"Exordium Thugs","floor":7.0,"turns":8.0},{"damage":32.0,"enemies":"Gremlin Nob","floor":8.0,"turns":5.0},{"damage":18.0,"enemies":"Lots of Slimes","floor":12.0,"turns":4.0},{"damage":34.0,"enemies":"Hexaghost","floor":16.0,"turns":11.0},{"damage":31.0,"enemies":"2 Thieves","floor":18.0,"turns":4.0},{"damage":19.0,"enemies":"3 Byrds","floor":19.0,"turns":6.0},{"damage":5.0,"enemies":"Snecko","floor":21.0,"turns":6.0},{"damage":42.0,"enemies":"Chosen and Byrds","floor":24.0,"turns":7.0},{"damage":12.0,"enemies":"Centurion and Healer","floor":27.0,"turns":6.0},{"damage":13.0,"enemies":"Snecko","floor":28.0,"turns":6.0},{"damage":12.0,"enemies":"Cultist and Chosen","floor":31.0,"turns":7.0},{"damage":39.0,"enemies":"Automaton","floor":33.0,"turns":11.0},{"damage":42.0,"enemies":"3 Darklings","floor":35.0,"turns":11.0},{"damage":6.0,"enemies":"Orb Walker","floor":37.0,"turns":4.0},{"damage":8.0,"enemies":"Maw","floor":39.0,"turns":8.0},{"damage":14.0,"enemies":"Nemesis","floor":40.0,"turns":9.0},{"damage":15.0,"enemies":"Mind Bloom Boss Battle","floor":41.0,"turns":6.0},{"damage":56,"enemies":"3 Darklings","floor":42,"turns":7},{"damage":55,"enemies":"Reptomancer","floor":44,"turns":7},{"damage":23,"enemies":"Sphere and 2 Shapes","floor":45,"turns":5}],"seed_played":"1622818910554983873","potions_obtained":[{"floor":1.0,"key":"Swift Potion"},{"floor":2.0,"key":"DistilledChaos"},{"floor":7.0,"key":"Strength Potion"},{"floor":18.0,"key":"Swift Potion"},{"floor":21.0,"key":"Swift Potion"},{"floor":31.0,"key":"FearPotion"},{"floor":33.0,"key":"SneckoOil"},{"floor":35.0,"key":"Fruit Juice"},{"floor":37.0,"key":"LiquidBronze"},{"floor":42,"key":"DuplicationPotion"}],"is_trial":false,"path_per_floor":["M","M","?","M","M","R","M","E","T","?","R","M","R","$","R","B",null,"M","M","$","M","?","R","M","?","T","M","M","$","R","M","R","B",null,"M","?","M","$","M","E","?","M","T","E","M"],"character_chosen":"IRONCLAD","items_purchased":["HandDrill","Burning Pact","Dark Embrace"],"campfire_rested":0,"item_purchase_floors":[14,14,29],"current_hp_per_floor":[77,76,76,80,74,74,68,46,46,43,43,37,37,37,37,18,80,61,56,56,57,57,57,27,27,27,35,28,43,43,49,49,42,80,55,55,60,75,73,65,80,59,76,27,4,4],"gold":269,"neow_bonus":"ONE_RANDOM_RARE_CARD","is_daily":false,"chose_seed":false,"campfire_upgraded":7,"win_rate":0.0,"timestamp":1609709001,"path_taken":["M","M","?","?","M","R","M","E","T","?","R","M","R","$","R","BOSS","M","M","$","M","?","R","?","?","T","M","?","$","R","M","R","BOSS","M","?","?","?","M","E","?","M","T","E","M"],"items_purchased_type":["Relic","Card","Card"],"build_version":"2020-12-22","purchased_purges":3,"victory":false,"max_hp_per_floor":[80,80,80,80,80,80,80,80,80,80,80,80,80,80,80,80,80,80,80,80,80,80,80,80,80,80,80,80,80,80,80,80,80,80,80,80,85,85,85,85,85,85,102,102,102,102],"card_choices":[{"not_picked":["Spot Weakness","Rupture"],"picked":"Twin Strike","floor":1.0},{"not_picked":["Dropkick","Armaments"],"picked":"Shrug It Off","floor":2.0},{"not_picked":["True Grit","Heavy Blade"],"picked":"Metallicize","floor":4.0},{"not_picked":["Sentinel","Reckless Charge"],"picked":"Armaments","floor":5.0},{"not_picked":["Carnage","Sentinel"],"picked":"Pommel Strike","floor":7.0},{"not_picked":["Twin Strike","Anger"],"picked":"Flex","floor":8.0},{"not_picked":["Infernal Blade","Shrug It Off"],"picked":"Offering","floor":12.0},{"not_picked":["Berserk","Feed"],"picked":"Demon Form","floor":16.0},{"not_picked":["Headbutt","Bloodletting"],"picked":"True Grit+1","floor":18.0},{"not_picked":["Perfected Strike","True Grit","Clash+1"],"picked":"SKIP","floor":19.0},{"not_picked":["Exhume","Havoc+1","Perfected Strike"],"picked":"SKIP","floor":21.0},{"not_picked":["Burning Pact","Thunderclap"],"picked":"Body Slam","floor":24.0},{"not_picked":["Iron Wave","Heavy Blade","Dropkick"],"picked":"SKIP","floor":27.0},{"not_picked":["Infernal Blade","Perfected Strike+1","Rage"],"picked":"SKIP","floor":28.0},{"not_picked":["Brutality","Clash+1","Rage"],"picked":"SKIP","floor":31.0},{"not_picked":["Immolate","Demon Form"],"picked":"Barricade","floor":33.0},{"not_picked":["Sever Soul","Carnage"],"picked":"Body Slam+1","floor":35.0},{"not_picked":["Inflame","Perfected Strike+1"],"picked":"Shockwave+1","floor":37.0},{"not_picked":["Corruption","Feed","Clothesline+1"],"picked":"SKIP","floor":39.0},{"not_picked":["Whirlwind+1","Havoc+1","Feel No Pain+1"],"picked":"SKIP","floor":40.0},{"not_picked":["Whirlwind+1","Havoc+1"],"picked":"Feel No Pain+1","floor":40.0},{"not_picked":["Sword Boomerang+1","Thunderclap","Metallicize+1"],"picked":"SKIP","floor":42},{"not_picked":["Reaper","Clash+1"],"picked":"True Grit","floor":44}],"player_experience":144985,"relics_obtained":[{"floor":8.0,"key":"MawBank"},{"floor":9.0,"key":"Nunchaku"},{"floor":26.0,"key":"Red Skull"},{"floor":26.0,"key":"MealTicket"},{"floor":40.0,"key":"Bronze Scales"},{"floor":40.0,"key":"PreservedInsect"},{"floor":43,"key":"Strawberry"},{"floor":43,"key":"Pear"},{"floor":44,"key":"Akabeko"},{"floor":44,"key":"Juzu Bracelet"}],"event_choices":[{"damage_healed":0.0,"max_hp_gain":0.0,"max_hp_loss":0.0,"gold_gain":0.0,"event_name":"FaceTrader","player_choice":"Trade","floor":3.0,"gold_loss":0.0,"damage_taken":0.0,"relics_obtained":["CultistMask"]},{"damage_healed":0.0,"max_hp_gain":0.0,"max_hp_loss":0.0,"gold_gain":0.0,"event_name":"Scrap Ooze","player_choice":"Success","floor":10.0,"gold_loss":0.0,"damage_taken":3.0,"relics_obtained":["Matryoshka"]},{"damage_healed":0.0,"max_hp_gain":0.0,"max_hp_loss":0.0,"gold_gain":0.0,"cards_transformed":["Strike_R"],"event_name":"Transmorgrifier","player_choice":"Transformed","floor":22.0,"gold_loss":0.0,"damage_taken":0.0,"cards_obtained":["Power Through"]},{"damage_healed":0.0,"max_hp_gain":0.0,"max_hp_loss":0.0,"gold_gain":0.0,"event_name":"N\u0027loth","player_choice":"Traded Relic","floor":25.0,"relics_lost":["CultistMask"],"gold_loss":0.0,"damage_taken":0.0,"relics_obtained":["Nloth\u0027s Gift"]},{"damage_healed":0.0,"max_hp_gain":0.0,"max_hp_loss":0.0,"gold_gain":0.0,"event_name":"Upgrade Shrine","player_choice":"Upgraded","floor":36.0,"gold_loss":0.0,"damage_taken":0.0,"cards_upgraded":["Barricade"]},{"damage_healed":0.0,"max_hp_gain":0.0,"max_hp_loss":0.0,"gold_gain":0.0,"event_name":"MindBloom","player_choice":"Fight","floor":41.0,"gold_loss":0.0,"damage_taken":0.0}],"is_beta":false,"boss_relics":[{"not_picked":["Runic Dome","Busted Crown"],"picked":"Velvet Choker"},{"not_picked":["Cursed Key","Runic Cube"],"picked":"Black Star"}],"items_purged_floors":[14,20,38],"is_endless":false,"potions_floor_spawned":[1,2,7,18,21,31,33,35,37,42],"killed_by":"Sphere and 2 Shapes","ascension_level":1}}