{"host":"hbwa3kjetxrogfq8","time":1609683645,"event":{"mods":["AchievementEnabler","BaseMod","Block Reminder","Colored Map","Colored Powertips","Highlight Path","Minty Spire (QoL Compilation)","Rare Cards Sparkle","Relic Stats","StSLib"],"gold_per_floor":[109,129,147,4,0,0,0,19,19,31,49,63,63,80,80,177,177,191,191,203,1,21,21,21,21,21,21,21],"floor_reached":27,"playtime":1824,"items_purged":[],"score":279,"play_id":"8c579c06-bc73-430d-8a6f-99d0ba620182","local_time":"20210103152045","is_ascension_mode":true,"campfire_choices":[{"data":"Riddle With Holes","floor":6.0,"key":"SMITH"},{"floor":13.0,"key":"REST"},{"floor":15.0,"key":"REST"},{"floor":23,"key":"REST"},{"floor":25,"key":"REST"}],"circlet_count":0,"master_deck":["Strike_G","Strike_G","Strike_G","Strike_G","Strike_G","Defend_G","Defend_G","Defend_G","Defend_G","Defend_G","Survivor","Neutralize","Well Laid Plans","Cloak And Dagger","Riddle With Holes+1","Leg Sweep","Dagger Throw","Deadly Poison","Storm of Steel","PiercingWail","All Out Attack","Die Die Die","Dodge and Roll","Dagger Spray+1","Prepared"],"relics":["Ring of the Snake","TwistedFunnel","Blue Candle","Nloth\u0027s Gift","PreservedInsect","Dead Branch"],"acts_visited":["Exordium","TheCity"],"potions_floor_usage":[16,16,20],"damage_taken":[{"damage":12.0,"enemies":"Cultist","floor":1.0,"turns":7.0},{"damage":0.0,"enemies":"Small Slimes","floor":2.0,"turns":4.0},{"damage":0.0,"enemies":"Jaw Worm","floor":3.0,"turns":4.0},{"damage":0.0,"enemies":"Red Slaver","floor":8.0,"turns":4.0},{"damage":6.0,"enemies":"Lots of Slimes","floor":10.0,"turns":4.0},{"damage":3.0,"enemies":"Blue Slaver","floor":11.0,"turns":3.0},{"damage":1.0,"enemies":"Red Slaver","floor":12.0,"turns":3.0},{"damage":19.0,"enemies":"Gremlin Gang","floor":14.0,"turns":4.0},{"damage":38,"enemies":"Slime Boss","floor":16,"turns":11},{"damage":5,"enemies":"Shell Parasite","floor":18,"turns":7},{"damage":22,"enemies":"2 Thieves","floor":20,"turns":3},{"damage":17,"enemies":"Centurion and Healer","floor":22,"turns":9},{"damage":69,"enemies":"Book of Stabbing","floor":27,"turns":7}],"seed_played":"-2587486272499081156","potions_obtained":[{"floor":1.0,"key":"Regen Potion"},{"floor":2.0,"key":"SkillPotion"},{"floor":3.0,"key":"SneckoOil"},{"floor":8.0,"key":"Regen Potion"},{"floor":22,"key":"Ancient Potion"}],"is_trial":false,"path_per_floor":["M","M","M","$","?","R","?","M","T","M","M","M","R","M","R","B",null,"M","?","M","$","M","R","$","R","T","E"],"character_chosen":"THE_SILENT","items_purchased":["TwistedFunnel","PreservedInsect","Prepared"],"campfire_rested":4,"item_purchase_floors":[4,21,21],"current_hp_per_floor":[51,51,51,51,51,51,51,51,51,45,42,41,62,43,64,41,63,58,58,41,41,24,45,45,66,66,0,0],"gold":21,"neow_bonus":"THREE_CARDS","is_daily":false,"chose_seed":false,"campfire_upgraded":1,"win_rate":0.0,"timestamp":1609683645,"path_taken":["M","M","M","$","?","R","?","M","T","M","M","M","R","M","R","BOSS","M","?","?","?","M","R","$","R","T","E"],"items_purchased_type":["Relic","Relic","Card"],"build_version":"2020-12-22","purchased_purges":0,"victory":false,"max_hp_per_floor":[70,70,70,70,70,70,70,70,70,70,70,70,70,70,70,70,70,70,70,70,70,70,70,70,70,70,70,70],"relic_stats":{"counters":[13,70],"Blue Candle":[0],"Dead Branch":[6],"PreservedInsect":41,"Nloth\u0027s Gift":1,"obtain_stats":[{"TwistedFunnel":4,"WristBlade":17,"Blue Candle":9,"Dead Branch":26,"PreservedInsect":21,"Nloth\u0027s Gift":19,"Ring of the Snake":0},{"TwistedFunnel":3,"WristBlade":9,"Blue Candle":4,"Dead Branch":12,"PreservedInsect":11,"Nloth\u0027s Gift":10,"Ring of the Snake":0},{"TwistedFunnel":15,"WristBlade":44,"Blue Candle":19,"Dead Branch":63,"PreservedInsect":54,"Nloth\u0027s Gift":51,"Ring of the Snake":0}],"Ring of the Snake":[26]},"card_choices":[{"not_picked":["Backflip","Flechettes"],"picked":"Well Laid Plans","floor":0.0},{"not_picked":["Riddle With Holes","Reflex"],"picked":"Cloak And Dagger","floor":1.0},{"not_picked":["Flechettes","Prepared"],"picked":"Riddle With Holes","floor":2.0},{"not_picked":["Setup","Acrobatics"],"picked":"Leg Sweep","floor":3.0},{"not_picked":["Acrobatics","Quick Slash"],"picked":"Dagger Throw","floor":8.0},{"not_picked":["Prepared","Blade Dance"],"picked":"Deadly Poison","floor":10.0},{"not_picked":["Deadly Poison","Underhanded Strike"],"picked":"Storm of Steel","floor":11.0},{"not_picked":["Eviscerate","Distraction"],"picked":"PiercingWail","floor":12.0},{"not_picked":["Prepared","Sucker Punch"],"picked":"All Out Attack","floor":14.0},{"not_picked":["Venomology","Adrenaline"],"picked":"Die Die Die","floor":16},{"not_picked":["Riddle With Holes","Outmaneuver"],"picked":"Dodge and Roll","floor":18},{"not_picked":["Acrobatics","Quick Slash"],"picked":"Dagger Spray+1","floor":20},{"not_picked":["Choke","Grand Finale","Flying Knee"],"picked":"SKIP","floor":22}],"player_experience":603892,"relics_obtained":[{"floor":9.0,"key":"Blue Candle"},{"floor":26,"key":"Dead Branch"}],"event_choices":[{"damage_healed":0.0,"max_hp_gain":0.0,"max_hp_loss":0.0,"gold_gain":0.0,"event_name":"World of Goop","player_choice":"Left Gold","floor":5.0,"gold_loss":4.0,"damage_taken":0.0},{"damage_healed":0.0,"max_hp_gain":0.0,"max_hp_loss":0.0,"gold_gain":0.0,"event_name":"Shining Light","player_choice":"Ignored","floor":7.0,"gold_loss":0.0,"damage_taken":0.0},{"damage_healed":0,"gold_gain":0,"player_choice":"Traded Relic","damage_taken":0,"relics_obtained":["Nloth\u0027s Gift"],"max_hp_gain":0,"max_hp_loss":0,"event_name":"N\u0027loth","floor":19,"relics_lost":["WristBlade"],"gold_loss":0}],"is_beta":false,"boss_relics":[{"not_picked":["Coffee Dripper","HoveringKite"],"picked":"WristBlade"}],"items_purged_floors":[],"is_endless":false,"potions_floor_spawned":[1,2,3,8,22],"killed_by":"Book of Stabbing","ascension_level":7}}