{"host":"1zfbckszmdcrhnfi","time":1609645707,"event":{"mods":["AchievementEnabler","BaseMod","Colored Map","Downfall","Minty Spire (QoL Compilation)","Quick Restart","Shop Mod","StSLib","The Bug Knight","The Cursed"],"gold_per_floor":[16,16,30,40,40,71,71,98,125,125,125,140,140,156,156,259,259,279,279,279,279,279,279,279,279],"floor_reached":24,"playtime":1198,"items_purged":[],"score":202,"play_id":"ed72ba13-7f83-463a-9e73-0c4d2993b4a4","local_time":"20210103114827","is_ascension_mode":false,"campfire_choices":[{"floor":7.0,"key":"RECALL"},{"floor":10.0,"key":"REST"},{"data":"HollowMod:DungDefenderAura","floor":15,"key":"SMITH"},{"data":"HollowMod:MantisMark","floor":23,"key":"SMITH"}],"circlet_count":0,"master_deck":["HollowMod:NailStrikeStart","HollowMod:NailStrikeStart","HollowMod:NailStrikeStart+1","HollowMod:QuickDashStart","HollowMod:QuickDashStart","HollowMod:FocusHealStart","HollowMod:PogoStrike","HollowMod:CycloneSlash+1","HollowMod:PureNailStrike","HollowMod:MantisMark+1","HollowMod:DungDefenderAura+1","HollowMod:InfectedAttack","HollowMod:DreamGate","CurseOfTheBell","HollowMod:MantisMark+1"],"relics":["HollowMod:VesselMask","Dream Catcher","Whetstone","Vajra","Calling Bell","Oddly Smooth Stone","White Beast Statue","Du-Vu Doll","CultistMask"],"acts_visited":["Exordium","TheCity"],"potions_floor_usage":[14,24],"damage_taken":[{"damage":2.0,"enemies":"2 Louse","floor":1.0,"turns":4.0},{"damage":1.0,"enemies":"Cultist","floor":3.0,"turns":3.0},{"damage":0.0,"enemies":"Jaw Worm","floor":4.0,"turns":6.0},{"damage":13.0,"enemies":"3 Sentries","floor":6.0,"turns":6.0},{"damage":29.0,"enemies":"Gremlin Nob","floor":8.0,"turns":5.0},{"damage":0.0,"enemies":"2 Fungi Beasts","floor":12.0,"turns":2.0},{"damage":0,"enemies":"Lots of Slimes","floor":14,"turns":2},{"damage":80,"enemies":"Hexaghost","floor":16,"turns":11},{"damage":11,"enemies":"Chosen","floor":18,"turns":4},{"damage":65,"enemies":"Slavers","floor":24,"turns":4}],"seed_played":"-4110654818911941162","potions_obtained":[{"floor":2.0,"key":"FairyPotion"},{"floor":2.0,"key":"BlessingOfTheForge"},{"floor":2.0,"key":"Weak Potion"},{"floor":4.0,"key":"Block Potion"},{"floor":18,"key":"EssenceOfSteel"}],"is_trial":false,"path_per_floor":["M","?","M","M","$","E","R","E","T","R","?","M","?","M","R","B",null,"M","$","?","$","T","R","E"],"character_chosen":"THE_BUGKNIGHT","items_purchased":[],"campfire_rested":1,"item_purchase_floors":[],"current_hp_per_floor":[75,75,74,74,74,67,67,38,38,60,53,53,53,53,53,1,75,64,64,64,64,64,64,0,0],"gold":279,"neow_bonus":"REMOVE_TWO","is_daily":false,"chose_seed":false,"campfire_upgraded":2,"win_rate":0.0,"timestamp":1609645707,"path_taken":["M","?","M","M","?","E","R","E","T","R","?","M","?","M","R","BOSS","M","$","?","?","?","R","E"],"items_purchased_type":[],"build_version":"2020-12-22","purchased_purges":0,"victory":false,"max_hp_per_floor":[75,75,75,75,75,75,75,75,75,75,75,75,75,75,75,75,75,75,75,75,75,75,75,75,75],"card_choices":[{"not_picked":["HollowMod:NewLittleFool","HollowMod:BaldurShell","HollowMod:DescendingDark"],"picked":"SKIP","floor":1.0},{"not_picked":["HollowMod:DreamGate","HollowMod:CornifersMapStart","HollowMod:PureNailStrike"],"picked":"SKIP","floor":3.0},{"not_picked":["HollowMod:VengefulVoid","HollowMod:Grubsong"],"picked":"HollowMod:CycloneSlash","floor":4.0},{"not_picked":["HollowMod:LifebloodCocoon","HollowMod:BaldurShell"],"picked":"HollowMod:PureNailStrike","floor":6.0},{"not_picked":["HollowMod:InfectedCysts","HollowMod:LifebloodCore"],"picked":"HollowMod:MantisMark","floor":8.0},{"not_picked":["HollowMod:ChannelNail","HollowMod:LifebloodCocoon"],"picked":"HollowMod:DungDefenderAura","floor":10.0},{"not_picked":["HollowMod:InfectedCysts","HollowMod:SiblingsSouls"],"picked":"HollowMod:InfectedAttack","floor":12.0},{"not_picked":["HollowMod:ShadowDash","HollowMod:FastStrike"],"picked":"HollowMod:DreamGate","floor":14},{"not_picked":["HollowMod:NewJinnsSoul","HollowMod:FastStrike"],"picked":"HollowMod:MantisMark+1","floor":18}],"player_experience":206772,"relics_obtained":[{"floor":6.0,"key":"Dream Catcher"},{"floor":8.0,"key":"Whetstone"},{"floor":9.0,"key":"Vajra"},{"floor":17,"key":"Oddly Smooth Stone"},{"floor":17,"key":"White Beast Statue"},{"floor":17,"key":"Du-Vu Doll"}],"event_choices":[{"damage_healed":0.0,"max_hp_gain":0.0,"max_hp_loss":0.0,"gold_gain":0.0,"event_name":"Lab","player_choice":"Got Potions","floor":2.0,"gold_loss":0.0,"damage_taken":0.0},{"cards_removed":["HollowMod:QuickDashStart"],"damage_healed":0.0,"max_hp_gain":0.0,"max_hp_loss":0.0,"gold_gain":0.0,"event_name":"Golden Wing","player_choice":"Card Removal","floor":11.0,"gold_loss":0.0,"damage_taken":7.0},{"damage_healed":0,"gold_gain":0,"player_choice":"Trade","damage_taken":0,"relics_obtained":["CultistMask"],"max_hp_gain":0,"max_hp_loss":0,"event_name":"FaceTrader","floor":20,"gold_loss":0}],"is_beta":false,"boss_relics":[{"not_picked":["Sozu","Tiny House"],"picked":"Calling Bell"}],"items_purged_floors":[],"is_endless":false,"potions_floor_spawned":[4,8,12,18],"killed_by":"Slavers","ascension_level":0}}