{"host":"2ehbln4r1tfoeq56","time":1609644806,"event":{"mods":["Aspiration","BaseMod","Better Altar","Better Match","Better Note","Better Sensory Stone","Better Skull","Better Third Choice","Friendly Minions","GifTheSpireLib","Minty Spire (QoL Compilation)","Shade Mod","StSLib","The Marked"],"gold_per_floor":[115,115,133,144,162,189,189,214,214,225,225,225,239,274,274,379,379,390,465,17,117,105,105,124,143,143,159,15,48,48,81,81,177,177,190,190,207,207,207,242,242,260,283,283,310,51,51,101,101,101],"floor_reached":51,"playtime":3436,"items_purged":["Shade:Strike_Shade"],"score":801,"play_id":"9379e59b-63d3-4314-a47a-406b3fe744cd","local_time":"20210102213326","is_ascension_mode":true,"campfire_choices":[{"data":"Shade:RitualOffering","floor":7,"key":"SMITH"},{"floor":12,"key":"REST"},{"data":"Shade:Brains","floor":15,"key":"SMITH"},{"data":"Shade:TouchOfTheGrave","floor":23,"key":"SMITH"},{"data":"Shade:AncientSpear","floor":30,"key":"SMITH"},{"data":"Shade:FleshLikeOak","floor":32,"key":"SMITH"},{"data":"Shade:Tombstone","floor":44,"key":"SMITH"},{"floor":47,"key":"REST"},{"data":"Shade:DarkOfNight","floor":49,"key":"SMITH"}],"circlet_count":0,"master_deck":["Shade:Defend_Shade","Shade:Defend_Shade","Shade:Defend_Shade","Shade:Defend_Shade","Shade:AnimateDead","Shade:CarefulCut","Shade:Brains+1","Shade:StitchTogether","Shade:GraveStillness","Shade:ClawBack","Shade:RitualOffering+1","Shade:Coordination","Shade:WallOfFlesh","Shade:Frenzy","Shade:FuneraryArmor","Shade:OfferingToTheBeyond","Shade:FleshLikeOak+1","Shade:TouchOfTheGrave+1","Shade:Tombstone+1","Shade:ScuttlingHand+1","Shade:ExtraLimbs+1","Shade:FuneraryJewels","Shade:AncientSpear+1","Shade:DarkOfNight+1","Shade:FuneraryArmor+1","Madness","Madness","Parasite","Shade:AuraOfUnlife","Shade:WallOfFlesh+1"],"relics":["Shade:YorickSkull","CaptainsWheel","Darkstone Periapt","Shade:Thing","Mummified Hand","aspiration:PoetsPen_weak","TheAbacus","Juzu Bracelet","Membership Card","Pear","Question Card","Runic Pyramid","Toxic Egg 2","aspiration:ChemicalBlood","Smiling Mask","Strawberry","Blood Vial","aspiration:AnachronicSnailShell","TungstenRod"],"acts_visited":["Exordium","TheCity","TheBeyond"],"potions_floor_usage":[6,18,29,31,33,50],"damage_taken":[{"damage":3,"enemies":"Small Slimes","floor":1,"turns":4},{"damage":0,"enemies":"Cultist","floor":3,"turns":3},{"damage":0,"enemies":"Jaw Worm","floor":4,"turns":5},{"damage":20,"enemies":"Exordium Thugs","floor":5,"turns":6},{"damage":19,"enemies":"Lagavulin","floor":6,"turns":8},{"damage":8,"enemies":"Gremlin Nob","floor":8,"turns":5},{"damage":4,"enemies":"Blue Slaver","floor":10,"turns":5},{"damage":0,"enemies":"Red Slaver","floor":13,"turns":5},{"damage":10,"enemies":"3 Sentries","floor":14,"turns":10},{"damage":43,"enemies":"Slime Boss","floor":16,"turns":15},{"damage":6,"enemies":"Shell Parasite","floor":18,"turns":12},{"damage":1,"enemies":"2 Thieves","floor":22,"turns":5},{"damage":0,"enemies":"Centurion and Healer","floor":24,"turns":3},{"damage":0,"enemies":"Snecko","floor":25,"turns":3},{"damage":0,"enemies":"Chosen and Byrds","floor":27,"turns":4},{"damage":3,"enemies":"Gremlin Leader","floor":29,"turns":4},{"damage":28,"enemies":"Slavers","floor":31,"turns":6},{"damage":1,"enemies":"Collector","floor":33,"turns":6},{"damage":14,"enemies":"3 Darklings","floor":35,"turns":4},{"damage":8,"enemies":"3 Shapes","floor":37,"turns":3},{"damage":22,"enemies":"Reptomancer","floor":40,"turns":6},{"damage":15,"enemies":"Writhing Mass","floor":42,"turns":5},{"damage":0,"enemies":"Mind Bloom Boss Battle","floor":48,"turns":4},{"damage":17,"enemies":"Awakened One","floor":50,"turns":10}],"seed_played":"1981441246295237594","potions_obtained":[{"floor":3,"key":"FairyPotion"},{"floor":4,"key":"ColorlessPotion"},{"floor":10,"key":"LiquidMemories"},{"floor":13,"key":"LiquidMemories"},{"floor":18,"key":"FearPotion"},{"floor":22,"key":"SneckoOil"},{"floor":24,"key":"Ancient Potion"},{"floor":31,"key":"BlessingOfTheForge"},{"floor":33,"key":"DuplicationPotion"},{"floor":42,"key":"Strength Potion"},{"floor":48,"key":"Swift Potion"}],"is_trial":false,"path_per_floor":["M","?","M","M","M","E","R","E","T","M","?","R","M","E","R","B",null,"M","?","$","?","M","R","M","M","T","M","$","E","R","E","R","B",null,"M","?","M","?","?","E","T","M","T","R","T","$","R","?","R","B",null],"character_chosen":"SHADE","items_purchased":["Shade:TouchOfTheGrave","Shade:Tombstone","TheAbacus","Membership Card","Blood Vial","Shade:AuraOfUnlife","aspiration:AnachronicSnailShell"],"campfire_rested":2,"item_purchase_floors":[20,20,20,28,46,46,46],"current_hp_per_floor":[62,62,62,62,42,23,23,15,15,11,4,23,23,20,20,8,65,59,53,53,53,52,52,52,52,52,52,52,59,59,38,38,37,75,61,52,44,44,44,29,29,20,20,20,27,27,53,62,62,54],"gold":101,"neow_bonus":"REMOVE_CARD","is_daily":false,"chose_seed":false,"campfire_upgraded":7,"win_rate":0.0,"timestamp":1609644806,"path_taken":["M","?","?","M","M","E","R","E","T","M","?","R","M","E","R","BOSS","M","?","?","?","M","R","?","M","T","M","$","E","R","E","R","BOSS","M","?","M","?","?","E","?","M","T","R","?","$","R","?","R","BOSS"],"items_purchased_type":["Card","Card","Relic","Relic","Relic","Card","Relic"],"build_version":"2020-12-22","purchased_purges":1,"victory":true,"max_hp_per_floor":[65,65,65,65,65,65,65,65,65,65,65,65,65,65,65,65,65,65,65,65,65,65,65,65,65,65,65,65,75,75,75,75,75,75,75,75,75,75,75,75,75,81,81,81,88,88,88,88,88,88],"card_choices":[{"not_picked":["Shade:Trample","Shade:Patience"],"picked":"Shade:Brains","floor":1},{"not_picked":["Shade:ClawBack","Shade:Premonition"],"picked":"Shade:GraveStillness","floor":3},{"not_picked":["Shade:FeralStrike","Shade:Premonition"],"picked":"Shade:ClawBack","floor":4},{"not_picked":["Shade:CallWraith","Shade:Premonition"],"picked":"Shade:RitualOffering","floor":5},{"not_picked":["Shade:ClawBack","Shade:BoneShards"],"picked":"Shade:Coordination","floor":6},{"not_picked":["Shade:ClawBack","Shade:FingerOfDeath","Shade:Trample"],"picked":"SKIP","floor":8},{"not_picked":["Shade:SkeletonHug","Shade:ScuttlingHand"],"picked":"Shade:WallOfFlesh","floor":10},{"not_picked":["Shade:SkeletonHug","Shade:Asphyxiate"],"picked":"Shade:Frenzy","floor":13},{"not_picked":["Shade:FingerOfDeath","Shade:Coordination"],"picked":"Shade:FuneraryArmor","floor":14},{"not_picked":["Shade:OneIsEnough","Shade:SoulPierce"],"picked":"Shade:OfferingToTheBeyond","floor":16},{"not_picked":["Shade:Trample","Shade:FleshOffering"],"picked":"Shade:FleshLikeOak","floor":18},{"not_picked":["Shade:FleshToFlesh+1","Shade:SoulToxin"],"picked":"Shade:ScuttlingHand+1","floor":22},{"not_picked":["Shade:LyeBath","Shade:Trample","Shade:CoffinDance"],"picked":"SKIP","floor":24},{"not_picked":["Shade:CloudOfShrapnel","Shade:CoffinDance"],"picked":"Shade:ExtraLimbs+1","floor":25},{"not_picked":["Shade:SkeletonHug+1","Shade:FleshOffering"],"picked":"Shade:FuneraryJewels","floor":27},{"not_picked":["Shade:Excise","Shade:GreaterAnimation"],"picked":"Shade:AncientSpear","floor":29},{"not_picked":["Shade:SkeletonHug+1","Shade:GraveStillness","Shade:TouchOfTheGrave"],"picked":"SKIP","floor":31},{"not_picked":["Shade:Coordination","Shade:LastGasp","Shade:SelfBurial"],"picked":"Shade:DarkOfNight","floor":33},{"not_picked":["Shade:Brains+1","Shade:LyeBath+1","Shade:AncientSpear"],"picked":"Shade:FuneraryArmor+1","floor":35},{"not_picked":["Shade:CommandSoldier+1","Shade:Doomsay+1","Shade:GreyBargain","Shade:Frenzy"],"picked":"SKIP","floor":37},{"not_picked":["Shade:Premonition+1","Shade:SpectralStrikes","Shade:SelfBurial+1","Shade:AncientSpear"],"picked":"SKIP","floor":40},{"not_picked":["Shade:PoundOfFlesh+1","Shade:Trample","Shade:GraveStillness+1","Shade:FingerOfDeath"],"picked":"SKIP","floor":42},{"not_picked":["Shade:Trample+1","Shade:Frenzy+1","Shade:ExtraLimbs"],"picked":"Shade:WallOfFlesh+1","floor":48}],"player_experience":102209,"relics_obtained":[{"floor":6,"key":"CaptainsWheel"},{"floor":8,"key":"Darkstone Periapt"},{"floor":9,"key":"Shade:Thing"},{"floor":14,"key":"Mummified Hand"},{"floor":26,"key":"Juzu Bracelet"},{"floor":29,"key":"Pear"},{"floor":31,"key":"Question Card"},{"floor":40,"key":"Toxic Egg 2"},{"floor":41,"key":"aspiration:ChemicalBlood"},{"floor":43,"key":"Smiling Mask"},{"floor":45,"key":"Strawberry"},{"floor":48,"key":"TungstenRod"}],"event_choices":[{"damage_healed":0,"gold_gain":0,"cards_transformed":["Shade:Strike_Shade"],"player_choice":"Transformed","damage_taken":0,"max_hp_gain":0,"max_hp_loss":0,"event_name":"Transmorgrifier","floor":2,"gold_loss":0,"cards_obtained":["Shade:StitchTogether"]},{"cards_removed":["Shade:Strike_Shade"],"damage_healed":0,"gold_gain":0,"player_choice":"Card Removal","damage_taken":7,"max_hp_gain":0,"max_hp_loss":0,"event_name":"Golden Wing","floor":11,"gold_loss":0},{"damage_healed":0,"gold_gain":75,"player_choice":"Touch","damage_taken":6,"max_hp_gain":0,"max_hp_loss":0,"event_name":"FaceTrader","floor":19,"gold_loss":0},{"damage_healed":0,"gold_gain":100,"player_choice":"Pray","damage_taken":0,"max_hp_gain":0,"max_hp_loss":0,"event_name":"Golden Shrine","floor":21,"gold_loss":0},{"damage_healed":0,"gold_gain":0,"player_choice":"Embrace Madness","damage_taken":9,"max_hp_gain":0,"max_hp_loss":0,"event_name":"Winding Halls","floor":36,"gold_loss":0,"cards_obtained":["Madness","Madness"]},{"damage_healed":0,"gold_gain":0,"player_choice":"Ignored","damage_taken":0,"max_hp_gain":0,"max_hp_loss":0,"event_name":"Transmorgrifier","floor":38,"gold_loss":0},{"damage_healed":0,"gold_gain":0,"player_choice":"Ignored","damage_taken":0,"max_hp_gain":0,"max_hp_loss":0,"event_name":"Mysterious Sphere","floor":39,"gold_loss":0},{"damage_healed":0,"gold_gain":0,"player_choice":"Fight","damage_taken":0,"max_hp_gain":0,"max_hp_loss":0,"event_name":"MindBloom","floor":48,"gold_loss":0}],"is_beta":false,"boss_relics":[{"not_picked":["Calling Bell","Runic Dome"],"picked":"aspiration:PoetsPen_weak"},{"not_picked":["Astrolabe","aspiration:FutureDiary"],"picked":"Runic Pyramid"}],"items_purged_floors":[20],"is_endless":false,"potions_floor_spawned":[3,4,10,13,18,22,24,31,33,42,48],"ascension_level":2}}