{"host":"w9yruvs4bqht6bhw","time":1609642935,"event":{"mods":["BaseMod","Colored Powertips","Minty Spire (QoL Compilation)"],"gold_per_floor":[116,173,173,188,12,12,22,55,108,108,119,137,148,161,161,261,261,273,273,287,300,300,300,300,315,315,327,340,352,352,378,378,378,378],"floor_reached":33,"playtime":1143,"items_purged":["Defend_R"],"score":394,"play_id":"4ba3b8b4-2ea5-4c1c-ad83-7412270acb61","local_time":"20210102220215","is_ascension_mode":true,"campfire_choices":[{"data":"Shrug It Off","floor":6,"key":"SMITH"},{"data":"Hemokinesis","floor":10,"key":"SMITH"},{"data":"Cleave","floor":15,"key":"SMITH"},{"data":"Anger","floor":23,"key":"SMITH"},{"floor":32,"key":"REST"}],"circlet_count":0,"master_deck":["Strike_R+1","Strike_R+1","Strike_R+1","Strike_R+1","Strike_R+1","Defend_R+1","Defend_R+1","Defend_R+1","Bash+1","Shrug It Off+1","Ghostly Armor","Hemokinesis+1","Anger+1","Cleave+1","Anger+1","Ghostly Armor","Infernal Blade"],"relics":["Black Blood","Nunchaku","Red Skull","Mango","Nloth\u0027s Gift","InkBottle"],"acts_visited":["Exordium","TheCity"],"potions_floor_usage":[8,8,11,12,14,18,25,33,33],"damage_taken":[{"damage":0,"enemies":"Small Slimes","floor":1,"turns":4},{"damage":12,"enemies":"Jaw Worm","floor":4,"turns":6},{"damage":7,"enemies":"2 Louse","floor":7,"turns":3},{"damage":16,"enemies":"3 Sentries","floor":8,"turns":8},{"damage":12,"enemies":"Exordium Wildlife","floor":11,"turns":3},{"damage":2,"enemies":"2 Fungi Beasts","floor":12,"turns":2},{"damage":2,"enemies":"Large Slime","floor":13,"turns":3},{"damage":12,"enemies":"Gremlin Gang","floor":14,"turns":4},{"damage":29,"enemies":"Slime Boss","floor":16,"turns":7},{"damage":20,"enemies":"3 Byrds","floor":18,"turns":6},{"damage":23,"enemies":"2 Thieves","floor":20,"turns":4},{"damage":21,"enemies":"Centurion and Healer","floor":21,"turns":5},{"damage":2,"enemies":"Snecko","floor":25,"turns":3},{"damage":31,"enemies":"Snake Plant","floor":27,"turns":3},{"damage":10,"enemies":"3 Cultists","floor":28,"turns":5},{"damage":22,"enemies":"Centurion and Healer","floor":29,"turns":4},{"damage":32,"enemies":"Gremlin Leader","floor":31,"turns":5},{"damage":43,"enemies":"Champ","floor":33,"turns":8}],"seed_played":"-6615648999741353323","potions_obtained":[{"floor":7,"key":"SkillPotion"},{"floor":11,"key":"Energy Potion"},{"floor":13,"key":"Swift Potion"},{"floor":16,"key":"BloodPotion"},{"floor":21,"key":"GamblersBrew"},{"floor":29,"key":"Energy Potion"},{"floor":31,"key":"Dexterity Potion"}],"is_trial":false,"path_per_floor":["M","?","T","M","$","R","M","E","T","R","M","M","M","M","R","B",null,"M","?","M","M","?","R","?","M","T","M","M","M","?","E","R","B"],"character_chosen":"IRONCLAD","items_purchased":["SteroidPotion","PowerPotion"],"campfire_rested":1,"item_purchase_floors":[5,5],"current_hp_per_floor":[78,78,78,72,72,72,71,61,61,61,55,59,63,57,57,34,69,72,72,61,52,52,52,37,47,61,42,44,34,34,14,43,0,0],"gold":378,"neow_bonus":"UPGRADE_CARD","is_daily":false,"chose_seed":false,"campfire_upgraded":4,"win_rate":0.0,"timestamp":1609642935,"path_taken":["M","?","?","M","$","R","M","E","T","R","M","M","M","M","R","BOSS","M","?","M","M","?","R","?","M","T","M","M","M","?","E","R","BOSS"],"items_purchased_type":["Potion","Potion"],"build_version":"2020-12-22","purchased_purges":1,"victory":false,"max_hp_per_floor":[80,80,80,80,80,80,80,80,80,80,80,80,80,80,80,80,80,80,80,80,80,80,80,85,85,99,99,99,99,99,99,99,99,99],"card_choices":[{"not_picked":["Twin Strike","Perfected Strike"],"picked":"Shrug It Off","floor":1},{"not_picked":["Flame Barrier","Dropkick"],"picked":"Ghostly Armor","floor":4},{"not_picked":["Feel No Pain","Disarm"],"picked":"Hemokinesis","floor":7},{"not_picked":["Hemokinesis","Corruption","Twin Strike"],"picked":"SKIP","floor":8},{"not_picked":["Iron Wave","Havoc","Pummel"],"picked":"SKIP","floor":11},{"not_picked":["Rupture","Iron Wave"],"picked":"Anger","floor":12},{"not_picked":["Warcry","Headbutt"],"picked":"Cleave","floor":13},{"not_picked":["Blood for Blood","Havoc","Sentinel"],"picked":"SKIP","floor":14},{"not_picked":["Bloodletting","Blood for Blood","Evolve"],"picked":"SKIP","floor":18},{"not_picked":["Rupture","Pommel Strike","Headbutt"],"picked":"SKIP","floor":20},{"not_picked":["Heavy Blade","Battle Trance","Armaments"],"picked":"SKIP","floor":21},{"not_picked":["Iron Wave","Perfected Strike+1","Sword Boomerang"],"picked":"SKIP","floor":25},{"not_picked":["Perfected Strike","Reaper"],"picked":"Anger+1","floor":27},{"not_picked":["Heavy Blade","Flex"],"picked":"Ghostly Armor","floor":28},{"not_picked":["Warcry","Pommel Strike","Heavy Blade"],"picked":"SKIP","floor":29},{"not_picked":["Sever Soul","Disarm"],"picked":"Infernal Blade","floor":31}],"player_experience":287505,"relics_obtained":[{"floor":3,"key":"Sundial"},{"floor":8,"key":"Nunchaku"},{"floor":9,"key":"Red Skull"},{"floor":26,"key":"Mango"},{"floor":31,"key":"InkBottle"}],"event_choices":[{"damage_healed":0,"gold_gain":57,"player_choice":"Gained Gold","damage_taken":0,"max_hp_gain":0,"max_hp_loss":0,"event_name":"Golden Wing","floor":2,"gold_loss":0},{"damage_healed":0,"gold_gain":0,"player_choice":"Simplicity","damage_taken":0,"max_hp_gain":0,"max_hp_loss":0,"event_name":"Back to Basics","floor":19,"gold_loss":0,"cards_upgraded":["Strike_R","Strike_R","Strike_R","Strike_R","Strike_R","Defend_R","Defend_R","Defend_R"]},{"damage_healed":0,"gold_gain":0,"player_choice":"Shed Blood","damage_taken":20,"max_hp_gain":5,"max_hp_loss":0,"event_name":"Forgotten Altar","floor":24,"gold_loss":0},{"damage_healed":0,"gold_gain":0,"player_choice":"Traded Relic","damage_taken":0,"relics_obtained":["Nloth\u0027s Gift"],"max_hp_gain":0,"max_hp_loss":0,"event_name":"N\u0027loth","floor":30,"relics_lost":["Sundial"],"gold_loss":0}],"is_beta":false,"boss_relics":[{"not_picked":["Sozu","Black Star"],"picked":"Black Blood"}],"items_purged_floors":[5],"is_endless":false,"potions_floor_spawned":[7,11,13,16,21,29,31],"killed_by":"Champ","ascension_level":7}}