{"host":"y7sd46uq4xlni546","time":1609695765,"event":{"mods":["AchievementEnabler","BaseMod","Colored Map","Colored Powertips","Curses Come First","Filter the Spire","Minty Spire (QoL Compilation)","Quick Restart","Random Character Button","Rare Cards Sparkle","StSLib"],"gold_per_floor":[112,112,129,129,79,110,130,130,177,177,33,33,33,33,33,135,135,150,150,163,174,194,221,233,245,257,300,312,239,251,276,288,300,300],"floor_reached":33,"playtime":1009,"items_purged":[],"score":281,"play_id":"5c8a8527-a812-49c0-b9d0-f929a101d3a1","local_time":"20210103184245","is_ascension_mode":false,"campfire_choices":[{"floor":8,"key":"REST"},{"floor":10,"key":"REST"},{"floor":13,"key":"REST"},{"data":"Bash","floor":15,"key":"SMITH"},{"floor":24,"key":"REST"},{"floor":28,"key":"REST"},{"floor":32,"key":"REST"}],"circlet_count":0,"master_deck":["Strike_R","Strike_R","Strike_R","Strike_R","Defend_R","Defend_R","Defend_R","Defend_R","Bash+1","Spot Weakness+1","Immolate","Cleave+1","Decay","Spot Weakness+1","Armaments+1","Flex+1","Shrug It Off+1"],"relics":["Black Star","Toy Ornithopter","Toxic Egg 2","Magic Flower","Art of War","Lantern","Meat on the Bone","Fusion Hammer","Paper Frog","MawBank","Ice Cream","Potion Belt","Incense Burner","Champion Belt","Nilry\u0027s Codex"],"acts_visited":["Exordium","TheCity"],"potions_floor_usage":[16,22,23,27],"damage_taken":[{"damage":1,"enemies":"Cultist","floor":1,"turns":3},{"damage":0,"enemies":"Small Slimes","floor":3,"turns":4},{"damage":65,"enemies":"3 Sentries","floor":6,"turns":16},{"damage":16,"enemies":"Jaw Worm","floor":7,"turns":4},{"damage":46,"enemies":"The Guardian","floor":16,"turns":11},{"damage":5,"enemies":"Spheric Guardian","floor":18,"turns":3},{"damage":11,"enemies":"Shell Parasite","floor":20,"turns":4},{"damage":7,"enemies":"Cultist and Chosen","floor":21,"turns":3},{"damage":28,"enemies":"Sentry and Sphere","floor":22,"turns":6},{"damage":56,"enemies":"Book of Stabbing","floor":23,"turns":6},{"damage":51,"enemies":"Slavers","floor":27,"turns":5},{"damage":13,"enemies":"Shelled Parasite and Fungi","floor":31,"turns":3},{"damage":79,"enemies":"Automaton","floor":33,"turns":8}],"seed_played":"934942642317513407","potions_obtained":[{"floor":1,"key":"SpeedPotion"},{"floor":7,"key":"Energy Potion"},{"floor":18,"key":"EssenceOfSteel"},{"floor":20,"key":"DistilledChaos"},{"floor":22,"key":"Energy Potion"},{"floor":31,"key":"Ancient Potion"}],"is_trial":false,"path_per_floor":["M","?","M","?","?","E","M","R","T","R","$","T","R","$","R","B",null,"M","?","M","M","M","E","R","$","T","E","R","?","?","M","R","B"],"character_chosen":"IRONCLAD","items_purchased":["Lantern"],"campfire_rested":6,"item_purchase_floors":[11],"current_hp_per_floor":[79,79,79,84,84,19,3,28,28,53,53,53,78,78,78,57,85,80,80,69,62,60,30,55,55,55,30,55,55,39,44,69,0,0],"gold":300,"neow_bonus":"BOSS_RELIC","is_daily":false,"chose_seed":false,"campfire_upgraded":1,"win_rate":0.0,"timestamp":1609695765,"path_taken":["M","?","?","?","?","E","M","R","T","R","$","?","R","$","R","BOSS","M","?","?","M","M","E","R","$","T","E","R","?","?","M","R","BOSS"],"items_purchased_type":["Relic"],"build_version":"2020-12-22","purchased_purges":0,"victory":false,"max_hp_per_floor":[80,80,80,85,85,85,85,85,85,85,85,85,85,85,85,85,85,85,85,85,85,85,85,85,85,85,85,85,85,85,85,85,85,85],"card_choices":[{"not_picked":["Hemokinesis","Rampage","Clash"],"picked":"SKIP","floor":1},{"not_picked":["Dual Wield","Wild Strike","Sever Soul"],"picked":"SKIP","floor":3},{"not_picked":["Feel No Pain","Wild Strike","Clothesline"],"picked":"SKIP","floor":6},{"not_picked":["Iron Wave","Clash"],"picked":"Spot Weakness+1","floor":7},{"not_picked":["Barricade","Fiend Fire"],"picked":"Immolate","floor":16},{"not_picked":["Inflame","Rupture+1"],"picked":"Cleave+1","floor":18},{"not_picked":["Power Through+1","Rage+1"],"picked":"Spot Weakness+1","floor":20},{"not_picked":["Sword Boomerang","Perfected Strike"],"picked":"Armaments+1","floor":21},{"not_picked":["Perfected Strike","Anger","Evolve"],"picked":"SKIP","floor":22},{"not_picked":["Pommel Strike","Bludgeon","Blood for Blood+1"],"picked":"SKIP","floor":23},{"not_picked":["Ghostly Armor+1","Dropkick"],"picked":"Flex+1","floor":27},{"not_picked":["Thunderclap","Disarm+1"],"picked":"Shrug It Off+1","floor":31}],"player_experience":589611,"relics_obtained":[{"floor":6,"key":"Toxic Egg 2"},{"floor":6,"key":"Magic Flower"},{"floor":9,"key":"Art of War"},{"floor":12,"key":"Meat on the Bone"},{"floor":23,"key":"Paper Frog"},{"floor":23,"key":"MawBank"},{"floor":26,"key":"Ice Cream"},{"floor":27,"key":"Potion Belt"},{"floor":27,"key":"Incense Burner"},{"floor":30,"key":"Nilry\u0027s Codex"}],"event_choices":[{"damage_healed":0,"gold_gain":0,"player_choice":"Gave Potion","damage_taken":0,"relics_obtained":["Toy Ornithopter"],"max_hp_gain":0,"max_hp_loss":0,"event_name":"WeMeetAgain","floor":2,"gold_loss":0},{"damage_healed":0,"gold_gain":0,"player_choice":"Donut","damage_taken":0,"max_hp_gain":5,"max_hp_loss":0,"event_name":"Big Fish","floor":4,"gold_loss":0},{"cards_removed":["Strike_R"],"damage_healed":0,"gold_gain":0,"player_choice":"Card Removal","damage_taken":0,"max_hp_gain":0,"max_hp_loss":0,"event_name":"The Cleric","floor":5,"gold_loss":50},{"damage_healed":0,"gold_gain":0,"player_choice":"Cursed","damage_taken":0,"max_hp_gain":0,"max_hp_loss":0,"event_name":"Wheel of Change","floor":19,"gold_loss":0,"cards_obtained":["Decay"]},{"damage_healed":0,"gold_gain":0,"player_choice":"Obtained Relic","damage_taken":0,"relics_obtained":["Champion Belt"],"max_hp_gain":0,"max_hp_loss":0,"event_name":"Addict","floor":29,"gold_loss":85},{"damage_healed":0,"gold_gain":0,"player_choice":"Obtained Book","damage_taken":16,"max_hp_gain":0,"max_hp_loss":0,"event_name":"Cursed Tome","floor":30,"gold_loss":0}],"is_beta":false,"boss_relics":[{"not_picked":["Ectoplasm","Cursed Key"],"picked":"Fusion Hammer"}],"items_purged_floors":[],"is_endless":false,"potions_floor_spawned":[1,7,18,20,22,31],"killed_by":"Automaton","ascension_level":0}}