{"host":"nox","time":1609686151,"event":{"mods":["Act Like it!","Aspiration","BaseMod","Better Altar","Better Match","Better Note","Better Sensory Stone","Better Skull","Better Third Choice","BetterRewards","Colored Powertips","Conspire","Energized Spire","GifTheSpireLib","Hubris","Infinite Spire","Minty Spire (QoL Compilation)","Pale of the Ancients","Quick Restart","Rare Cards Sparkle","Replay The Spire","Shop Mod","Spikes Relics","StSLib","Stuff the Spire","SuperFastMode","The Alterego","vexMod"],"gold_per_floor":[118,393,130,165,225,273,327,361,407,407,481,481,544,544,544,698,698,711,651,671,720,720,720,761,761,761,761,786,802,802,833,833,952,952,966,670,689,689,709,750,750,783,783,783,799,812,812,856,856,856,856,856,971,1004,1004],"floor_reached":56,"playtime":2971,"items_purged":["Regret"],"score":1918,"play_id":"0cd32e2b-e04f-4d3b-a59d-7be30140f790","local_time":"20210103220231","is_ascension_mode":true,"campfire_choices":[{"data":"HandOfGreed","floor":12.0,"key":"SMITH"},{"floor":23.0,"key":"RECALL"},{"data":"infinitespire:SevenWalls","floor":25.0,"key":"SMITH"},{"data":"Rampage","floor":27.0,"key":"SMITH"},{"data":"Searing Blow+1","floor":30.0,"key":"SMITH"},{"data":"Searing Blow+2","floor":32.0,"key":"SMITH"},{"floor":41.0,"key":"REST"},{"data":"Searing Blow+3","floor":44.0,"key":"SMITH"},{"data":"Searing Blow+5","floor":49.0,"key":"SMITH"},{"data":"Searing Blow+6","floor":52.0,"key":"SMITH"}],"circlet_count":0,"master_deck":["AscendersBane","Defend_R","Defend_R","Iron Wave","HandOfGreed+1","Armaments+1","Feed","Uppercut","Rampage+1","infinitespire:SevenWalls+1","Uppercut+1","Searing Blow+7","Blood for Blood+1","conspire:Charge+1","conspire:Purge","BlessedFruit","BlessedFruit","BarbarianYell+1","Spot Weakness+1","Iron Wave+1","Heavy Blade+1","Shrug It Off+1"],"relics":["Burning Blood","Sizzling Blood","Oddly Smooth Stone","ReplayTheSpireMod:TigerMarble","Anchor","StuffTheSpire:RedRose","Mark of Pain","conspire:BottledYoYo","White Beast Statue","Philosopher\u0027s Stone","hubris:Towel","hubris:ChampionShield","Darkstone Periapt","hubris:MysteriousPyramids","vexMod:BarristanHead","MerchantsRug","hubris:NiceRug","infinitespire:FocusingShard","Thread and Needle","Medical Kit","infinitespire:Satchel"],"acts_visited":["Exordium","TheCity","TheBeyond","TheEnding"],"potions_floor_usage":[54,55,55],"damage_taken":[{"damage":6.0,"enemies":"Cultist","floor":1.0,"turns":4.0},{"damage":18.0,"enemies":"infinitespire:Voidling","floor":4.0,"turns":4.0},{"damage":1.0,"enemies":"2 Louse","floor":5.0,"turns":4.0},{"damage":58.0,"enemies":"Replay:BlueRogue","floor":6.0,"turns":12.0},{"damage":17.0,"enemies":"Large Slime","floor":7.0,"turns":9.0},{"damage":11.0,"enemies":"Looter","floor":8.0,"turns":4.0},{"damage":8.0,"enemies":"3 Sentries","floor":11.0,"turns":6.0},{"damage":19.0,"enemies":"Lagavulin","floor":13.0,"turns":6.0},{"damage":38.0,"enemies":"Slime Boss","floor":16.0,"turns":13.0},{"damage":8.0,"enemies":"Shell Parasite","floor":18.0,"turns":4.0},{"damage":19.0,"enemies":"3 Byrds","floor":20.0,"turns":4.0},{"damage":17.0,"enemies":"Centurion and Healer","floor":21.0,"turns":7.0},{"damage":0.0,"enemies":"Replay:Snechameleon","floor":24.0,"turns":5.0},{"damage":5.0,"enemies":"conspire:HollyBat","floor":28.0,"turns":9.0},{"damage":18.0,"enemies":"Snake Plant","floor":29.0,"turns":3.0},{"damage":20.0,"enemies":"conspire:SneckoGhost","floor":31.0,"turns":7.0},{"damage":32.0,"enemies":"Champ","floor":33.0,"turns":13.0},{"damage":10.0,"enemies":"Orb Walker","floor":35.0,"turns":4.0},{"damage":10.0,"enemies":"3 Darklings","floor":37.0,"turns":7.0},{"damage":56.0,"enemies":"Writhing Mass","floor":39.0,"turns":5.0},{"damage":31.0,"enemies":"Reptomancer","floor":40.0,"turns":5.0},{"damage":5.0,"enemies":"R_Hoarder","floor":42.0,"turns":9.0},{"damage":11.0,"enemies":"Maw","floor":45.0,"turns":6.0},{"damage":38.0,"enemies":"Sphere and 2 Shapes","floor":46.0,"turns":4.0},{"damage":5.0,"enemies":"Nemesis","floor":48.0,"turns":7.0},{"damage":57.0,"enemies":"infinitespire:MassOfShapes","floor":50.0,"turns":11.0},{"damage":64.0,"enemies":"hubris:Merchant","floor":53.0,"turns":6.0},{"damage":22,"enemies":"Shield and Spear","floor":54,"turns":6},{"damage":48,"enemies":"The Heart","floor":55,"turns":8}],"seed_played":"-3702031143812948676","potions_obtained":[{"floor":4.0,"key":"Dexterity Potion"},{"floor":6.0,"key":"CultistPotion"},{"floor":8.0,"key":"LiquidMemories"},{"floor":11.0,"key":"SpeedPotion"},{"floor":16.0,"key":"Swift Potion"},{"floor":18.0,"key":"EssenceOfSteel"},{"floor":24.0,"key":"LifebloodPotion"},{"floor":31.0,"key":"SpeedPotion"},{"floor":33.0,"key":"conspire:TimeTravelPotion"},{"floor":35.0,"key":"BloodPotion"},{"floor":39.0,"key":"Fire Potion"},{"floor":42.0,"key":"infinitespire:BlackPotion"},{"floor":45.0,"key":"Block Potion"},{"floor":46.0,"key":"EssenceOfSteel"},{"floor":53.0,"key":"Toxic Potion"},{"floor":54,"key":"Weak Potion"}],"is_trial":false,"path_per_floor":["M","?","$","M","M","E","M","M","T","?","E","R","E","?","R","B",null,"M","?","M","M","AVR","R","E","R","T","R","M","M","R","E","R","B",null,"M","$","M","?","M","E","R","E","T","R","M","M","?","E","R","B",null,"R","$","E","B",null],"character_chosen":"IRONCLAD","items_purchased":["HandOfGreed","HeavenlyBonsai","MerchantsRug"],"campfire_rested":1,"item_purchase_floors":[3,36,53],"current_hp_per_floor":[80,80,80,72,81,33,26,25,25,25,27,27,18,18,43,15,67,69,69,63,59,59,59,73,73,73,73,81,73,73,66,66,44,83,84,84,87,87,89,72,104,109,109,109,110,90,90,97,97,52,105,105,79,69,34],"gold":1004,"neow_bonus":"NOSTALGIA","is_daily":false,"chose_seed":false,"campfire_upgraded":8,"win_rate":0.0,"timestamp":1609686151,"path_taken":["M","?","$","M","M","E","M","?","T","?","E","R","E","?","R","BOSS","M","?","M","M","AVR","R","E","R","T","R","M","M","R","E","R","BOSS","M","$","M","?","M","E","R","E","T","R","M","M","?","E","R","BOSS","R","$","E","BOSS"],"items_purchased_type":["Card","Relic","Relic"],"build_version":"2020-11-17","purchased_purges":1,"victory":true,"max_hp_per_floor":[84,84,84,84,84,84,84,84,84,84,84,84,84,84,84,84,84,84,84,87,90,90,90,90,90,90,90,93,93,93,96,96,96,96,97,97,100,100,103,107,107,109,109,109,111,119,119,121,121,123,123,123,126,128,131],"card_choices":[{"not_picked":["Burning Pact","hubris:ReadiedAction"],"picked":"Iron Wave","floor":1.0},{"not_picked":["Defy Death","Replay:Undeath\u0027s Touch","Body Slam"],"picked":"SKIP","floor":4.0},{"not_picked":["ReplayTheSpireMod:Strike From Hell","Pummel","Combust"],"picked":"SKIP","floor":5.0},{"not_picked":["Twin Strike","Replay:Undeath\u0027s Touch","Burning Pact"],"picked":"SKIP","floor":6.0},{"not_picked":["Replay:Undeath\u0027s Touch","Cleave","Sword Boomerang"],"picked":"SKIP","floor":7.0},{"not_picked":["Heavy Blade","Clothesline","Defy Death"],"picked":"SKIP","floor":8.0},{"not_picked":["Ghostly Armor","Battle Trance","Replay:Undeath\u0027s Touch"],"picked":"SKIP","floor":11.0},{"not_picked":["StuffTheSpire:BloodClot","Twin Strike"],"picked":"Armaments","floor":13.0},{"not_picked":["Replay:Many Hands","Bludgeon"],"picked":"Feed","floor":16.0},{"not_picked":["conspire:ExplosiveBarrier","Warcry"],"picked":"Uppercut","floor":18.0},{"not_picked":["Wild Strike","Warcry+1","Anger"],"picked":"SKIP","floor":20.0},{"not_picked":["Hemokinesis","Havoc"],"picked":"Rampage","floor":21.0},{"not_picked":["BarbarianYell","Havoc"],"picked":"Uppercut+1","floor":24.0},{"not_picked":["Reaper+1","StuffTheSpire:Incineration+1"],"picked":"Searing Blow+1","floor":28.0},{"not_picked":["Massacre+1","Seeing Red"],"picked":"Blood for Blood+1","floor":29.0},{"not_picked":["Thunderclap+1","Absolvement"],"picked":"conspire:Charge+1","floor":31.0},{"not_picked":["Demon Form","Impervious"],"picked":"conspire:Purge","floor":33.0},{"not_picked":["ReplayTheSpireMod:Corrosion Curse","StuffTheSpire:Pyroclast+1","StuffTheSpire:RockThrow+1"],"picked":"SKIP","floor":35.0},{"not_picked":["Flex+1","Anger+1","Heavy Blade+1"],"picked":"SKIP","floor":37.0},{"not_picked":["Battle Trance","True Grit","Uppercut+1"],"picked":"SKIP","floor":39.0},{"not_picked":["Thunderclap+1","StuffTheSpire:Resist+1"],"picked":"BarbarianYell+1","floor":40.0},{"not_picked":["hubris:ReadiedAction+1","Corruption"],"picked":"Spot Weakness+1","floor":42.0},{"not_picked":["Battle Trance","ReplayTheSpireMod:Corrosion Curse+1"],"picked":"Iron Wave+1","floor":45.0},{"not_picked":["Warcry","Absolvement+1","Whirlwind+1"],"picked":"SKIP","floor":46.0},{"not_picked":["Wild Strike+1","Cleave+1"],"picked":"Heavy Blade+1","floor":48.0},{"not_picked":["Bludgeon+1"],"picked":"SKIP","floor":53.0},{"not_picked":["Pummel+1"],"picked":"SKIP","floor":53.0},{"not_picked":["Havoc"],"picked":"SKIP","floor":53.0},{"not_picked":["Infernal Blade"],"picked":"SKIP","floor":53.0},{"not_picked":["Invigoration"],"picked":"SKIP","floor":53.0},{"not_picked":["Jack Of All Trades"],"picked":"SKIP","floor":53.0},{"not_picked":["ReplayUltimateDefense"],"picked":"SKIP","floor":53.0},{"not_picked":["Sentinel+1","Second Wind+1"],"picked":"Shrug It Off+1","floor":54}],"player_experience":301506,"relics_obtained":[{"floor":6.0,"key":"Omamori"},{"floor":9.0,"key":"Oddly Smooth Stone"},{"floor":11.0,"key":"ReplayTheSpireMod:TigerMarble"},{"floor":13.0,"key":"Anchor"},{"floor":24.0,"key":"conspire:BottledYoYo"},{"floor":31.0,"key":"White Beast Statue"},{"floor":40.0,"key":"hubris:ChampionShield"},{"floor":42.0,"key":"Darkstone Periapt"},{"floor":43.0,"key":"hubris:MysteriousPyramids"},{"floor":48.0,"key":"vexMod:BarristanHead"},{"floor":53.0,"key":"infinitespire:FocusingShard"},{"floor":53.0,"key":"Thread and Needle"},{"floor":53.0,"key":"Medical Kit"},{"floor":54,"key":"infinitespire:Satchel"}],"event_choices":[{"damage_healed":0.0,"max_hp_gain":0.0,"max_hp_loss":0.0,"gold_gain":275.0,"event_name":"Golden Shrine","player_choice":"Desecrate","floor":2.0,"gold_loss":0.0,"damage_taken":0.0,"cards_obtained":["Regret"]},{"damage_healed":0.0,"max_hp_gain":0.0,"max_hp_loss":0.0,"gold_gain":0.0,"event_name":"Golden Idol","player_choice":"Take Wound","floor":10.0,"gold_loss":0.0,"damage_taken":0.0,"relics_obtained":["Golden Idol"],"cards_obtained":["Injury"]}],"is_beta":true,"boss_relics":[{"not_picked":["aspiration:RunicSpoon","Ooze Armor"],"picked":"Mark of Pain"},{"not_picked":["Pandora\u0027s Box","energizedSpire:RedRose"],"picked":"Philosopher\u0027s Stone"}],"items_purged_floors":[3],"is_endless":false,"potions_floor_spawned":[4,6,8,11,16,18,24,31,33,35,37,39,40,42,45,46,48,54],"ascension_level":10}}