{"host":"es89jqq87guwhc1m","time":1609659565,"event":{"mods":["BaseMod","Colored Map","DeckTracker","Minty Spire (QoL Compilation)","StSLib","SuperFastMode"],"gold_per_floor":[118,118,141,155,168,168,168,168],"floor_reached":7,"playtime":256,"items_purged":[],"score":75,"play_id":"6baa2c39-b488-46ea-9d51-3541a6ac675b","local_time":"20210103163925","is_ascension_mode":true,"campfire_choices":[{"data":"Reprogram","floor":6.0,"key":"SMITH"}],"circlet_count":0,"master_deck":["AscendersBane","Strike_B","Strike_B","Strike_B","Strike_B","Defend_B","Defend_B","Defend_B","Defend_B","Zap","Dualcast","Shame","Electrodynamics","Rebound","Compile Driver","Stack","Reprogram+1"],"relics":["Cracked Core","Golden Idol"],"acts_visited":["Exordium"],"potions_floor_usage":[],"damage_taken":[{"damage":4.0,"enemies":"Jaw Worm","floor":1.0,"turns":5.0},{"damage":0.0,"enemies":"2 Louse","floor":3.0,"turns":1.0},{"damage":7.0,"enemies":"Small Slimes","floor":4.0,"turns":3.0},{"damage":37.0,"enemies":"Exordium Thugs","floor":5.0,"turns":5.0},{"damage":20,"enemies":"Lagavulin","floor":7,"turns":2}],"seed_played":"-8528796029853670771","potions_obtained":[{"floor":3.0,"key":"FearPotion"}],"is_trial":false,"path_per_floor":["M","?","M","M","M","R","E"],"character_chosen":"DEFECT","items_purchased":[],"campfire_rested":0,"item_purchase_floors":[],"current_hp_per_floor":[60,60,60,53,16,16,0,0],"gold":168,"neow_bonus":"THREE_RARE_CARDS","is_daily":false,"chose_seed":false,"campfire_upgraded":1,"win_rate":0.0,"timestamp":1609659565,"path_taken":["M","?","M","M","M","R","E"],"items_purchased_type":[],"build_version":"2020-12-22","purchased_purges":0,"victory":false,"max_hp_per_floor":[71,64,64,64,64,64,64,64],"card_choices":[{"not_picked":["Multi-Cast","Creative AI"],"picked":"Electrodynamics","floor":0.0},{"not_picked":["Steam Power","Streamline"],"picked":"Rebound","floor":1.0},{"not_picked":["Coolheaded","Streamline"],"picked":"Compile Driver","floor":3.0},{"not_picked":["Heatsinks","Go for the Eyes"],"picked":"Stack","floor":4.0},{"not_picked":["White Noise","Auto Shields"],"picked":"Reprogram","floor":5.0}],"player_experience":1604924,"relics_obtained":[],"event_choices":[{"damage_healed":0.0,"max_hp_gain":0.0,"max_hp_loss":7.0,"gold_gain":0.0,"event_name":"Golden Idol","player_choice":"Lose Max HP","floor":2.0,"gold_loss":0.0,"damage_taken":0.0,"relics_obtained":["Golden Idol"]}],"is_beta":false,"boss_relics":[],"items_purged_floors":[],"is_endless":false,"potions_floor_spawned":[3],"killed_by":"Lagavulin","ascension_level":15}}