{"host":"8i4doyxqctgl5qb0","time":1609710271,"event":{"mods":["AchievementEnabler","BaseMod","Block Reminder","Colored Powertips","Downfall","Marisa£®ÏF”Í°°ƒß¿Ì…≥£©","Minty Spire (QoL Compilation)","Permanent Neow","Potion Indicator Mod","Rare Cards Sparkle","StSLib","SuperFastMode"],"gold_per_floor":[109,109,184,184,21,37,37,37,37,64,74,85,96,108,108,207,207,217,142,142,112,112],"floor_reached":21,"playtime":557,"items_purged":[],"score":206,"play_id":"4a6be7fb-1525-4b60-9f3d-398e556ccb2e","local_time":"20210104054431","is_ascension_mode":true,"campfire_choices":[{"floor":8.0,"key":"REST"},{"floor":15.0,"key":"REST"}],"circlet_count":0,"master_deck":["Strike_R","Strike_R","Strike_R","Defend_R","Defend_R+1","Defend_R","Defend_R","Bash+1","Reckless Charge","Shrug It Off","Bandage Up","Combust","Disarm","Barricade+1","Infernal Blade","Pummel","Cleave","Blood for Blood","Berserk","Carnage+1"],"relics":["Burning Blood","Regal Pillow","Darkstone Periapt","Potion Belt","SacredBark"],"acts_visited":["Exordium","TheCity"],"potions_floor_usage":[],"damage_taken":[{"damage":4.0,"enemies":"2 Louse","floor":1.0,"turns":4.0},{"damage":0.0,"enemies":"Small Slimes","floor":6.0,"turns":3.0},{"damage":19.0,"enemies":"3 Sentries","floor":10.0,"turns":5.0},{"damage":12.0,"enemies":"Jaw Worm","floor":11.0,"turns":3.0},{"damage":14.0,"enemies":"Blue Slaver","floor":12.0,"turns":3.0},{"damage":27.0,"enemies":"Large Slime","floor":13.0,"turns":5.0},{"damage":22.0,"enemies":"Gremlin Gang","floor":14.0,"turns":3.0},{"damage":74.0,"enemies":"The Guardian","floor":16.0,"turns":14.0},{"damage":77,"enemies":"Spheric Guardian","floor":18,"turns":8},{"damage":14,"enemies":"2 Thieves","floor":21,"turns":1}],"seed_played":"-5636317594115576440","potions_obtained":[{"floor":1.0,"key":"AttackPotion"},{"floor":18,"key":"Explosive Potion"}],"is_trial":false,"path_per_floor":["M","?","?","?","$","M","?","R","T","E","M","M","M","M","R","B",null,"M","?","?","M"],"character_chosen":"IRONCLAD","items_purchased":["Bandage Up","Combust"],"campfire_rested":2,"item_purchase_floors":[5,5],"current_hp_per_floor":[80,73,62,46,46,56,56,80,80,71,69,65,48,36,75,11,80,13,13,13,0,0],"gold":112,"neow_bonus":"TRANSFORM_CARD","is_daily":false,"chose_seed":false,"campfire_upgraded":0,"win_rate":0.0,"timestamp":1609710271,"path_taken":["M","?","?","?","$","M","?","R","T","E","M","?","M","M","R","BOSS","M","?","?","?"],"items_purchased_type":["Card","Card"],"build_version":"2020-12-22","purchased_purges":0,"victory":false,"max_hp_per_floor":[80,80,80,80,80,80,80,80,80,80,80,80,80,80,80,80,80,80,80,80,80,80],"card_choices":[{"not_picked":["Infernal Blade","Searing Blow"],"picked":"Shrug It Off","floor":1.0},{"not_picked":["Reckless Charge","Intimidate"],"picked":"Disarm","floor":6.0},{"not_picked":["Infernal Blade","Pummel"],"picked":"Barricade","floor":10.0},{"not_picked":["Perfected Strike","Twin Strike"],"picked":"Infernal Blade","floor":11.0},{"not_picked":["Pommel Strike","Heavy Blade"],"picked":"Pummel","floor":12.0},{"not_picked":["Clash","Heavy Blade"],"picked":"Cleave","floor":13.0},{"not_picked":["Perfected Strike","Headbutt"],"picked":"Blood for Blood","floor":14.0},{"not_picked":["Double Tap","Barricade"],"picked":"Berserk","floor":16.0},{"not_picked":["Dark Embrace","Body Slam+1"],"picked":"Carnage+1","floor":18}],"player_experience":53667,"relics_obtained":[{"floor":9.0,"key":"Darkstone Periapt"},{"floor":10.0,"key":"Potion Belt"}],"event_choices":[{"cards_removed":["Strike_R"],"damage_healed":0.0,"max_hp_gain":0.0,"max_hp_loss":0.0,"gold_gain":0.0,"event_name":"Golden Wing","player_choice":"Card Removal","floor":2.0,"gold_loss":0.0,"damage_taken":7.0},{"damage_healed":0.0,"max_hp_gain":0.0,"max_hp_loss":0.0,"gold_gain":75.0,"event_name":"World of Goop","player_choice":"Gather Gold","floor":3.0,"gold_loss":0.0,"damage_taken":11.0},{"damage_healed":0.0,"max_hp_gain":0.0,"max_hp_loss":0.0,"gold_gain":0.0,"event_name":"Shining Light","player_choice":"Entered Light","floor":4.0,"gold_loss":0.0,"damage_taken":16.0,"cards_upgraded":["Bash","Defend_R"]},{"damage_healed":0.0,"max_hp_gain":0.0,"max_hp_loss":0.0,"gold_gain":0.0,"event_name":"Big Fish","player_choice":"Box","floor":7.0,"gold_loss":0.0,"damage_taken":0.0,"relics_obtained":["Regal Pillow"],"cards_obtained":["Regret"]},{"cards_removed":["Regret"],"damage_healed":0,"gold_gain":0,"player_choice":"Gave Gold","damage_taken":0,"max_hp_gain":0,"max_hp_loss":0,"event_name":"Beggar","floor":19,"gold_loss":75},{"damage_healed":0,"gold_gain":0,"player_choice":"Upgraded","damage_taken":0,"max_hp_gain":0,"max_hp_loss":0,"event_name":"Upgrade Shrine","floor":20,"gold_loss":0,"cards_upgraded":["Barricade"]}],"is_beta":false,"boss_relics":[{"not_picked":["Fusion Hammer","Snecko Eye"],"picked":"SacredBark"}],"items_purged_floors":[],"is_endless":false,"potions_floor_spawned":[1,18],"killed_by":"2 Thieves","ascension_level":3}}