{"host":"drk0p5jtlzl1xmwe","time":1609712230,"event":{"mods":["2.2 Compatiblity","AchievementEnabler","Act Like it!","Bard","BaseMod","Better Note","Better Vampires","Ekko","Friendly Minions","Hermit","Hubris","Infinite Spire","Luminous","Marisa????????","Minty Spire (QoL Compilation)","Rare Cards Sparkle","Relic Stats","Replay The Spire","Shade Mod","StSLib","The Animator","The Bug Knight","The Cursed","The Disciple","The Gatherer","The Servant 0.9.4","The Spell Scribe"],"gold_per_floor":[111,36,36,36,36,36,50,67,143,168,168,121,121,133,133,232,232,244,62,62,79,79,113,130,145,190,190,215,215,242,252,252,371,371,405,126,144,144,144,185,185,185,185],"floor_reached":42,"playtime":1494,"items_purged":["hermit:Defend_Hermit","Sickly","hermit:Deadeye"],"score":704,"play_id":"c37e9435-81d7-44aa-bcd1-40b2ebeb4f10","local_time":"20210103221710","is_ascension_mode":true,"campfire_choices":[{"data":"hermit:Snapshot","floor":6,"key":"SMITH"},{"data":"hermit:Determination","floor":11,"key":"SMITH"},{"data":"hermit:BlackWind","floor":15,"key":"SMITH"},{"floor":27,"key":"REST"},{"data":"hermit:Malice","floor":29,"key":"SMITH"},{"data":"hermit:ShadowCloak","floor":32,"key":"SMITH"},{"data":"hermit:BlackWind","floor":41,"key":"SMITH"}],"circlet_count":0,"master_deck":["hermit:Strike_Hermit","hermit:Strike_Hermit+1","hermit:Strike_Hermit","hermit:Snapshot+1","hermit:Covet","hermit:Determination+1","hermit:ShadowCloak+1","hermit:BlackWind+1","hermit:HighNoon+1","hermit:BigShot","hermit:Malice+1","Necronomicurse","hermit:Deadeye","hermit:Combo+1","hermit:BlackWind+1","hermit:GhostlyPresence+1","hermit:Snapshot+1"],"relics":["hermit:Momento","Ring of Misfortune","hubris:TinFlute","StrikeDummy","ReplayTheSpireMod:CursedCoin","Replay:Drink Me","Boot","Necronomicon","Regal Pillow","Pen Nib","Anchor","hermit:Horseshoe","infinitespire:EvilPickle","Replay:Grab Bag","ChewingGum","infinitespire:Cupcake","Snecko Eye","Ancient Tea Set","Gremlin Food"],"acts_visited":["Exordium","TheCity","TheBeyond"],"potions_floor_usage":[8,14,18,25,33,40,42],"damage_taken":[{"damage":4,"enemies":"Jaw Worm","floor":1,"turns":3},{"damage":0,"enemies":"Small Slimes","floor":7,"turns":2},{"damage":10,"enemies":"2 Louse","floor":8,"turns":2},{"damage":13,"enemies":"Lagavulin","floor":10,"turns":5},{"damage":11,"enemies":"Exordium Wildlife","floor":14,"turns":3},{"damage":14,"enemies":"Hexaghost","floor":16,"turns":8},{"damage":12,"enemies":"Chosen","floor":18,"turns":3},{"damage":0,"enemies":"Spheric Guardian","floor":21,"turns":3},{"damage":30,"enemies":"Gremlin Leader","floor":23,"turns":4},{"damage":12,"enemies":"Cultist and Chosen","floor":24,"turns":3},{"damage":6,"enemies":"Centurion and Healer","floor":25,"turns":2},{"damage":8,"enemies":"HollowMod:Nosk","floor":30,"turns":4},{"damage":0,"enemies":"3 Cultists","floor":31,"turns":3},{"damage":2,"enemies":"Pondfish","floor":33,"turns":7},{"damage":0,"enemies":"3 Shapes","floor":35,"turns":1},{"damage":16,"enemies":"Orb Walker","floor":37,"turns":3},{"damage":15,"enemies":"Reptomancer","floor":40,"turns":4},{"damage":32,"enemies":"Nightmare","floor":42,"turns":3}],"seed_played":"-1138453762408298390","potions_obtained":[{"floor":7,"key":"ColorlessPotion"},{"floor":10,"key":"DistilledChaos"},{"floor":16,"key":"Energy Potion"},{"floor":18,"key":"Dexterity Potion"},{"floor":24,"key":"Energy Potion"},{"floor":31,"key":"LiquidMemories"},{"floor":33,"key":"Explosive Potion"},{"floor":37,"key":"Elixir"}],"is_trial":false,"path_per_floor":["M","$","?","?","?","R","M","M","T","E","R","$","T","M","R","B",null,"M","$","?","M","?","E","M","M","T","R","T","R","E","M","R","B",null,"M","$","M","?","$","E","R","NM"],"character_chosen":"HERMIT","items_purchased":["ReplayTheSpireMod:CursedCoin","FairyPotion","Boot","hermit:BigShot","Ancient Tea Set"],"campfire_rested":1,"item_purchase_floors":[12,12,19,19,36],"current_hp_per_floor":[71,71,71,71,71,71,71,61,61,48,48,48,48,37,37,23,57,45,45,45,45,29,31,19,13,13,45,45,45,37,37,37,35,57,57,57,41,41,41,26,26,0,0],"gold":185,"neow_bonus":"REMOVE_CARD","is_daily":false,"chose_seed":false,"campfire_upgraded":6,"win_rate":0.0,"timestamp":1609712230,"path_taken":["M","$","?","?","?","R","?","M","T","E","R","?","?","?","R","BOSS","M","$","?","M","?","E","M","M","T","R","?","R","E","M","R","BOSS","M","$","M","?","?","E","R","NM"],"items_purchased_type":["Relic","Potion","Relic","Card","Relic"],"build_version":"2020-12-22","purchased_purges":3,"victory":false,"max_hp_per_floor":[75,75,75,75,75,75,75,75,75,75,75,75,75,75,75,75,57,57,57,57,57,57,57,57,57,57,57,57,57,57,57,57,57,57,57,57,57,57,57,57,57,57,57],"relic_stats":{"Regal Pillow":15,"counters":[18,63],"Snecko Eye":[27,14,25,25],"Pen Nib":[7],"Necronomicon":[25],"Boot":[11],"obtain_stats":[{"Gremlin Food":40,"Regal Pillow":23,"ReplayTheSpireMod:CursedCoin":12,"Replay:Grab Bag":34,"Pen Nib":26,"Boot":19,"Ancient Tea Set":36,"infinitespire:EvilPickle":33,"Anchor":28,"Ring of Misfortune":4,"Snecko Eye":34,"ChewingGum":34,"Necronomicon":22,"StrikeDummy":10,"Replay:Drink Me":17,"hermit:Horseshoe":30,"hermit:Momento":0,"hubris:TinFlute":9,"infinitespire:Cupcake":34},{"Gremlin Food":17,"Regal Pillow":9,"ReplayTheSpireMod:CursedCoin":4,"Replay:Grab Bag":14,"Pen Nib":11,"Boot":7,"Ancient Tea Set":15,"infinitespire:EvilPickle":14,"Anchor":11,"Ring of Misfortune":1,"Snecko Eye":14,"ChewingGum":14,"Necronomicon":8,"StrikeDummy":4,"Replay:Drink Me":6,"hermit:Horseshoe":12,"hermit:Momento":0,"hubris:TinFlute":3,"infinitespire:Cupcake":14},{"Gremlin Food":60,"Regal Pillow":33,"ReplayTheSpireMod:CursedCoin":12,"Replay:Grab Bag":52,"Pen Nib":38,"Boot":26,"Ancient Tea Set":53,"infinitespire:EvilPickle":52,"Anchor":38,"Ring of Misfortune":3,"Snecko Eye":52,"ChewingGum":52,"Necronomicon":29,"StrikeDummy":12,"Replay:Drink Me":23,"hermit:Horseshoe":42,"hermit:Momento":0,"hubris:TinFlute":7,"infinitespire:Cupcake":52}]},"card_choices":[{"not_picked":["hermit:Quickdraw","hermit:Dive"],"picked":"hermit:Determination","floor":1},{"not_picked":["hermit:Dive","hermit:Coalescence"],"picked":"hermit:ShadowCloak","floor":7},{"not_picked":["hermit:BodyArmor","hermit:Snipe","hermit:Brawl"],"picked":"SKIP","floor":8},{"not_picked":["hermit:Glare","hermit:Ricochet","hermit:Manifest"],"picked":"SKIP","floor":10},{"not_picked":["hermit:LowProfile","hermit:TrackingShot"],"picked":"hermit:BlackWind","floor":14},{"not_picked":["hermit:FinalCanter","hermit:Dissolve"],"picked":"hermit:HighNoon","floor":16},{"not_picked":["hermit:Misfire+1","hermit:Snipe","hermit:Brawl"],"picked":"SKIP","floor":18},{"not_picked":["hermit:Feint","hermit:Manifest"],"picked":"hermit:Malice","floor":21},{"not_picked":["hermit:TakeCover","hermit:Dive","hermit:Headshot+1"],"picked":"SKIP","floor":23},{"not_picked":["hermit:SprayPray","hermit:Quickdraw","hermit:LowProfile"],"picked":"SKIP","floor":24},{"not_picked":["hermit:Coalescence+1","hermit:BodyArmor"],"picked":"hermit:Deadeye","floor":25},{"not_picked":["hermit:Roulette+1","hermit:HoleUp"],"picked":"hermit:Deadeye","floor":30},{"not_picked":["hermit:CursedWeapon","hermit:Snipe"],"picked":"hermit:Combo+1","floor":31},{"not_picked":["hermit:EternalForm","hermit:Roughhouse"],"picked":"hermit:BlackWind","floor":33},{"not_picked":["hermit:Quickdraw+1","hermit:WideOpen","hermit:LowProfile+1"],"picked":"SKIP","floor":35},{"not_picked":["hermit:Vantage","hermit:Snipe"],"picked":"hermit:GhostlyPresence+1","floor":37},{"not_picked":["hermit:BodyArmor","hermit:NoHoldsBarred+1","hermit:Dissolve"],"picked":"SKIP","floor":40}],"player_experience":657169,"relics_obtained":[{"floor":4,"key":"Ring of Misfortune"},{"floor":9,"key":"hubris:TinFlute"},{"floor":10,"key":"StrikeDummy"},{"floor":22,"key":"Necronomicon"},{"floor":23,"key":"Regal Pillow"},{"floor":26,"key":"Pen Nib"},{"floor":28,"key":"Anchor"},{"floor":30,"key":"hermit:Horseshoe"},{"floor":40,"key":"Gremlin Food"}],"event_choices":[{"damage_healed":0,"gold_gain":0,"player_choice":"Obtained Book","damage_taken":16,"max_hp_gain":0,"max_hp_loss":0,"event_name":"Cursed Tome","floor":22,"gold_loss":0},{"damage_healed":0,"gold_gain":0,"player_choice":"Copied","damage_taken":0,"max_hp_gain":0,"max_hp_loss":0,"event_name":"Duplicator","floor":38,"gold_loss":0,"cards_obtained":["hermit:Snapshot"]}],"is_beta":false,"boss_relics":[{"not_picked":["Cursed Key","hermit:DentedPlate"],"picked":"Replay:Drink Me"},{"not_picked":["Fusion Hammer","hermit:BartenderGlass"],"picked":"Replay:Grab Bag"},{"not_picked":["Replay:Bronze Core","Runic Dome"],"picked":"ChewingGum"},{"not_picked":["hubris:VirtuousBlindfold","hubris:RunicObelisk"],"picked":"infinitespire:Cupcake"},{"not_picked":["hubris:BlackHole","Kintsugi"],"picked":"Snecko Eye"}],"items_purged_floors":[2,12,36],"is_endless":false,"potions_floor_spawned":[7,10,16,18,24,31,33,37],"killed_by":"Nightmare","ascension_level":3}}