{"host":"os9owiyb0rak6c8n","time":1609696494,"event":{"mods":["AchievementEnabler","Astrologer","BaseMod","Beaked The Cultist","Better Third Choice","Block Reminder","Colored Map","Colored Powertips","Dio Mod","Minty Spire (QoL Compilation)","Robot Space Explorer","Spicy Shops","StSLib","The Death Knight","The Necromancer"],"gold_per_floor":[119,119,7,7,27,55,55,88,113,125,125,155,168,185,185,284,284,296,309,329,8,58,58,92,103,180,1,29,40,90,151,151,253,253,268,431,381,394,459,488,488,521,521,571,597,612,612,44,44,44],"floor_reached":51,"playtime":2236,"items_purged":["Shame","Strike_G+1","Strike_G+1"],"score":1340,"play_id":"c8c8aaee-3184-4889-b3a2-b3ff235ea76d","local_time":"20210103185454","is_ascension_mode":true,"campfire_choices":[{"data":"Noxious Fumes","floor":7,"key":"SMITH"},{"data":"Wraith Form v2","floor":11,"key":"SMITH"},{"floor":15,"key":"REST"},{"floor":23,"key":"REST"},{"data":"Footwork","floor":32,"key":"SMITH"},{"data":"Malaise","floor":41,"key":"SMITH"},{"data":"Wraith Form v2","floor":47,"key":"SMITH"},{"data":"Footwork","floor":49,"key":"SMITH"}],"circlet_count":0,"master_deck":["AscendersBane","Strike_G+1","Strike_G+1","Strike_G+1","Defend_G+1","Defend_G+1","Defend_G+1","Defend_G+1","Defend_G+1","Survivor","Neutralize+1","Well Laid Plans","Noxious Fumes+1","Slice","Cloak And Dagger","Backflip","Riddle With Holes","Wraith Form v2+1","Escape Plan","Dodge and Roll","Corpse Explosion","Adrenaline","PiercingWail","Poisoned Stab+1","Leg Sweep","Crippling Poison+1","Deadly Poison","Malaise+1","Footwork+1","Wraith Form v2+1","Footwork+1","Leg Sweep"],"relics":["Ring of the Snake","Potion Belt","SsserpentHead","Happy Flower","Toy Ornithopter","MealTicket","Boot","SlaversCollar","Snake Skull","Shuriken","Question Card","Omamori","Bottled Lightning","Membership Card","Du-Vu Doll","Busted Crown","Mercury Hourglass","Art of War","TungstenRod","Pear","Juzu Bracelet","Mummified Hand","Akabeko","Sling","Calipers","HandDrill","Strawberry"],"acts_visited":["Exordium","TheCity","TheBeyond"],"potions_floor_usage":[6,6,6,8,12,16,16,16,19,20,24,33,40,40,42,50,50,50],"damage_taken":[{"damage":3,"enemies":"Jaw Worm","floor":1,"turns":6},{"damage":2,"enemies":"2 Louse","floor":5,"turns":3},{"damage":25,"enemies":"Lagavulin","floor":6,"turns":6},{"damage":12,"enemies":"Gremlin Nob","floor":8,"turns":4},{"damage":0,"enemies":"Cultist","floor":10,"turns":3},{"damage":12,"enemies":"Lagavulin","floor":12,"turns":8},{"damage":2,"enemies":"Exordium Thugs","floor":13,"turns":4},{"damage":8,"enemies":"2 Fungi Beasts","floor":14,"turns":3},{"damage":29,"enemies":"The Guardian","floor":16,"turns":11},{"damage":20,"enemies":"2 Thieves","floor":18,"turns":3},{"damage":14,"enemies":"Chosen","floor":19,"turns":5},{"damage":13,"enemies":"Snake Plant","floor":20,"turns":5},{"damage":3,"enemies":"Slavers","floor":24,"turns":4},{"damage":2,"enemies":"Cultist and Chosen","floor":25,"turns":4},{"damage":24,"enemies":"Gremlin Leader","floor":28,"turns":4},{"damage":0,"enemies":"Chosen and Byrds","floor":31,"turns":5},{"damage":9,"enemies":"Collector","floor":33,"turns":9},{"damage":1,"enemies":"Orb Walker","floor":35,"turns":5},{"damage":8,"enemies":"3 Shapes","floor":38,"turns":2},{"damage":3,"enemies":"3 Darklings","floor":39,"turns":2},{"damage":8,"enemies":"beaked:SuperParasite","floor":40,"turns":10},{"damage":8,"enemies":"Nemesis","floor":42,"turns":9},{"damage":0,"enemies":"Reptomancer","floor":45,"turns":6},{"damage":0,"enemies":"4 Shapes","floor":46,"turns":3},{"damage":19,"enemies":"Donu and Deca","floor":50,"turns":8}],"seed_played":"1049047797061822346","potions_obtained":[{"floor":5,"key":"EntropicBrew"},{"floor":6,"key":"Dexterity Potion"},{"floor":13,"key":"Ancient Potion"},{"floor":14,"key":"ColorlessPotion"},{"floor":19,"key":"Ancient Potion"},{"floor":20,"key":"PowerPotion"},{"floor":28,"key":"DistilledChaos"},{"floor":31,"key":"LiquidMemories"},{"floor":33,"key":"Ancient Potion"},{"floor":35,"key":"ColorlessPotion"},{"floor":36,"key":"FairyPotion"},{"floor":38,"key":"Poison Potion"},{"floor":45,"key":"DuplicationPotion"},{"floor":46,"key":"Regen Potion"}],"is_trial":false,"path_per_floor":["M","?","$","?","M","E","R","E","T","M","R","E","M","M","R","B",null,"M","M","M","$","T","R","E","M","T","$","E","$","?","M","R","B",null,"M","?","$","M","M","E","R","E","T","T","E","M","R","$","R","B",null],"character_chosen":"THE_SILENT","items_purchased":["Noxious Fumes","Slice","Snake Skull","Shuriken","Membership Card","Deadly Poison","Footwork","Akabeko","Sling","Calipers","Footwork","HandDrill","Strawberry","Leg Sweep"],"campfire_rested":2,"item_purchase_floors":[3,3,21,21,27,27,29,48,48,48,48,48,48,48],"current_hp_per_floor":[60,60,60,60,58,33,33,21,21,21,21,14,12,4,25,11,55,35,26,18,33,33,54,56,54,54,69,45,60,60,60,60,56,67,66,66,70,62,59,61,61,58,68,68,68,68,68,87,87,79],"gold":44,"neow_bonus":"RANDOM_COMMON_RELIC","is_daily":false,"chose_seed":false,"campfire_upgraded":6,"win_rate":0.0,"timestamp":1609696494,"path_taken":["M","?","$","?","M","E","R","E","T","M","R","E","M","M","R","BOSS","M","M","M","$","?","R","E","M","T","$","E","?","?","?","R","BOSS","M","?","$","M","?","E","R","E","T","?","E","M","R","$","R","BOSS"],"items_purchased_type":["Card","Card","Relic","Relic","Relic","Card","Card","Relic","Relic","Relic","Card","Relic","Relic","Card"],"build_version":"2020-12-22","purchased_purges":3,"victory":true,"max_hp_per_floor":[70,70,70,70,70,70,70,70,70,70,70,70,70,70,70,70,70,70,70,70,70,70,70,70,70,70,70,70,70,70,70,70,70,70,70,70,70,70,70,70,70,70,80,80,80,80,80,87,87,87],"card_choices":[{"not_picked":["Acrobatics","Accuracy"],"picked":"Well Laid Plans","floor":1},{"not_picked":["Choke","Setup"],"picked":"Cloak And Dagger","floor":5},{"not_picked":["Sucker Punch","Eviscerate"],"picked":"Backflip","floor":6},{"not_picked":["Masterful Stab","Backflip"],"picked":"Riddle With Holes","floor":8},{"not_picked":["Sucker Punch","Cloak And Dagger"],"picked":"Wraith Form v2","floor":10},{"not_picked":["Concentrate","Outmaneuver"],"picked":"Escape Plan","floor":12},{"not_picked":["Blade Dance","Flechettes"],"picked":"Dodge and Roll","floor":13},{"not_picked":["Cloak And Dagger","Deflect"],"picked":"Corpse Explosion","floor":14},{"not_picked":["Storm of Steel","Tools of the Trade"],"picked":"Adrenaline","floor":16},{"not_picked":["Sucker Punch","Backstab+1"],"picked":"PiercingWail","floor":18},{"not_picked":["Sucker Punch","Calculated Gamble+1","Predator"],"picked":"SKIP","floor":19},{"not_picked":["Outmaneuver+1","Flying Knee"],"picked":"Poisoned Stab+1","floor":20},{"not_picked":["Predator","Underhanded Strike","Terror"],"picked":"Leg Sweep","floor":24},{"not_picked":["Setup+1","Skewer","Dodge and Roll"],"picked":"Crippling Poison+1","floor":25},{"not_picked":["Sucker Punch","Distraction","Underhanded Strike"],"picked":"Malaise","floor":28},{"not_picked":["Slice","Poisoned Stab","Endless Agony+1","Cloak And Dagger"],"picked":"SKIP","floor":31},{"not_picked":["Corpse Explosion","Adrenaline","Storm of Steel"],"picked":"Wraith Form v2","floor":33},{"not_picked":["Bane","Dagger Spray+1"],"picked":"SKIP","floor":35},{"not_picked":["Panacea","Good Instincts"],"picked":"SKIP","floor":36},{"not_picked":["Flechettes","Calculated Gamble"],"picked":"SKIP","floor":38},{"not_picked":["Deadly Poison","Tactician+1"],"picked":"SKIP","floor":39},{"not_picked":["Distraction","Expertise"],"picked":"SKIP","floor":40},{"not_picked":["Tools of the Trade","Poisoned Stab"],"picked":"SKIP","floor":42},{"not_picked":["Dagger Throw+1","Eviscerate"],"picked":"SKIP","floor":45},{"not_picked":["Dodge and Roll","Choke"],"picked":"SKIP","floor":46}],"player_experience":578608,"relics_obtained":[{"floor":6,"key":"Happy Flower"},{"floor":8,"key":"Toy Ornithopter"},{"floor":9,"key":"MealTicket"},{"floor":12,"key":"Boot"},{"floor":22,"key":"Question Card"},{"floor":24,"key":"Omamori"},{"floor":26,"key":"Bottled Lightning"},{"floor":28,"key":"Du-Vu Doll"},{"floor":36,"key":"Mercury Hourglass"},{"floor":40,"key":"Art of War"},{"floor":42,"key":"TungstenRod"},{"floor":43,"key":"Pear"},{"floor":44,"key":"Juzu Bracelet"},{"floor":45,"key":"Mummified Hand"}],"event_choices":[{"damage_healed":0,"gold_gain":0,"player_choice":"Grow","damage_taken":0,"max_hp_gain":0,"max_hp_loss":0,"event_name":"Living Wall","floor":2,"gold_loss":0,"cards_upgraded":["Neutralize"]},{"damage_healed":0,"gold_gain":0,"player_choice":"Trade","damage_taken":0,"relics_obtained":["SsserpentHead"],"max_hp_gain":0,"max_hp_loss":0,"event_name":"FaceTrader","floor":4,"gold_loss":0},{"damage_healed":0,"gold_gain":0,"player_choice":"Simplicity","damage_taken":0,"max_hp_gain":0,"max_hp_loss":10,"event_name":"betterThird:BetterWriting","floor":30,"gold_loss":0},{"damage_healed":0,"gold_gain":0,"player_choice":"Random: Red","damage_taken":0,"max_hp_gain":0,"max_hp_loss":0,"event_name":"betterThird:BetterPortal","floor":36,"gold_loss":0}],"is_beta":false,"boss_relics":[{"not_picked":["HoveringKite","SacredBark"],"picked":"SlaversCollar"},{"not_picked":["Runic Pyramid","Fusion Hammer"],"picked":"Busted Crown"}],"items_purged_floors":[21,37,48],"is_endless":false,"potions_floor_spawned":[5,6,13,14,19,20,28,31,33,35,38,45,46],"ascension_level":10}}