{"host":"px2oznrenyeljk7o","time":1609691102,"event":{"mods":["A Magickal Journey","AchievementEnabler","Arknights The Spire","BaseMod","Better Altar","Better Match","Better Note","Better Sensory Stone","Better Third Choice","Conspire","Curses Come First","GifTheSpireLib","GungeonMod","Hermit","Koishi","Lobotomy","LobotomyExtend","Minty Spire (QoL Compilation)","Nova Terra(??·??)","Potionbrewer","Reimu??????","Replay The Spire","Robot Space Explorer","Small Relic Pack","Somnambulant","Spicy Shops","StSLib","Stuff the Spire","The Administrix","The Alterego","The Blackbeard","The Blue Laboratory","The Bug Knight","The Construct","The Cursed","The Disciple","The Gatherer","The Hayseed","The Hierophant","The Jungle","The Marked","The Poker Player","The Runesmith","Yakumo Yukari mod","Yuri Mod","everything is the same but u backflip on backflip","slay the spire mod where everything is the same but ironclad has a cowboy hat"],"gold_per_floor":[119,135,155,19,39,39,39,39,39,58,58,77,89,107,107,204,204,223,223,242,242,242,242],"floor_reached":22,"playtime":2742,"items_purged":[],"score":180,"play_id":"49b1a766-e635-4d63-a823-10f240056f8a","local_time":"20210103172502","is_ascension_mode":false,"campfire_choices":[{"floor":6,"key":"REST"},{"data":"AdministrixMod:FuneraryRites","floor":8,"key":"SMITH"},{"floor":15,"key":"REST"}],"circlet_count":0,"master_deck":["AdministrixMod:Strike_Administrix+1","AdministrixMod:Strike_Administrix+1","AdministrixMod:Strike_Administrix+1","AdministrixMod:Strike_Administrix+1","AdministrixMod:RedCloak","AdministrixMod:Defend_Administrix+1","AdministrixMod:Defend_Administrix+1","AdministrixMod:Defend_Administrix+1","AdministrixMod:BlueCloak+1","AdministrixMod:CrackingPangu","AdministrixMod:FuneraryRites+1","AdministrixMod:SipOfSparks","AdministrixMod:DeathByGlamour","AdministrixMod:PassageOfAges","AdministrixMod:TrickOfTheLight","AdministrixMod:CastOffRegrets+1","AdministrixMod:RegentEdict","AdministrixMod:RegentEdict","AdministrixMod:MixOfMercury","AdministrixMod:AmassedMasks","AdministrixMod:DiversionaryTactic+1","ats:Calcification","AdministrixMod:DiversionaryTactic+1"],"relics":["AdministrixMod:ConductorRitualBaton","LetterFromLob","CrazyTorch:ReiMu","SlaversCollar"],"acts_visited":["Exordium","TheCity"],"potions_floor_usage":[2,16,16,18,20,22],"damage_taken":[{"damage":0,"enemies":"2 Louse","floor":1,"turns":3},{"damage":0,"enemies":"Small Slimes","floor":2,"turns":4},{"damage":4,"enemies":"Jaw Worm","floor":3,"turns":4},{"damage":17,"enemies":"Gremlin Gang","floor":5,"turns":7},{"damage":0,"enemies":"Looter","floor":10,"turns":3},{"damage":14,"enemies":"Exordium Wildlife","floor":12,"turns":7},{"damage":4,"enemies":"2 Fungi Beasts","floor":13,"turns":3},{"damage":9,"enemies":"Lots of Slimes","floor":14,"turns":3},{"damage":5,"enemies":"Slime Boss","floor":16,"turns":5},{"damage":20,"enemies":"Chosen","floor":18,"turns":7},{"damage":13,"enemies":"Spheric Guardian","floor":20,"turns":4},{"damage":37,"enemies":"3 Cultists","floor":22,"turns":4}],"seed_played":"-1167191491258966794","potions_obtained":[{"floor":1,"key":"blueLaboratory:StoneskinPotion"},{"floor":5,"key":"potionbrewer:ToxicPotion"},{"floor":12,"key":"blueLaboratory:ImpenetrablePotion"},{"floor":13,"key":"blueLaboratory:AbyssPotion"},{"floor":14,"key":"potionbrewer:AcidPotion"},{"floor":20,"key":"AdministrixMod:AttunementTonic"}],"is_trial":false,"path_per_floor":["M","M","M","$","M","R","?","R","T","M","?","M","M","M","R","B",null,"M","?","M","?","M"],"character_chosen":"TheAdministrix","items_purchased":["AdministrixMod:DeathByGlamour"],"campfire_rested":2,"item_purchase_floors":[4],"current_hp_per_floor":[65,65,61,61,44,63,63,63,63,63,63,49,45,36,55,50,65,45,45,33,33,0,0],"gold":242,"neow_bonus":"UPGRADE_CARD","is_daily":false,"chose_seed":false,"campfire_upgraded":1,"win_rate":0.0,"timestamp":1609691102,"path_taken":["M","M","M","$","M","R","?","R","T","M","?","M","M","M","R","BOSS","M","?","?","?","M"],"items_purchased_type":["Card"],"build_version":"2020-12-22","purchased_purges":0,"victory":false,"max_hp_per_floor":[65,65,65,65,65,65,65,65,65,65,65,65,65,65,65,65,65,65,65,65,65,65,65],"card_choices":[{"not_picked":["AdministrixMod:SealAway","AdministrixMod:QuietConspiracy"],"picked":"AdministrixMod:CrackingPangu","floor":1},{"not_picked":["AdministrixMod:LightOfYourLife","AdministrixMod:ReachToHeaven"],"picked":"AdministrixMod:FuneraryRites","floor":2},{"not_picked":["AdministrixMod:ExtolVirtue","AdministrixMod:ShadowPlay"],"picked":"AdministrixMod:SipOfSparks","floor":3},{"not_picked":["AdministrixMod:SealAway","AdministrixMod:DiversionaryTactic"],"picked":"AdministrixMod:PassageOfAges","floor":5},{"not_picked":["AdministrixMod:ShadowPlay","AdministrixMod:LightOfYourLife"],"picked":"AdministrixMod:TrickOfTheLight","floor":10},{"not_picked":["AdministrixMod:XianArts","AdministrixMod:JustRewards"],"picked":"AdministrixMod:RegentEdict","floor":12},{"not_picked":["AdministrixMod:ImmortalGrace","AdministrixMod:BrewingCloister"],"picked":"AdministrixMod:RegentEdict","floor":13},{"not_picked":["AdministrixMod:ImmortalPurity","AdministrixMod:PassageOfAges"],"picked":"AdministrixMod:MixOfMercury","floor":14},{"not_picked":["AdministrixMod:ImmortalClarity","AdministrixMod:LuminaryPath"],"picked":"AdministrixMod:AmassedMasks","floor":16},{"not_picked":["AdministrixMod:ShadowPlay","AdministrixMod:SipOfSparks+1"],"picked":"AdministrixMod:DiversionaryTactic+1","floor":18},{"not_picked":["AdministrixMod:RebukeDesires","AdministrixMod:HiddenPower+1"],"picked":"AdministrixMod:DiversionaryTactic+1","floor":20}],"player_experience":429630,"relics_obtained":[{"floor":1,"key":"LetterFromLob"},{"floor":9,"key":"CrazyTorch:ReiMu"}],"event_choices":[{"damage_healed":0,"gold_gain":0,"player_choice":"Leave","damage_taken":0,"max_hp_gain":0,"max_hp_loss":0,"event_name":"conspire:Investor","floor":7,"gold_loss":0},{"cards_removed":["AdministrixMod:DeathByGlamour"],"damage_healed":0,"gold_gain":0,"player_choice":"Take \u0026 Give","damage_taken":0,"max_hp_gain":0,"max_hp_loss":0,"event_name":"betterNote:BetterNote","floor":19,"gold_loss":0,"cards_obtained":["ats:Calcification"]},{"damage_healed":0,"gold_gain":0,"player_choice":"Simplicity","damage_taken":0,"max_hp_gain":0,"max_hp_loss":7,"event_name":"betterThird:BetterWriting","floor":21,"gold_loss":0}],"is_beta":false,"boss_relics":[{"not_picked":["ReplayTheSpireMod:DimensionalGlitch","StuffTheSpire:RunicConfusion"],"picked":"SlaversCollar"}],"items_purged_floors":[],"is_endless":false,"potions_floor_spawned":[1,5,12,13,14,20],"killed_by":"3 Cultists","ascension_level":0}}