{"host":"f55lpzc7830gmx23","time":1609714001,"event":{"mods":["BaseMod","Better Note","Downfall","Hermit","Minty Spire (QoL Compilation)","StSLib","The Blackbeard","The Cursed","The Necromancer"],"gold_per_floor":[112,112,112,112,130,130,164,176,176,202,202,236,68,83,83,182,182,194,194,194,208,219,219,246,246,246,246,246,257,203,230,230,326,326,337,387,403,403,403,431,431,448,448,448,464,464,12,24,24,24],"floor_reached":51,"playtime":3144,"items_purged":[],"score":1285,"play_id":"e15fb06a-19d2-41e0-8f88-db4bf11cd936","local_time":"20210103234641","is_ascension_mode":true,"campfire_choices":[{"floor":6.0,"key":"REST"},{"data":"blackbeard:Cutlass","floor":11.0,"key":"SMITH"},{"floor":15.0,"key":"REST"},{"floor":23.0,"key":"REST"},{"data":"blackbeard:Parrot","floor":25.0,"key":"SMITH"},{"floor":27.0,"key":"REST"},{"floor":32.0,"key":"REST"},{"floor":41.0,"key":"REST"},{"floor":44.0,"key":"REST"},{"floor":49,"key":"REST"}],"circlet_count":0,"master_deck":["AscendersBane","blackbeard:BlackbeardStrike+1","blackbeard:BlackbeardStrike","blackbeard:IntimidatingStrike","blackbeard:BlackbeardDefend","blackbeard:BlackbeardDefend","blackbeard:BlackbeardDefend+1","blackbeard:Cutlass+1","blackbeard:PowderKeg","blackbeard:GoldenDefense","blackbeard:AgileStrike","blackbeard:Spear","blackbeard:Dagger","blackbeard:Parrot+1","blackbeard:Boarding","blackbeard:GoldenDefense","blackbeard:PowderKeg","blackbeard:DeadlyArsenal","blackbeard:Sword","blackbeard:AgileStrike","blackbeard:FishingNets+1","blackbeard:Intoxication+1","blackbeard:FieryDefense+1","blackbeard:RemoveScurvy","blackbeard:RemoveScurvy","blackbeard:PirateStrength","blackbeard:TacticalRetreat","blackbeard:Salvager","blackbeard:PowderKeg","Writhe","blackbeard:Anchor"],"relics":["blackbeard:LoadTheCannons","NeowsBlessing","CaptainsWheel","White Beast Statue","blackbeard:HipFlask","Singing Bowl","Orrery","Astrolabe","Nunchaku","Sundial","Bag of Marbles","Boot","Philosopher\u0027s Stone","Pocketwatch","Ice Cream","Question Card","Lee\u0027s Waffle","Unceasing Top"],"acts_visited":["Exordium","TheCity","TheBeyond"],"potions_floor_usage":[50],"damage_taken":[{"damage":0.0,"enemies":"Cultist","floor":1.0,"turns":1.0},{"damage":0.0,"enemies":"2 Louse","floor":5.0,"turns":1.0},{"damage":0.0,"enemies":"Lagavulin","floor":7.0,"turns":1.0},{"damage":0.0,"enemies":"Small Slimes","floor":8.0,"turns":1.0},{"damage":10.0,"enemies":"Gremlin Nob","floor":10.0,"turns":4.0},{"damage":20.0,"enemies":"Lagavulin","floor":12.0,"turns":6.0},{"damage":4.0,"enemies":"Blue Slaver","floor":14.0,"turns":3.0},{"damage":0.0,"enemies":"Slime Boss","floor":16.0,"turns":5.0},{"damage":13.0,"enemies":"Shell Parasite","floor":18.0,"turns":7.0},{"damage":3.0,"enemies":"Spheric Guardian","floor":21.0,"turns":4.0},{"damage":15.0,"enemies":"Shelled Parasite and Fungi","floor":22.0,"turns":5.0},{"damage":42.0,"enemies":"Gremlin Leader","floor":24.0,"turns":5.0},{"damage":8.0,"enemies":"Snake Plant","floor":29.0,"turns":2.0},{"damage":25.0,"enemies":"Book of Stabbing","floor":31.0,"turns":7.0},{"damage":93.0,"enemies":"Automaton","floor":33.0,"turns":10.0},{"damage":14.0,"enemies":"3 Darklings","floor":35.0,"turns":6.0},{"damage":34.0,"enemies":"2 Orb Walkers","floor":36.0,"turns":5.0},{"damage":29.0,"enemies":"Orb Walker","floor":37.0,"turns":5.0},{"damage":41.0,"enemies":"Reptomancer","floor":40.0,"turns":6.0},{"damage":17.0,"enemies":"Jaw Worm Horde","floor":42.0,"turns":5.0},{"damage":15.0,"enemies":"3 Darklings","floor":45.0,"turns":4.0},{"damage":32,"enemies":"Maw","floor":48,"turns":7},{"damage":111,"enemies":"Donu and Deca","floor":50,"turns":14}],"seed_played":"-5117682722453175740","potions_obtained":[{"floor":1.0,"key":"LiquidBronze"},{"floor":5.0,"key":"GamblersBrew"},{"floor":8.0,"key":"LiquidBronze"},{"floor":10.0,"key":"FearPotion"},{"floor":12.0,"key":"Block Potion"},{"floor":14.0,"key":"DistilledChaos"},{"floor":16.0,"key":"LiquidBronze"},{"floor":18.0,"key":"Fruit Juice"},{"floor":21.0,"key":"PowerPotion"},{"floor":22.0,"key":"SpeedPotion"},{"floor":24.0,"key":"SkillPotion"},{"floor":29.0,"key":"Energy Potion"},{"floor":31.0,"key":"FearPotion"},{"floor":33.0,"key":"SkillPotion"},{"floor":35.0,"key":"PowerPotion"},{"floor":36.0,"key":"SpeedPotion"},{"floor":40.0,"key":"SteroidPotion"},{"floor":42.0,"key":"Guardian:BlockOnCardUsePotion"}],"is_trial":false,"path_per_floor":["M","?","$","?","M","R","E","M","T","E","R","E","$","M","R","B",null,"M","?","?","M","M","R","E","R","T","R","T","M","$","E","R","B",null,"M","?","M","?","$","E","R","M","T","R","M","?","$","M","R","B",null],"character_chosen":"BLACKBEARD_CLASS","items_purchased":["Orrery","blackbeard:Sword","blackbeard:TacticalRetreat","Lee\u0027s Waffle","Unceasing Top"],"campfire_rested":8,"item_purchase_floors":[13,13,30,47,47],"current_hp_per_floor":[68,53,53,53,53,75,75,75,75,65,65,45,47,43,66,68,76,63,63,63,67,59,85,53,53,53,79,79,73,73,60,87,4,70,71,44,27,51,51,22,51,46,46,76,66,66,107,92,109,13],"gold":24,"neow_bonus":"THREE_ENEMY_KILL","is_daily":false,"chose_seed":false,"campfire_upgraded":2,"win_rate":0.0,"timestamp":1609714001,"path_taken":["M","?","$","?","?","R","E","M","T","E","R","E","$","M","R","BOSS","M","?","?","M","?","R","E","R","T","R","?","M","$","E","R","BOSS","M","?","M","?","$","E","R","M","T","R","M","?","$","M","R","BOSS"],"items_purchased_type":["Relic","Card","Card","Relic","Relic"],"build_version":"2020-12-22","purchased_purges":0,"victory":true,"max_hp_per_floor":[75,75,75,75,75,75,75,75,75,75,75,75,77,77,77,79,79,79,79,79,86,88,88,88,88,88,88,88,90,90,92,92,92,92,92,94,96,96,96,98,98,100,100,100,100,100,107,109,109,109],"card_choices":[{"not_picked":["blackbeard:DelayedPain","blackbeard:Spear"],"picked":"blackbeard:PowderKeg","floor":1.0},{"not_picked":["blackbeard:Boarding","blackbeard:Fencing"],"picked":"blackbeard:GoldenDefense","floor":5.0},{"not_picked":["blackbeard:CannonballSupply","blackbeard:BrownPants"],"picked":"blackbeard:AgileStrike","floor":7.0},{"not_picked":["blackbeard:Boarding","blackbeard:FieryDefense"],"picked":"blackbeard:Spear","floor":8.0},{"not_picked":["blackbeard:WeaponProficiency","blackbeard:Fencing"],"picked":"blackbeard:Dagger","floor":10.0},{"not_picked":["blackbeard:RearmingStrike","blackbeard:Eyepatch"],"picked":"blackbeard:Parrot","floor":12.0},{"not_picked":["blackbeard:Bandana","blackbeard:UndeadForm"],"picked":"blackbeard:Boarding","floor":13.0},{"not_picked":["blackbeard:SwordDance","blackbeard:VengefulSpirit"],"picked":"blackbeard:GoldenDefense","floor":13.0},{"not_picked":["blackbeard:Boarding","blackbeard:TerrorOfTheSeas"],"picked":"blackbeard:PowderKeg","floor":13.0},{"not_picked":["blackbeard:GoldenDefense","blackbeard:WeaponProficiency"],"picked":"blackbeard:DeadlyArsenal","floor":13.0},{"not_picked":["blackbeard:Eyepatch","blackbeard:CannonballSupply","blackbeard:Fencing"],"picked":"Singing Bowl","floor":13.0},{"not_picked":["blackbeard:Toast","blackbeard:Spear"],"picked":"blackbeard:AgileStrike","floor":14.0},{"not_picked":["blackbeard:Murder","blackbeard:Parrot","blackbeard:UndeadForm"],"picked":"Singing Bowl","floor":16.0},{"not_picked":["blackbeard:SwordDance","blackbeard:PirateEarring+1"],"picked":"blackbeard:RemoveScurvy","floor":18.0},{"not_picked":["blackbeard:BlindAttacks","blackbeard:BeatUp","blackbeard:Spear"],"picked":"Singing Bowl","floor":21.0},{"not_picked":["blackbeard:Dagger","blackbeard:CloakAndCannonball","blackbeard:Shrapnel"],"picked":"Singing Bowl","floor":22.0},{"not_picked":["blackbeard:DeadlyArsenal","blackbeard:Revenge"],"picked":"blackbeard:PirateStrength","floor":24.0},{"not_picked":["blackbeard:SmithingHammer","blackbeard:CloakAndCannonball","blackbeard:Fencing+1"],"picked":"Singing Bowl","floor":29.0},{"not_picked":["blackbeard:Sharpening","blackbeard:WiseDefense","blackbeard:Scrap"],"picked":"Singing Bowl","floor":31.0},{"not_picked":["blackbeard:PirateStrength","blackbeard:Intoxication"],"picked":"blackbeard:Salvager","floor":33.0},{"not_picked":["blackbeard:Bandana","blackbeard:Anchor"],"picked":"blackbeard:PowderKeg","floor":35.0},{"not_picked":["blackbeard:Dagger","blackbeard:CannonballSupply+1","blackbeard:Sharpening+1"],"picked":"Singing Bowl","floor":36.0},{"not_picked":["blackbeard:FieryDefense","blackbeard:CannonballSupply","blackbeard:GhostInTheRum+1"],"picked":"Singing Bowl","floor":37.0},{"not_picked":["blackbeard:RearmingStrike+1","blackbeard:PirateHook","blackbeard:PiratesWill"],"picked":"Singing Bowl","floor":40.0},{"not_picked":["blackbeard:Eyepatch+1","blackbeard:Sharpening","blackbeard:CloakAndCannonball+1"],"picked":"Singing Bowl","floor":42.0},{"not_picked":["blackbeard:BlindAttacks","blackbeard:Boarding","blackbeard:Toast+1"],"picked":"blackbeard:Anchor","floor":45.0},{"not_picked":["blackbeard:BlindAttacks+1","blackbeard:PirateEarring+1","blackbeard:TacticalRetreat","blackbeard:FieryDefense+1"],"picked":"Singing Bowl","floor":48}],"player_experience":447941,"relics_obtained":[{"floor":7.0,"key":"CaptainsWheel"},{"floor":9.0,"key":"White Beast Statue"},{"floor":10.0,"key":"blackbeard:HipFlask"},{"floor":12.0,"key":"Singing Bowl"},{"floor":24.0,"key":"Nunchaku"},{"floor":26.0,"key":"Sundial"},{"floor":28.0,"key":"Bag of Marbles"},{"floor":31.0,"key":"Boot"},{"floor":36.0,"key":"Pocketwatch"},{"floor":40.0,"key":"Ice Cream"},{"floor":43.0,"key":"Question Card"}],"event_choices":[{"damage_healed":0.0,"max_hp_gain":0.0,"max_hp_loss":0.0,"gold_gain":0.0,"event_name":"Shining Light","player_choice":"Entered Light","floor":2.0,"gold_loss":0.0,"damage_taken":15.0,"cards_upgraded":["blackbeard:BlackbeardStrike","blackbeard:BlackbeardDefend"]},{"damage_healed":0.0,"max_hp_gain":0.0,"max_hp_loss":0.0,"gold_gain":0.0,"event_name":"betterNote:BetterNote","player_choice":"Ignored","floor":4.0,"gold_loss":0.0,"damage_taken":0.0,"cards_obtained":["blackbeard:BlackbeardStrike"]},{"damage_healed":0.0,"max_hp_gain":0.0,"max_hp_loss":0.0,"gold_gain":0.0,"event_name":"Duplicator","player_choice":"Copied","floor":20.0,"gold_loss":0.0,"damage_taken":0.0,"cards_obtained":["blackbeard:RemoveScurvy"]},{"damage_healed":0.0,"max_hp_gain":0.0,"max_hp_loss":0.0,"gold_gain":0.0,"event_name":"Mysterious Sphere","player_choice":"Fight","floor":36.0,"gold_loss":0.0,"damage_taken":0.0},{"damage_healed":24.0,"max_hp_gain":0.0,"max_hp_loss":0.0,"gold_gain":0.0,"event_name":"Winding Halls","player_choice":"Writhe","floor":38.0,"gold_loss":0.0,"damage_taken":0.0,"cards_obtained":["Writhe"]},{"damage_healed":0.0,"max_hp_gain":0.0,"max_hp_loss":0.0,"gold_gain":0.0,"event_name":"Tomb of Lord Red Mask","player_choice":"Ignored","floor":46.0,"gold_loss":0.0,"damage_taken":0.0}],"is_beta":false,"boss_relics":[{"not_picked":["Sozu","blackbeard:LoadTheGoldenCannons"],"picked":"Astrolabe"},{"not_picked":["Snecko Eye","Runic Dome"],"picked":"Philosopher\u0027s Stone"}],"items_purged_floors":[],"is_endless":false,"potions_floor_spawned":[1,5,8,10,12,14,16,18,21,22,24,29,31,33,35,36,37,40,42,45,48],"ascension_level":12}}