{"host":"b4oqa93y40rb9616","time":1609707402,"event":{"mods":["BaseMod","Colored Map","Custom Start","DeckTracker","Downfall","Keyboard Shortcuts","Minty Spire (QoL Compilation)","Permanent Neow","Quick Restart","READ ME - Guardian Mod","StSLib","SuperFastMode","everything is the same but u backflip on backflip"],"gold_per_floor":[0,16,32,50,63,26,53,53,64,83,99,110,110,124,139,139,139,139],"floor_reached":16,"playtime":589,"items_purged":[],"score":100,"play_id":"41cb2e68-9ecc-4da3-8f49-61b85abc878a","local_time":"20210104055642","is_ascension_mode":false,"campfire_choices":[{"data":"Slimebound:Split","floor":1.0,"key":"SMITH"},{"data":"Slimebound:Teamwork","floor":8,"key":"SMITH"},{"data":"Slimebound:PrepareCrush","floor":13,"key":"SMITH"}],"circlet_count":0,"master_deck":["Slimebound:Strike_Slimebound","Slimebound:Strike_Slimebound","Slimebound:Strike_Slimebound","Slimebound:Tackle","Slimebound:Defend_Slimebound","Slimebound:Defend_Slimebound","Slimebound:Defend_Slimebound","Slimebound:Defend_Slimebound","Slimebound:Split+1","Slimebound:CorrosiveSpit","Slimebound:Teamwork+1","Slimebound:SlimeSpikes","Slimebound:SlimeBarrage","Slimebound:SlimeTap","Slimebound:SplitLeeching","Slimebound:SplitAcid","Slimebound:LeechEnergy","Slimebound:PrepareCrush+1","Slimebound:Gluttony","Slimebound:LeechingTouch","Slimebound:GrowthPunch","Slimebound:SplitMire","Slimebound:DisruptingSlam"],"relics":["Slimebound:AbsorbEndCombat","Bag of Marbles"],"acts_visited":["Exordium"],"potions_floor_usage":[11,16,16],"damage_taken":[{"damage":8.0,"enemies":"Jaw Worm","floor":2.0,"turns":3.0},{"damage":8,"enemies":"2 Louse","floor":3,"turns":2},{"damage":8,"enemies":"Small Slimes","floor":4,"turns":3},{"damage":11,"enemies":"3 Louse","floor":5,"turns":2},{"damage":15,"enemies":"downfall:FleeingMerchant","floor":6,"turns":4},{"damage":21,"enemies":"Exordium Wildlife","floor":9,"turns":3},{"damage":17,"enemies":"2 Fungi Beasts","floor":10,"turns":4},{"damage":20,"enemies":"Large Slime","floor":11,"turns":4},{"damage":7,"enemies":"Red Slaver","floor":12,"turns":3},{"damage":8,"enemies":"Blue Slaver","floor":14,"turns":3},{"damage":10,"enemies":"Lots of Slimes","floor":15,"turns":3},{"damage":66,"enemies":"downfall:Defect","floor":16,"turns":5}],"seed_played":"-5382811176554443708","potions_obtained":[{"floor":3,"key":"AttackPotion"},{"floor":4,"key":"Energy Potion"},{"floor":5,"key":"champ:CounterPotion"},{"floor":10,"key":"EssenceOfSteel"},{"floor":15,"key":"Fire Potion"}],"is_trial":false,"path_per_floor":["R","M","M","M","M","$","T","R","M","M","M","M","R","M","M","B"],"character_chosen":"SLIMEBOUND","items_purchased":["Slimebound:LeechEnergy"],"campfire_rested":0,"item_purchase_floors":[6],"current_hp_per_floor":[60,60,60,60,57,58,58,58,51,52,50,49,49,49,49,0,0,0],"gold":139,"neow_bonus":"THREE_RARE_CARDS","is_daily":false,"chose_seed":false,"campfire_upgraded":3,"win_rate":0.0,"timestamp":1609707402,"path_taken":["R","M","M","M","M","$","T","R","M","M","M","M","R","M","M","BOSS"],"items_purchased_type":["Card"],"build_version":"2020-12-22","purchased_purges":0,"victory":false,"max_hp_per_floor":[60,60,60,60,60,60,60,60,60,60,60,60,60,60,60,60,60,60],"card_choices":[{"not_picked":["Slimebound:RallyTheTroops","Slimebound:SlimeSlap"],"picked":"Slimebound:Teamwork","floor":0.0},{"not_picked":["Slimebound:SamplingLick","Slimebound:ServeAndProtect"],"picked":"Slimebound:SlimeSpikes","floor":2.0},{"not_picked":["Slimebound:RainOfGoop","Slimebound:PressTheAttack"],"picked":"Slimebound:SlimeBarrage","floor":3},{"not_picked":["Slimebound:DivideAndConquer","Slimebound:SlimeSpikes"],"picked":"Slimebound:SlimeTap","floor":4},{"not_picked":["Slimebound:LeechingTouch","Slimebound:BestDefense"],"picked":"Slimebound:SplitLeeching","floor":5},{"not_picked":["Slimebound:Chomp","Slimebound:LeechingTouch"],"picked":"Slimebound:SplitAcid","floor":6},{"not_picked":["Slimebound:SplitLeeching","Slimebound:PressTheAttack"],"picked":"Slimebound:PrepareCrush","floor":9},{"not_picked":["Slimebound:Gluttony","Slimebound:ServeAndProtect","Slimebound:Schlurp"],"picked":"SKIP","floor":10},{"not_picked":["Slimebound:ServeAndProtect","Slimebound:Schlurp"],"picked":"Slimebound:Gluttony","floor":10},{"not_picked":["Slimebound:SlimeSpikes","Slimebound:SamplingLick"],"picked":"Slimebound:LeechingTouch","floor":11},{"not_picked":["Slimebound:ComboTackle","Slimebound:Schlurp"],"picked":"Slimebound:GrowthPunch","floor":12},{"not_picked":["Slimebound:ViciousTackle","Slimebound:LeechingTouch"],"picked":"Slimebound:SplitMire","floor":14},{"not_picked":["Slimebound:SplitMire","Slimebound:LeechingTouch"],"picked":"Slimebound:DisruptingSlam","floor":15}],"player_experience":427770,"relics_obtained":[{"floor":7,"key":"Bag of Marbles"}],"event_choices":[],"is_beta":false,"boss_relics":[],"items_purged_floors":[],"is_endless":false,"potions_floor_spawned":[3,4,5,10,15],"killed_by":"downfall:Defect","ascension_level":0}}