{"host":"1m3dfme8k5w8sg4k","time":1609638061,"event":{"mods":["AchievementEnabler","BaseMod","Colored Map","Colored Powertips","Minty Spire (QoL Compilation)","Random Character Button","Random Character Mod","Relic Stats","StSLib","everything is the same but u backflip on backflip"],"gold_per_floor":[118,131,150,225,154,154,187,202,282,282,315,315,415,433,433,528,528,546,566,566,566,581,612,612,627,627,627,652,652,600,635,635,733,733,743,743,759,173,189,220,233,265,265,282,282,300,225,245,245,245],"floor_reached":51,"playtime":2702,"items_purged":["Slice"],"score":877,"play_id":"27e2a51a-6099-45e6-88d9-bdc42bebadc1","local_time":"20210102204101","daily_mods":["SealedDeck"],"is_ascension_mode":false,"campfire_choices":[{"data":"Tactician","floor":6.0,"key":"SMITH"},{"data":"Skewer","floor":10.0,"key":"SMITH"},{"data":"Accuracy","floor":12.0,"key":"SMITH"},{"data":"Acrobatics","floor":15.0,"key":"SMITH"},{"data":"1","floor":24,"key":"LIFT"},{"data":"Accuracy","floor":27,"key":"SMITH"},{"data":"2","floor":32,"key":"LIFT"},{"data":"Wraith Form v2","floor":49,"key":"SMITH"}],"circlet_count":0,"master_deck":["Prepared","Underhanded Strike","Tactician+1","Acrobatics+1","PiercingWail","PiercingWail","Backstab","Skewer+1","Blade Dance","Accuracy+1","Cloak And Dagger","Infinite Blades","Cloak And Dagger","Eviscerate","Acrobatics","Predator+1","Accuracy+1","Calculated Gamble+1","Deflect+1","Wraith Form v2+1","Accuracy","Tactician+1","Leg Sweep+1"],"relics":["Ring of the Snake","Girya","Pantograph","Ancient Tea Set","SlaversCollar","Eternal Feather","MutagenicStrength","Blue Candle","Toxic Egg 2","MealTicket","WristBlade","TwistedFunnel","Bird Faced Urn","Art of War","Incense Burner","Pear"],"acts_visited":["Exordium","TheCity","TheBeyond"],"potions_floor_usage":[28,31,44,48],"damage_taken":[{"damage":0.0,"enemies":"Cultist","floor":1.0,"turns":1.0},{"damage":0.0,"enemies":"Small Slimes","floor":2.0,"turns":1.0},{"damage":0.0,"enemies":"Jaw Worm","floor":3.0,"turns":1.0},{"damage":12.0,"enemies":"3 Sentries","floor":7.0,"turns":4.0},{"damage":0.0,"enemies":"Looter","floor":8.0,"turns":2.0},{"damage":6.0,"enemies":"Lagavulin","floor":11.0,"turns":4.0},{"damage":0.0,"enemies":"Exordium Wildlife","floor":14.0,"turns":2.0},{"damage":0.0,"enemies":"Hexaghost","floor":16.0,"turns":5.0},{"damage":0,"enemies":"Spheric Guardian","floor":18,"turns":1},{"damage":0,"enemies":"Shell Parasite","floor":19,"turns":2},{"damage":3,"enemies":"Sentry and Sphere","floor":22,"turns":3},{"damage":0,"enemies":"Gremlin Leader","floor":23,"turns":3},{"damage":0,"enemies":"Cultist and Chosen","floor":25,"turns":2},{"damage":0,"enemies":"Slavers","floor":28,"turns":2},{"damage":12,"enemies":"Gremlin Leader","floor":31,"turns":4},{"damage":27,"enemies":"Champ","floor":33,"turns":7},{"damage":0,"enemies":"3 Shapes","floor":35,"turns":4},{"damage":1,"enemies":"3 Darklings","floor":37,"turns":4},{"damage":0,"enemies":"Maw","floor":39,"turns":5},{"damage":9,"enemies":"Nemesis","floor":40,"turns":5},{"damage":33,"enemies":"Writhing Mass","floor":41,"turns":6},{"damage":1,"enemies":"Giant Head","floor":42,"turns":5},{"damage":5,"enemies":"Spire Growth","floor":44,"turns":3},{"damage":5,"enemies":"Sphere and 2 Shapes","floor":46,"turns":4},{"damage":8,"enemies":"4 Shapes","floor":48,"turns":3},{"damage":40,"enemies":"Donu and Deca","floor":50,"turns":12}],"seed_played":"4481150613622483323","potions_obtained":[{"floor":3.0,"key":"Energy Potion"},{"floor":8.0,"key":"Energy Potion"},{"floor":14.0,"key":"Weak Potion"},{"floor":22,"key":"Regen Potion"},{"floor":23,"key":"ColorlessPotion"},{"floor":25,"key":"CunningPotion"},{"floor":31,"key":"Dexterity Potion"},{"floor":33,"key":"SpeedPotion"},{"floor":41,"key":"PowerPotion"},{"floor":44,"key":"Fire Potion"},{"floor":48,"key":"ColorlessPotion"}],"is_trial":true,"path_per_floor":["M","M","M","?","$","R","E","M","T","R","E","R","?","M","R","B",null,"M","M","T","?","M","E","R","M","T","R","E","?","$","E","R","B",null,"M","?","M","$","M","E","M","E","T","M","?","M","$","M","R","B",null],"character_chosen":"THE_SILENT","items_purchased":["Infinite Blades","Deflect+1","Accuracy","TwistedFunnel","Tactician+1","Bird Faced Urn"],"campfire_rested":0,"item_purchase_floors":[5,30,38,38,38,38],"current_hp_per_floor":[70,70,70,59,59,59,47,47,47,47,41,41,41,41,41,66,70,70,70,70,70,67,67,70,70,70,70,70,57,57,45,57,48,75,75,75,74,75,75,68,45,56,66,71,95,92,95,90,95,63],"gold":245,"neow_bonus":"","is_daily":false,"chose_seed":false,"campfire_upgraded":6,"win_rate":0.0,"timestamp":1609638061,"path_taken":["M","M","M","?","$","R","E","M","T","R","E","R","?","M","R","BOSS","M","M","?","?","M","E","R","?","T","R","E","?","?","E","R","BOSS","M","?","M","$","M","E","?","E","T","M","?","M","$","M","R","BOSS"],"items_purchased_type":["Card","Card","Card","Relic","Card","Relic"],"build_version":"2020-12-22","purchased_purges":1,"victory":true,"max_hp_per_floor":[70,70,70,70,70,70,70,70,70,70,70,70,70,70,70,70,70,70,70,70,70,70,70,70,70,70,70,70,75,75,75,75,75,75,75,75,75,75,75,75,75,75,85,85,95,95,95,95,95,95],"relic_stats":{"counters":[26,95],"Pantograph":43,"Blue Candle":[0],"Bird Faced Urn":[47],"Eternal Feather":20,"MealTicket":4,"Art of War":[4],"obtain_stats":[{"TwistedFunnel":38,"Girya":7,"Pear":43,"Blue Candle":23,"Eternal Feather":20,"Incense Burner":42,"Ancient Tea Set":11,"SlaversCollar":17,"WristBlade":34,"Pantograph":9,"MutagenicStrength":21,"Bird Faced Urn":38,"MealTicket":31,"Art of War":40,"Toxic Egg 2":28,"Ring of the Snake":0},{"TwistedFunnel":18,"Girya":4,"Pear":22,"Blue Candle":12,"Eternal Feather":10,"Incense Burner":22,"Ancient Tea Set":6,"SlaversCollar":8,"WristBlade":16,"Pantograph":5,"MutagenicStrength":10,"Bird Faced Urn":18,"MealTicket":15,"Art of War":20,"Toxic Egg 2":14,"Ring of the Snake":0},{"TwistedFunnel":52,"Girya":7,"Pear":73,"Blue Candle":29,"Eternal Feather":23,"Incense Burner":73,"Ancient Tea Set":13,"SlaversCollar":20,"WristBlade":44,"Pantograph":9,"MutagenicStrength":23,"Bird Faced Urn":52,"MealTicket":37,"Art of War":62,"Toxic Egg 2":33,"Ring of the Snake":0}],"Ring of the Snake":[52]},"card_choices":[{"not_picked":["Blade Dance","Bane"],"picked":"Accuracy","floor":1.0},{"not_picked":["Backstab","Outmaneuver","Setup"],"picked":"SKIP","floor":2.0},{"not_picked":["Sucker Punch","Dagger Spray"],"picked":"Cloak And Dagger","floor":3.0},{"not_picked":["PiercingWail","Acrobatics","Flying Knee"],"picked":"SKIP","floor":7.0},{"not_picked":["Blade Dance","Noxious Fumes"],"picked":"Cloak And Dagger","floor":8.0},{"not_picked":["PiercingWail","Poisoned Stab","Acrobatics"],"picked":"SKIP","floor":11.0},{"not_picked":["Blade Dance","Catalyst","Bouncing Flask"],"picked":"SKIP","floor":14.0},{"not_picked":["Blur","Blade Dance"],"picked":"Eviscerate","floor":18},{"not_picked":["Infinite Blades","Prepared"],"picked":"Acrobatics","floor":19},{"not_picked":["Acrobatics","Phantasmal Killer"],"picked":"Predator+1","floor":22},{"not_picked":["Underhanded Strike","Bouncing Flask","Distraction"],"picked":"SKIP","floor":23},{"not_picked":["Dodge and Roll","Sucker Punch+1"],"picked":"Accuracy","floor":25},{"not_picked":["Choke","Underhanded Strike"],"picked":"Calculated Gamble+1","floor":28},{"not_picked":["Die Die Die","Quick Slash+1","Infinite Blades"],"picked":"SKIP","floor":31},{"not_picked":["Doppelganger+1","Glass Knife"],"picked":"Wraith Form v2","floor":33},{"not_picked":["Eviscerate+1","Slice","Predator"],"picked":"SKIP","floor":35},{"not_picked":["Flying Knee+1","Dodge and Roll+1","Outmaneuver+1"],"picked":"SKIP","floor":37},{"not_picked":["Noxious Fumes","Acrobatics+1","Finisher"],"picked":"SKIP","floor":39},{"not_picked":["Deflect+1","Deadly Poison+1"],"picked":"Envenom","floor":40},{"not_picked":["Slice+1","Expertise+1","Dagger Spray+1"],"picked":"SKIP","floor":41},{"not_picked":["Dagger Spray+1","Poisoned Stab+1","Distraction+1"],"picked":"SKIP","floor":42},{"not_picked":["Deadly Poison+1","Bane+1","Expertise+1"],"picked":"SKIP","floor":44},{"not_picked":["Flying Knee+1","Dagger Throw"],"picked":"Leg Sweep+1","floor":46},{"not_picked":["Choke+1","Bane","Sucker Punch+1"],"picked":"SKIP","floor":48}],"player_experience":1594773,"relics_obtained":[{"floor":7.0,"key":"Girya"},{"floor":9.0,"key":"Pantograph"},{"floor":11.0,"key":"Ancient Tea Set"},{"floor":20,"key":"Eternal Feather"},{"floor":23,"key":"Blue Candle"},{"floor":28,"key":"Toxic Egg 2"},{"floor":31,"key":"MealTicket"},{"floor":40,"key":"Art of War"},{"floor":42,"key":"Incense Burner"},{"floor":43,"key":"Pear"}],"event_choices":[{"damage_healed":0.0,"max_hp_gain":0.0,"max_hp_loss":0.0,"gold_gain":75.0,"event_name":"World of Goop","player_choice":"Gather Gold","floor":4.0,"gold_loss":0.0,"damage_taken":11.0},{"damage_healed":0.0,"max_hp_gain":0.0,"max_hp_loss":0.0,"gold_gain":100.0,"event_name":"Golden Shrine","player_choice":"Pray","floor":13.0,"gold_loss":0.0,"damage_taken":0.0},{"damage_healed":0,"gold_gain":0,"player_choice":"Inject Mutagens","damage_taken":0,"relics_obtained":["MutagenicStrength"],"max_hp_gain":0,"max_hp_loss":0,"event_name":"Drug Dealer","floor":21,"gold_loss":0},{"damage_healed":0,"gold_gain":0,"player_choice":"Shed Blood","damage_taken":18,"max_hp_gain":5,"max_hp_loss":0,"event_name":"Forgotten Altar","floor":29,"gold_loss":0},{"damage_healed":0,"gold_gain":0,"player_choice":"Ignored","damage_taken":0,"max_hp_gain":0,"max_hp_loss":0,"event_name":"NoteForYourself","floor":36,"gold_loss":0},{"cards_removed":["Envenom"],"damage_healed":14,"gold_gain":0,"player_choice":"Offered Rare","damage_taken":0,"max_hp_gain":10,"max_hp_loss":0,"event_name":"Bonfire Elementals","floor":45,"gold_loss":0}],"is_beta":false,"boss_relics":[{"not_picked":["Snecko Eye","Calling Bell"],"picked":"SlaversCollar"},{"not_picked":["HoveringKite","Astrolabe"],"picked":"WristBlade"}],"items_purged_floors":[47],"is_endless":false,"potions_floor_spawned":[3,8,14,22,23,25,31,33,35,41,42,44,48],"ascension_level":0}}