{"host":"j45ucdvl5ntpx4kf","time":1609715113,"event":{"mods":["AchievementEnabler","BaseMod","Colored Map","Colored Powertips","Minty Spire (QoL Compilation)","StSLib"],"gold_per_floor":[115,40,40,60,76,76,103,103,103,119,119,129,129,129],"floor_reached":13,"playtime":388,"items_purged":["Strike_B+1"],"score":94,"play_id":"fea91f55-99ab-410e-b595-400a4e5cebe8","local_time":"20210103180513","is_ascension_mode":true,"campfire_choices":[{"data":"Strike_B","floor":6,"key":"SMITH"},{"floor":11,"key":"REST"}],"circlet_count":0,"master_deck":["Strike_B","Strike_B","Strike_B+1","Defend_B","Defend_B","Defend_B","Zap","Dualcast"],"relics":["Cracked Core","Pantograph","Cables"],"acts_visited":["Exordium"],"potions_floor_usage":[7],"damage_taken":[{"damage":10,"enemies":"Small Slimes","floor":1,"turns":3},{"damage":1,"enemies":"2 Louse","floor":4,"turns":2},{"damage":2,"enemies":"Jaw Worm","floor":5,"turns":3},{"damage":26,"enemies":"Gremlin Nob","floor":7,"turns":4},{"damage":35,"enemies":"Large Slime","floor":10,"turns":5},{"damage":11,"enemies":"Exordium Thugs","floor":12,"turns":4},{"damage":36,"enemies":"Lagavulin","floor":13,"turns":4}],"seed_played":"-4845094809695015119","potions_obtained":[{"floor":4,"key":"ColorlessPotion"}],"is_trial":false,"path_per_floor":["M","$","?","M","M","R","E","?","T","M","R","M","E"],"character_chosen":"DEFECT","items_purchased":[],"campfire_rested":1,"item_purchase_floors":[],"current_hp_per_floor":[65,65,70,69,67,67,41,41,41,6,30,19,0,0],"gold":129,"neow_bonus":"UPGRADE_CARD","is_daily":false,"chose_seed":false,"campfire_upgraded":1,"win_rate":0.0,"timestamp":1609715113,"path_taken":["M","$","?","M","M","R","E","?","T","M","R","M","E"],"items_purchased_type":[],"build_version":"2020-12-22","purchased_purges":1,"victory":false,"max_hp_per_floor":[75,75,80,80,80,80,80,80,80,80,80,80,80,80],"card_choices":[{"not_picked":["Go for the Eyes","Cold Snap","Hologram"],"picked":"SKIP","floor":1},{"not_picked":["Beam Cell","Turbo","Steam"],"picked":"SKIP","floor":4},{"not_picked":["Gash","Hologram","Ball Lightning"],"picked":"SKIP","floor":5},{"not_picked":["Electrodynamics","Conserve Battery","Tempest"],"picked":"SKIP","floor":7},{"not_picked":["Hologram","Leap","Conserve Battery"],"picked":"SKIP","floor":10},{"not_picked":["Stack","Barrage","Undo"],"picked":"SKIP","floor":12}],"player_experience":122481,"relics_obtained":[{"floor":7,"key":"Pantograph"},{"floor":9,"key":"Cables"}],"event_choices":[{"damage_healed":0,"gold_gain":0,"player_choice":"Donut","damage_taken":0,"max_hp_gain":5,"max_hp_loss":0,"event_name":"Big Fish","floor":3,"gold_loss":0},{"cards_removed":["Defend_B"],"damage_healed":0,"gold_gain":0,"player_choice":"Forget","damage_taken":0,"max_hp_gain":0,"max_hp_loss":0,"event_name":"Living Wall","floor":8,"gold_loss":0}],"is_beta":false,"boss_relics":[],"items_purged_floors":[2],"is_endless":false,"potions_floor_spawned":[4],"killed_by":"Lagavulin","ascension_level":2}}