{"host":"8i4doyxqctgl5qb0","time":1609643744,"event":{"mods":["AchievementEnabler","BaseMod","Block Reminder","Colored Powertips","Downfall","Marisa£®ÏF”Í°°ƒß¿Ì…≥£©","Minty Spire (QoL Compilation)","Permanent Neow","Potion Indicator Mod","Rare Cards Sparkle","StSLib","SuperFastMode"],"gold_per_floor":[111,111,111,123,150,162,203,215,227,239,265,277,307,354,366,479,491,517,547,559,571,602,614,626,638,650,662,674,704,743,775,787,897,909,940,952,977,222,237,262,262,278,278,278,289,289,309,309,309],"floor_reached":48,"playtime":1652,"items_purged":["Strike_B"],"score":517,"play_id":"535684b0-8f6e-487a-a5f0-d975ac32a5b2","local_time":"20210103111544","is_ascension_mode":true,"campfire_choices":[{"data":"Go for the Eyes","floor":6.0,"key":"SMITH"},{"data":"Zap","floor":8.0,"key":"SMITH"},{"floor":10.0,"key":"REST"},{"data":"Dualcast","floor":12.0,"key":"SMITH"},{"data":"Chaos","floor":15.0,"key":"SMITH"},{"data":"Reinforced Body","floor":23.0,"key":"SMITH"},{"data":"Turbo","floor":25.0,"key":"SMITH"},{"data":"All For One","floor":28.0,"key":"SMITH"},{"floor":32.0,"key":"REST"},{"data":"Metamorphosis","floor":41.0,"key":"SMITH"},{"floor":44.0,"key":"REST"}],"circlet_count":0,"master_deck":["Strike_B","Strike_B","Defend_B","Defend_B","Defend_B","Defend_B","Zap+1","Dualcast+1","Ball Lightning","Go for the Eyes+1","Steam","Steam","Reinforced Body+1","Chaos+1","All For One+1","Ball Lightning","Turbo+1","Sweeping Beam+1","Machine Learning","Storm","Echo Form+1","Cold Snap","Conserve Battery","Capacitor","Metamorphosis+1","All For One","Redo","Go for the Eyes","Lockon+1","Hello World+1","Conserve Battery","Aggregate","Wraith","Auto Shields+1"],"relics":["Cracked Core","Bronze Scales","MawBank","Bird Faced Urn","Sundial","Happy Flower","Inserter","Pantograph","Pen Nib","Black Star","Membership Card","Lizard Tail","Thread and Needle","Strawberry","Orichalcum","Ornamental Fan"],"acts_visited":["Exordium","TheCity","TheBeyond"],"potions_floor_usage":[48,48],"damage_taken":[{"damage":5.0,"enemies":"Small Slimes","floor":1.0,"turns":3.0},{"damage":2.0,"enemies":"Jaw Worm","floor":5.0,"turns":2.0},{"damage":17.0,"enemies":"3 Sentries","floor":7.0,"turns":6.0},{"damage":6.0,"enemies":"2 Louse","floor":11.0,"turns":2.0},{"damage":0.0,"enemies":"Looter","floor":13.0,"turns":2.0},{"damage":6.0,"enemies":"Gremlin Nob","floor":14.0,"turns":4.0},{"damage":8.0,"enemies":"Hexaghost","floor":16.0,"turns":10.0},{"damage":6.0,"enemies":"3 Byrds","floor":18.0,"turns":3.0},{"damage":5.0,"enemies":"Shell Parasite","floor":19.0,"turns":3.0},{"damage":7.0,"enemies":"3 Cultists","floor":22.0,"turns":5.0},{"damage":12.0,"enemies":"Snake Plant","floor":29.0,"turns":3.0},{"damage":20.0,"enemies":"Sentry and Sphere","floor":31.0,"turns":6.0},{"damage":47.0,"enemies":"Champ","floor":33.0,"turns":12.0},{"damage":48.0,"enemies":"3 Darklings","floor":35.0,"turns":4.0},{"damage":19.0,"enemies":"3 Shapes","floor":37.0,"turns":3.0},{"damage":13.0,"enemies":"3 Darklings","floor":39.0,"turns":6.0},{"damage":55.0,"enemies":"Giant Head","floor":40.0,"turns":9.0},{"damage":37.0,"enemies":"Sphere and 2 Shapes","floor":42.0,"turns":6.0},{"damage":31.0,"enemies":"Jaw Worm Horde","floor":45.0,"turns":6.0},{"damage":8.0,"enemies":"Writhing Mass","floor":47.0,"turns":8.0},{"damage":32,"enemies":"Transient","floor":48,"turns":3}],"seed_played":"-4053255873628185638","potions_obtained":[{"floor":5.0,"key":"Fire Potion"},{"floor":7.0,"key":"Block Potion"},{"floor":14.0,"key":"Regen Potion"},{"floor":16.0,"key":"FearPotion"},{"floor":18.0,"key":"EntropicBrew"},{"floor":40.0,"key":"SpeedPotion"},{"floor":42.0,"key":"Ancient Potion"}],"is_trial":false,"path_per_floor":["M","?","?","$","M","R","E","R","T","R","M","R","M","E","R","B",null,"M","M","?","?","M","R","$","R","T","$","R","M","T","M","R","B",null,"M","?","M","$","M","E","R","M","T","R","M","?","M","M"],"character_chosen":"DEFECT","items_purchased":["Membership Card","Capacitor","Lizard Tail","Thread and Needle","FairyPotion","Metamorphosis","All For One","Redo","Go for the Eyes"],"campfire_rested":3,"item_purchase_floors":[38,38,38,38,38,38,38,38,38],"current_hp_per_floor":[70,63,60,60,58,58,41,41,41,63,57,57,57,51,51,43,75,69,64,64,64,57,57,57,57,57,57,57,45,45,27,49,45,75,29,29,14,14,5,44,44,21,21,45,22,22,26,0,0],"gold":309,"neow_bonus":"RANDOM_COMMON_RELIC","is_daily":false,"chose_seed":false,"campfire_upgraded":8,"win_rate":0.0,"timestamp":1609643744,"path_taken":["M","?","?","$","M","R","E","R","T","R","M","R","?","E","R","BOSS","M","M","?","?","M","R","?","R","T","$","R","M","?","M","R","BOSS","M","?","M","$","?","E","R","M","T","R","M","?","M","M"],"items_purchased_type":["Relic","Card","Relic","Relic","Potion","Card","Card","Card","Card"],"build_version":"2020-12-22","purchased_purges":1,"victory":false,"max_hp_per_floor":[75,75,75,75,75,75,75,75,75,75,75,75,75,75,75,75,75,75,75,75,75,75,75,75,75,75,75,75,75,75,75,75,75,75,75,75,75,75,75,82,82,82,82,82,82,82,82,82,82],"card_choices":[{"not_picked":["Streamline","Doom and Gloom"],"picked":"Ball Lightning","floor":1.0},{"not_picked":["Barrage","Cold Snap"],"picked":"Go for the Eyes","floor":5.0},{"not_picked":["Hologram","Fission"],"picked":"Steam","floor":7.0},{"not_picked":["Cold Snap","Hologram"],"picked":"Steam","floor":11.0},{"not_picked":["Hologram","Leap"],"picked":"Reinforced Body","floor":13.0},{"not_picked":["Streamline","BootSequence"],"picked":"Chaos","floor":14.0},{"not_picked":["Fission","Hyperbeam"],"picked":"All For One","floor":16.0},{"not_picked":["Lockon","Streamline"],"picked":"Ball Lightning","floor":18.0},{"not_picked":["Coolheaded","Beam Cell"],"picked":"Turbo","floor":19.0},{"not_picked":["Rebound","Lockon"],"picked":"Sweeping Beam+1","floor":22.0},{"not_picked":["Hello World","Coolheaded"],"picked":"Machine Learning","floor":29.0},{"not_picked":["Sunder","Hologram"],"picked":"Storm","floor":31.0},{"not_picked":["Reboot","Buffer"],"picked":"Echo Form","floor":33.0},{"not_picked":["Loop+1","Gash"],"picked":"Cold Snap","floor":35.0},{"not_picked":["Chill","Leap"],"picked":"Conserve Battery","floor":37.0},{"not_picked":["Barrage","Redo+1"],"picked":"Lockon+1","floor":39.0},{"not_picked":["Reprogram","Gash"],"picked":"Hello World+1","floor":40.0},{"not_picked":["Compile Driver+1","Sweeping Beam"],"picked":"Conserve Battery","floor":42.0},{"not_picked":["Darkness+1","Barrage"],"picked":"Aggregate","floor":45.0},{"not_picked":["Cold Snap+1","Skim"],"picked":"Auto Shields+1","floor":47.0}],"player_experience":40119,"relics_obtained":[{"floor":7.0,"key":"Bird Faced Urn"},{"floor":9.0,"key":"Sundial"},{"floor":14.0,"key":"Happy Flower"},{"floor":26.0,"key":"Pantograph"},{"floor":30.0,"key":"Pen Nib"},{"floor":40.0,"key":"Strawberry"},{"floor":40.0,"key":"Orichalcum"},{"floor":43.0,"key":"Ornamental Fan"}],"event_choices":[{"cards_removed":["Strike_B"],"damage_healed":0.0,"max_hp_gain":0.0,"max_hp_loss":0.0,"gold_gain":0.0,"event_name":"Golden Wing","player_choice":"Card Removal","floor":2.0,"gold_loss":0.0,"damage_taken":7.0},{"damage_healed":0.0,"max_hp_gain":0.0,"max_hp_loss":0.0,"gold_gain":0.0,"event_name":"Scrap Ooze","player_choice":"Success","floor":3.0,"gold_loss":0.0,"damage_taken":3.0,"relics_obtained":["MawBank"]},{"damage_healed":0.0,"max_hp_gain":0.0,"max_hp_loss":0.0,"gold_gain":0.0,"event_name":"Ghosts","player_choice":"Ignored","floor":20.0,"gold_loss":0.0,"damage_taken":0.0},{"damage_healed":0.0,"max_hp_gain":0.0,"max_hp_loss":0.0,"gold_gain":0.0,"event_name":"Upgrade Shrine","player_choice":"Upgraded","floor":36.0,"gold_loss":0.0,"damage_taken":0.0,"cards_upgraded":["Echo Form"]},{"damage_healed":0.0,"max_hp_gain":0.0,"max_hp_loss":0.0,"gold_gain":0.0,"event_name":"OrinTheCat","player_choice":"Ignored","floor":46.0,"gold_loss":0.0,"damage_taken":0.0}],"is_beta":false,"boss_relics":[{"not_picked":["Ectoplasm","Calling Bell"],"picked":"Inserter"},{"not_picked":["Snecko Eye","Coffee Dripper"],"picked":"Black Star"}],"items_purged_floors":[38],"is_endless":false,"potions_floor_spawned":[5,7,14,16,18,29,31,37,39,40,42],"killed_by":"Transient","ascension_level":2}}