{"host":"n900smz9wr3yo27a","time":1609680455,"event":{"mods":["Arknights The Spire","BaseMod","CapriCore","GungeonMod","Hermit","Koishi","Lobotomy","Marisa£¨Ùöéë¡¡Øª×âÞÞ£©","Minty Spire (QoL Compilation)","Prisma Mod","Replay The Spire","StSLib","Td1madao Mod","The Animator","The Bug Knight","The Cursed","The Dragon Tamer","The Gatherer","The Hierophant","The Immortal","The Jungle","The Necromancer","The Poker Player","The Runesmith","WarShipGirlsR/??á´Ò³R mod"],"gold_per_floor":[112,128,146,161,173,173,30,42,69,94,94,127,144,161,161,262,262,272,197,255,268,313,313,313,345,345,372,116,151,183,211,211,308,308,320,19,52,152,169,169,169,194,194,194,194,194,224,259,259,259],"floor_reached":51,"playtime":3211,"items_purged":["DemoMod:ChanceBullets","DemoMod:FastSwitch"],"score":1016,"play_id":"16948861-df04-485b-a839-3806d9a4367a","local_time":"20210103222735","daily_mods":["Draft","Vintage","Heirloom","Flight","DeadlyEvents","Elite Swarm"],"is_ascension_mode":false,"campfire_choices":[{"data":"DemoMod:TeaPot","floor":6,"key":"SMITH"},{"data":"DemoMod:Behold!","floor":11,"key":"SMITH"},{"data":"DemoMod:HungryBullets","floor":15,"key":"SMITH"},{"data":"DemoMod:HungryBullets","floor":23,"key":"SMITH"},{"data":"DemoMod:BlankBullets","floor":24,"key":"SMITH"},{"data":"DemoMod:Behold!","floor":32,"key":"SMITH"},{"data":"DemoMod:Polaris+1","floor":40,"key":"PURGE"},{"data":"DemoMod:LifeOrb+1","floor":41,"key":"PURGE"},{"floor":44,"key":"RECALL"},{"data":"DemoMod:FastSwitch","floor":45,"key":"PURGE"},{"data":"DemoMod:GunShield+1","floor":46,"key":"PURGE"},{"data":"1","floor":49,"key":"LIFT"}],"circlet_count":0,"master_deck":["DemoMod:GunstockTap","DemoMod:PracticeMakesPerfect","DemoMod:ShadowBullets","DemoMod:HungryBullets+1","DemoMod:Unmoved","DemoMod:HardPowerCard+1","DemoMod:StickyCrossBow","DemoMod:TeaPot+1","DemoMod:HungryBullets+1","DemoMod:Behold!+1","DemoMod:BlankBullets+1","DemoMod:BulletBore","DemoMod:Behold!+1","DemoMod:Eureka","DemoMod:GunslingerForm","DemoMod:Behold!","DemoMod:FortunesFavor","DemoMod:HardPowerCard"],"relics":["DemoMod:Dog","replay:Trail_Library","Bird Faced Urn","DemoMod:HoleyGrail","ReplayTheSpireMod:Ninjato","DemoMod:MonsterBlood","Art of War","Whetstone","DemoMod:Bottle","Chameleon Ring","War Paint","Happy Flower","Runesmith:UraniumAnvil","White Beast Statue","Vajra","Bronze Scales","Bottled Flame","DemoMod:MeltedRock","Bottled Tornado","Replay:Bottled Steam","PreservedInsect","Girya","Incense Burner","DemoMod:WeirdEgg","Fusion Hammer","Blood Vial","Peace Pipe","DemoMod:NanoMachines","HornCleat","Question Card","DemoMod:BlueGuonStone","Singing Bowl","Runesmith:Nanobots"],"acts_visited":["Exordium","TheCity","TheBeyond"],"potions_floor_usage":[27,27,27,27,27,27,29,30,30,33,42,48,48,50,51],"damage_taken":[{"damage":0,"enemies":"Small Slimes","floor":1,"turns":4},{"damage":12,"enemies":"2 Louse","floor":2,"turns":3},{"damage":3,"enemies":"Jaw Worm","floor":3,"turns":3},{"damage":3,"enemies":"Looter","floor":4,"turns":2},{"damage":3,"enemies":"Gremlin Gang","floor":5,"turns":4},{"damage":4,"enemies":"2 Fungi Beasts","floor":8,"turns":2},{"damage":30,"enemies":"3 Sentries","floor":10,"turns":6},{"damage":0,"enemies":"Gremlin Nob","floor":12,"turns":3},{"damage":5,"enemies":"Looter","floor":13,"turns":1},{"damage":5,"enemies":"Exordium Thugs","floor":14,"turns":2},{"damage":5,"enemies":"Fading Forest","floor":16,"turns":11},{"damage":0,"enemies":"3 Byrds","floor":18,"turns":3},{"damage":0,"enemies":"Spheric Guardian","floor":21,"turns":1},{"damage":13,"enemies":"Shelled Parasite and Fungi","floor":22,"turns":2},{"damage":13,"enemies":"Book of Stabbing","floor":25,"turns":4},{"damage":0,"enemies":"Slavers","floor":27,"turns":2},{"damage":10,"enemies":"Book of Stabbing","floor":29,"turns":3},{"damage":0,"enemies":"Gremlin Leader","floor":30,"turns":3},{"damage":3,"enemies":"Slavers","floor":31,"turns":2},{"damage":11,"enemies":"Pondfish","floor":33,"turns":6},{"damage":5,"enemies":"Orb Walker","floor":35,"turns":2},{"damage":1,"enemies":"3 Darklings","floor":37,"turns":4},{"damage":0,"enemies":"3 Darklings","floor":39,"turns":2},{"damage":0,"enemies":"Reptomancer","floor":42,"turns":3},{"damage":0,"enemies":"Nemesis","floor":47,"turns":5},{"damage":0,"enemies":"Giant Head","floor":48,"turns":3},{"damage":0,"enemies":"Replay:Hell Engine","floor":50,"turns":5},{"damage":43,"enemies":"Malkuth","floor":51,"turns":9},{"damage":16,"enemies":"Netzach","floor":51,"turns":10},{"damage":78,"enemies":"Chesed","floor":51,"turns":9}],"seed_played":"2838999038272943763","potions_obtained":[{"floor":1,"key":"Weak Potion"},{"floor":5,"key":"Weak Potion"},{"floor":8,"key":"DistilledChaos"},{"floor":10,"key":"Dexterity Potion"},{"floor":13,"key":"EntropicBrew"},{"floor":27,"key":"Dexterity Potion"},{"floor":29,"key":"SpeedPotion"},{"floor":30,"key":"Elixir"},{"floor":31,"key":"Adrenaline Potion"},{"floor":33,"key":"DistilledChaos"},{"floor":35,"key":"AttackPotion"},{"floor":47,"key":"Fire Potion"},{"floor":48,"key":"Regen Potion"}],"is_trial":true,"path_per_floor":["M","M","M","M","M","R","$","M","T","E","R","E","M","M","R","B",null,"M","$","?","M","M","R","R","E","T","E","$","E","E","E","R","B",null,"M","$","?","?","M","R","R","E","T","R","R","R","E","E","R","B",null],"character_chosen":"HUNTRESS","items_purchased":["DemoMod:Behold!","PreservedInsect","Peace Pipe"],"campfire_rested":0,"item_purchase_floors":[7,28,36],"current_hp_per_floor":[70,67,64,61,60,60,60,56,56,34,34,42,37,40,40,55,77,77,77,58,60,49,49,49,42,42,50,50,48,54,59,59,58,77,74,74,76,76,77,77,77,77,77,77,77,77,79,81,81,81],"gold":259,"neow_bonus":"","is_daily":false,"chose_seed":false,"campfire_upgraded":6,"win_rate":0.0,"timestamp":1609680455,"path_taken":["M","M","M","M","M","R","$","M","T","E","R","E","M","M","R","BOSS","M","$","?","M","M","R","R","E","T","E","$","E","E","E","R","BOSS","M","$","?","?","M","R","R","E","T","R","R","R","E","?","R","BOSS"],"items_purchased_type":["Card","Relic","Relic"],"build_version":"2020-12-22","purchased_purges":2,"victory":true,"max_hp_per_floor":[70,77,77,77,77,77,77,77,77,77,77,77,77,77,77,77,77,77,77,77,77,77,77,77,77,77,77,77,77,77,77,77,77,77,77,77,77,77,77,77,77,77,77,77,77,77,79,81,81,81],"card_choices":[{"not_picked":["DemoMod:ProbeStrike","DemoMod:Unity"],"picked":"DemoMod:GunstockTap","floor":0},{"not_picked":["DemoMod:Camera","DemoMod:DoubleSwitch"],"picked":"DemoMod:PracticeMakesPerfect","floor":0},{"not_picked":["DemoMod:AC15","DemoMod:BoxingGlove"],"picked":"DemoMod:ChanceBullets","floor":0},{"not_picked":["DemoMod:ProbeStrike","DemoMod:PracticeMakesPerfect"],"picked":"DemoMod:ShadowBullets","floor":0},{"not_picked":["DemoMod:DirectionalPad","DemoMod:EasyReloadBullets"],"picked":"DemoMod:FastSwitch","floor":0},{"not_picked":["DemoMod:ConditionalReflex","DemoMod:HuntsMan"],"picked":"DemoMod:HungryBullets","floor":0},{"not_picked":["DemoMod:DirectionalPad","DemoMod:HuntsMan"],"picked":"DemoMod:Unmoved","floor":0},{"not_picked":["DemoMod:DirectionalPad","DemoMod:SAA"],"picked":"DemoMod:Polaris","floor":0},{"not_picked":["DemoMod:BoxingGlove","DemoMod:DirectionalPad"],"picked":"DemoMod:FastSwitch","floor":0},{"not_picked":["DemoMod:HuntsMan","DemoMod:ZorGun"],"picked":"DemoMod:HardPowerCard","floor":0},{"not_picked":["DemoMod:Unmoved","DemoMod:SAA"],"picked":"DemoMod:StickyCrossBow","floor":0},{"not_picked":["DemoMod:AWP","DemoMod:HardPowerCard"],"picked":"DemoMod:GunShield","floor":0},{"not_picked":["DemoMod:JK47","DemoMod:HuntsMan"],"picked":"DemoMod:TeaPot","floor":0},{"not_picked":["DemoMod:TeaPot","DemoMod:Evolver"],"picked":"DemoMod:HungryBullets","floor":0},{"not_picked":["DemoMod:EasyReloadBullets","DemoMod:Camera"],"picked":"DemoMod:LifeOrb","floor":0},{"not_picked":["DemoMod:Desperate","DemoMod:FightSabre","DemoMod:Gungine"],"picked":"SKIP","floor":10},{"not_picked":["DemoMod:Gungine","DemoMod:DarkMarker"],"picked":"DemoMod:BlankBullets","floor":12},{"not_picked":["DemoMod:FinishedGun","DemoMod:ThirdPartyController"],"picked":"DemoMod:BulletBore","floor":16},{"not_picked":["DemoMod:Desperate","DemoMod:DarkMarker"],"picked":"DemoMod:Behold!","floor":25},{"not_picked":["DemoMod:FightSabre","DemoMod:BalloonGun","DemoMod:Eureka"],"picked":"SKIP","floor":27},{"not_picked":["DemoMod:BSG","DemoMod:Elimentaler","DemoMod:FullFirepower"],"picked":"SKIP","floor":29},{"not_picked":["DemoMod:FinishedGun","DemoMod:Slinger"],"picked":"DemoMod:Eureka","floor":30},{"not_picked":["DemoMod:BlackHoleGun","DemoMod:BSG"],"picked":"DemoMod:GunslingerForm","floor":31},{"not_picked":["DemoMod:FullFirepower","DemoMod:SuppressiveFire"],"picked":"DemoMod:Behold!","floor":33},{"not_picked":["DemoMod:TripleGun+1","DemoMod:MegaHand+1","DemoMod:TeaPot+1"],"picked":"SKIP","floor":37},{"not_picked":["DemoMod:FightSabre","DemoMod:BSG","DemoMod:BalloonGun"],"picked":"SKIP","floor":42},{"not_picked":["DemoMod:Slinger","DemoMod:ThirdPartyController","DemoMod:SuppressiveFire","DemoMod:BalloonGun"],"picked":"Singing Bowl","floor":47},{"not_picked":["DemoMod:Elimentaler","DemoMod:FullFirepower","DemoMod:BlackHoleGun","DemoMod:DarkMarker"],"picked":"Singing Bowl","floor":48}],"player_experience":773113,"relics_obtained":[{"floor":1,"key":"DemoMod:HoleyGrail"},{"floor":2,"key":"ReplayTheSpireMod:Ninjato"},{"floor":2,"key":"DemoMod:MonsterBlood"},{"floor":4,"key":"Art of War"},{"floor":8,"key":"Whetstone"},{"floor":10,"key":"DemoMod:Bottle"},{"floor":12,"key":"Chameleon Ring"},{"floor":13,"key":"War Paint"},{"floor":14,"key":"Happy Flower"},{"floor":18,"key":"White Beast Statue"},{"floor":20,"key":"Vajra"},{"floor":21,"key":"Bronze Scales"},{"floor":22,"key":"Bottled Flame"},{"floor":25,"key":"DemoMod:MeltedRock"},{"floor":26,"key":"Bottled Tornado"},{"floor":27,"key":"Replay:Bottled Steam"},{"floor":29,"key":"Girya"},{"floor":30,"key":"Incense Burner"},{"floor":31,"key":"DemoMod:WeirdEgg"},{"floor":35,"key":"Blood Vial"},{"floor":37,"key":"DemoMod:NanoMachines"},{"floor":39,"key":"HornCleat"},{"floor":42,"key":"Question Card"},{"floor":43,"key":"DemoMod:BlueGuonStone"},{"floor":47,"key":"Singing Bowl"},{"floor":48,"key":"Runesmith:Nanobots"}],"event_choices":[{"damage_healed":0,"gold_gain":100,"player_choice":"Pray","damage_taken":0,"max_hp_gain":0,"max_hp_loss":0,"event_name":"Golden Shrine","floor":38,"gold_loss":0}],"is_beta":false,"boss_relics":[{"not_picked":["DemoMod:Test1","Runic Pyramid"],"picked":"Runesmith:UraniumAnvil"},{"not_picked":["Calling Bell","Snecko Eye"],"picked":"Fusion Hammer"}],"items_purged_floors":[19,28],"is_endless":false,"potions_floor_spawned":[1,5,8,10,12,13,21,22,25,27,29,30,31,33,35,37,39,42,47,48,51,51,51],"ascension_level":0}}