{"host":"xjyie0ctswsml60g","time":1609713167,"event":{"mods":["AchievementEnabler","BaseMod","Colored Map","Minty Spire (QoL Compilation)","Quick Restart","SuperFastMode"],"gold_per_floor":[111,121,46,46,58,93,43,73,148,161,161,172,200,211,211,306,306,319,219,237,248,264,264,264,264,290,308,328,328,328,344,344,344,344],"floor_reached":33,"playtime":914,"items_purged":["Defend_R","Defend_R"],"score":296,"play_id":"bd0316b3-d483-449e-8c6f-74c89ac2f08a","local_time":"20210104003247","is_ascension_mode":false,"campfire_choices":[{"data":"Double Tap","floor":11.0,"key":"SMITH"},{"data":"Rampage","floor":15.0,"key":"SMITH"},{"floor":23.0,"key":"REST"},{"data":"Flex","floor":25.0,"key":"SMITH"},{"floor":30.0,"key":"REST"},{"data":"Flex","floor":32,"key":"SMITH"}],"circlet_count":0,"master_deck":["Defend_R","Defend_R","Bash","Clash","Clash","Clash","Flex+1","Double Tap+1","Flex+1","Headbutt","Rampage+1","Feed","Whirlwind+1","Anger","Warcry+1","Bite","Bite","Bite","Bite","Bite"],"relics":["Burning Blood"],"acts_visited":["Exordium","TheCity"],"potions_floor_usage":[31],"damage_taken":[{"damage":1.0,"enemies":"Cultist","floor":1.0,"turns":3.0},{"damage":1.0,"enemies":"Jaw Worm","floor":2.0,"turns":3.0},{"damage":0.0,"enemies":"2 Louse","floor":5.0,"turns":1.0},{"damage":30.0,"enemies":"3 Sentries","floor":6.0,"turns":8.0},{"damage":18.0,"enemies":"Lagavulin","floor":8.0,"turns":3.0},{"damage":5.0,"enemies":"Looter","floor":10.0,"turns":2.0},{"damage":7.0,"enemies":"3 Louse","floor":12.0,"turns":3.0},{"damage":4.0,"enemies":"3 Sentries","floor":13.0,"turns":3.0},{"damage":0.0,"enemies":"Large Slime","floor":14.0,"turns":2.0},{"damage":40.0,"enemies":"Hexaghost","floor":16.0,"turns":7.0},{"damage":20.0,"enemies":"2 Thieves","floor":18.0,"turns":3.0},{"damage":0.0,"enemies":"3 Byrds","floor":20.0,"turns":2.0},{"damage":10.0,"enemies":"Cultist and Chosen","floor":21.0,"turns":3.0},{"damage":42.0,"enemies":"Snake Plant","floor":22.0,"turns":3.0},{"damage":10.0,"enemies":"Chosen and Byrds","floor":27.0,"turns":4.0},{"damage":32.0,"enemies":"Centurion and Healer","floor":28.0,"turns":3.0},{"damage":15,"enemies":"Snecko","floor":31,"turns":3},{"damage":64,"enemies":"Champ","floor":33,"turns":7}],"seed_played":"8329020240248190341","potions_obtained":[{"floor":5.0,"key":"Explosive Potion"},{"floor":6.0,"key":"ColorlessPotion"},{"floor":10.0,"key":"DuplicationPotion"},{"floor":13.0,"key":"Swift Potion"},{"floor":14.0,"key":"PowerPotion"},{"floor":18.0,"key":"SkillPotion"},{"floor":21.0,"key":"Ancient Potion"},{"floor":27.0,"key":"PowerPotion"}],"is_trial":false,"path_per_floor":["M","M","$","?","M","E","$","E","T","M","R","M","E","M","R","B",null,"M","$","M","M","M","R","?","R","T","M","M","?","R","M","R","B"],"character_chosen":"IRONCLAD","items_purchased":["Flex"],"campfire_rested":2,"item_purchase_floors":[7],"current_hp_per_floor":[88,88,88,88,88,64,64,52,52,53,53,52,54,60,60,26,88,77,77,83,79,43,70,63,63,63,63,39,39,57,54,54,0,0],"gold":344,"neow_bonus":"TEN_PERCENT_HP_BONUS","is_daily":false,"chose_seed":false,"campfire_upgraded":4,"win_rate":0.0,"timestamp":1609713167,"path_taken":["M","?","$","?","M","E","?","E","T","?","R","M","E","M","R","BOSS","M","$","M","M","M","R","?","R","T","M","M","?","R","M","R","BOSS"],"items_purchased_type":["Card"],"build_version":"2020-12-22","purchased_purges":2,"victory":false,"max_hp_per_floor":[88,88,88,88,88,88,88,88,88,88,88,88,88,88,88,88,88,91,91,91,91,91,91,63,63,63,63,63,63,63,63,63,63,63],"card_choices":[{"not_picked":["Warcry","Wild Strike"],"picked":"Clash","floor":1.0},{"not_picked":["Sword Boomerang","Iron Wave"],"picked":"Clash","floor":2.0},{"not_picked":["Fire Breathing","Dark Embrace"],"picked":"Clash","floor":5.0},{"not_picked":["Combust","Armaments","Rupture"],"picked":"SKIP","floor":6.0},{"not_picked":["Headbutt","Inflame"],"picked":"Double Tap","floor":8.0},{"not_picked":["Anger","Headbutt"],"picked":"Flex","floor":10.0},{"not_picked":["Armaments","Second Wind"],"picked":"Headbutt","floor":12.0},{"not_picked":["Disarm","Clash"],"picked":"Rampage","floor":13.0},{"not_picked":["Second Wind","Clash","Reckless Charge"],"picked":"SKIP","floor":14.0},{"not_picked":["Limit Break","Exhume"],"picked":"Feed","floor":16.0},{"not_picked":["Anger","Perfected Strike"],"picked":"Whirlwind+1","floor":18.0},{"not_picked":["Clothesline","Clash","Shrug It Off+1"],"picked":"SKIP","floor":20.0},{"not_picked":["True Grit","Wild Strike"],"picked":"Anger","floor":21.0},{"not_picked":["Havoc+1","Heavy Blade"],"picked":"Warcry+1","floor":22.0},{"not_picked":["Sword Boomerang","Havoc","Headbutt+1"],"picked":"SKIP","floor":27.0},{"not_picked":["Brutality","Cleave+1","Shrug It Off"],"picked":"SKIP","floor":28.0},{"not_picked":["Headbutt","Body Slam+1","Rupture"],"picked":"SKIP","floor":31}],"player_experience":515471,"relics_obtained":[],"event_choices":[{"damage_healed":0.0,"max_hp_gain":0.0,"max_hp_loss":0.0,"gold_gain":0.0,"event_name":"Golden Idol","player_choice":"Ignored","floor":4.0,"gold_loss":0.0,"damage_taken":0.0},{"damage_healed":0.0,"max_hp_gain":0.0,"max_hp_loss":28.0,"gold_gain":0.0,"event_name":"Vampires","player_choice":"Became a vampire","floor":24.0,"gold_loss":0.0,"damage_taken":0.0,"cards_obtained":["Bite","Bite","Bite","Bite","Bite"]},{"damage_healed":0.0,"max_hp_gain":0.0,"max_hp_loss":0.0,"gold_gain":0.0,"event_name":"Ghosts","player_choice":"Ignored","floor":29.0,"gold_loss":0.0,"damage_taken":0.0}],"is_beta":false,"boss_relics":[{"not_picked":["Coffee Dripper","Runic Cube","Sozu"]}],"items_purged_floors":[3,19],"is_endless":false,"potions_floor_spawned":[5,6,10,13,14,18,21,27],"killed_by":"Champ","ascension_level":0}}