{"host":"usrgk25etjl0nf5i","time":1609717073,"event":{"mods":["2.2 Compatiblity","BaseMod","Downfall","Hubris","Minty Spire (QoL Compilation)","StSLib","SuperFastMode"],"gold_per_floor":[110,126,41,118,130,156,167,167,167,192,192,220,65,117,117,216,216,228,228,77,77,87,87,107,107,130,164,178,212,126,146,146,249,249,268,279,135,149,162,192,192,202,202,216,245,255,280,280,280],"floor_reached":48,"playtime":2537,"items_purged":[],"score":1053,"play_id":"44ac21cf-99a2-4272-9d01-d053edca442d","local_time":"20210103153753","is_ascension_mode":true,"campfire_choices":[{"floor":15,"key":"REST"},{"data":"Ragnarok","floor":23,"key":"SMITH"},{"floor":25,"key":"REST"},{"floor":32,"key":"REST"},{"floor":41,"key":"RECALL"}],"circlet_count":0,"master_deck":["Strike_P","Strike_P","Defend_P+1","Eruption","Vigilance","Consecrate","Protect","expansioncontent:CaCaw+1","Devotion","Crescendo","Evaluate","Ragnarok+1","ThirdEye","MasterReality","Protect+1","SignatureMove","expansioncontent:CaCaw+1","Pray","ClearTheMind+1","FlurryOfBlows","ForeignInfluence","DevaForm","Bandage Up","WaveOfTheHand+1","Devotion","FlurryOfBlows+1","Protect+1","Protect+1","Prostrate+1","Perseverance","Perseverance+1","Parasite","FlurryOfBlows","FollowUp+1","FlurryOfBlows+1"],"relics":["PureWater","Matryoshka","Dead Branch","sneckomod:BlankCard","Nunchaku","hubris:TenFootPole","ClockworkSouvenir","hubris:SlimyHat","hubris:ToyBattleship","sneckomod:SneckoTalon","DollysMirror","Bag of Preparation","White Beast Statue","hubris:Metronome","Empty Cage","Oddly Smooth Stone","Damaru","Yang","Pocketwatch","InkBottle"],"acts_visited":["Exordium","TheCity","TheBeyond"],"potions_floor_usage":[6,10,24,27,27,31,33,36,45,45,45,46,48,48],"damage_taken":[{"damage":1,"enemies":"Cultist","floor":1,"turns":3},{"damage":0,"enemies":"Small Slimes","floor":2,"turns":2},{"damage":1,"enemies":"2 Louse","floor":5,"turns":2},{"damage":8,"enemies":"Lagavulin","floor":6,"turns":6},{"damage":1,"enemies":"Blue Slaver","floor":7,"turns":3},{"damage":19,"enemies":"Gremlin Nob","floor":10,"turns":4},{"damage":0,"enemies":"Lagavulin","floor":12,"turns":4},{"damage":0,"enemies":"Slime Boss","floor":16,"turns":4},{"damage":24,"enemies":"2 Thieves","floor":18,"turns":3},{"damage":0,"enemies":"Chosen","floor":22,"turns":4},{"damage":10,"enemies":"Snecko","floor":24,"turns":6},{"damage":21,"enemies":"Gremlin Leader","floor":27,"turns":5},{"damage":10,"enemies":"Shelled Parasite and Fungi","floor":28,"turns":6},{"damage":28,"enemies":"Slavers","floor":29,"turns":5},{"damage":0,"enemies":"Cultist and Chosen","floor":31,"turns":4},{"damage":17,"enemies":"hubris:MusketHawk","floor":33,"turns":5},{"damage":0,"enemies":"Orb Walker","floor":35,"turns":1},{"damage":23,"enemies":"3 Darklings","floor":36,"turns":4},{"damage":0,"enemies":"Spire Growth","floor":38,"turns":1},{"damage":0,"enemies":"Sphere and 2 Shapes","floor":39,"turns":4},{"damage":0,"enemies":"Giant Head","floor":40,"turns":5},{"damage":1,"enemies":"Maw","floor":42,"turns":5},{"damage":40,"enemies":"Writhing Mass","floor":44,"turns":4},{"damage":0,"enemies":"Nemesis","floor":45,"turns":5},{"damage":0,"enemies":"Transient","floor":46,"turns":6},{"damage":1,"enemies":"Giant Head","floor":47,"turns":3},{"damage":25,"enemies":"4 Shapes","floor":48,"turns":3}],"seed_played":"4400496627593275905","potions_obtained":[{"floor":1,"key":"SpeedPotion"},{"floor":2,"key":"Strength Potion"},{"floor":5,"key":"Energy Potion"},{"floor":7,"key":"Strength Potion"},{"floor":24,"key":"Dexterity Potion"},{"floor":28,"key":"BottledMiracle"},{"floor":29,"key":"hexamod:EctoCoolerPotion"},{"floor":31,"key":"hexamod:EctoCoolerPotion"},{"floor":33,"key":"ColorlessPotion"},{"floor":35,"key":"Weak Potion"},{"floor":36,"key":"hexamod:EctoCoolerPotion"},{"floor":39,"key":"Dexterity Potion"},{"floor":42,"key":"Energy Potion"},{"floor":45,"key":"ColorlessPotion"},{"floor":46,"key":"sneckomod:MuddlingPotion"},{"floor":47,"key":"Swift Potion"}],"is_trial":false,"path_per_floor":["M","M","$","T","M","E","M","?","T","E","?","E","$","T","R","B",null,"M","?","$","?","M","R","M","R","T","E","M","E","$","M","R","B",null,"M","M","$","M","M","E","R","M","T","M","E","M","E","M"],"character_chosen":"WATCHER","items_purchased":["expansioncontent:CaCaw","ClockworkSouvenir","DollysMirror","Bandage Up","Oddly Smooth Stone"],"campfire_rested":3,"item_purchase_floors":[3,13,20,30,37],"current_hp_per_floor":[78,78,78,78,77,69,68,52,52,33,26,26,26,26,49,49,72,48,48,48,48,48,48,38,61,61,40,30,2,2,6,29,16,63,63,44,44,44,48,48,48,51,51,11,15,19,18,0,0],"gold":280,"neow_bonus":"TEN_PERCENT_HP_BONUS","is_daily":false,"chose_seed":false,"campfire_upgraded":1,"win_rate":0.0,"timestamp":1609717073,"path_taken":["M","M","$","?","M","E","M","?","T","E","?","E","$","?","R","BOSS","M","?","?","?","?","R","M","R","T","E","M","E","$","M","R","BOSS","M","M","$","M","M","E","R","M","T","M","E","M","E","M"],"items_purchased_type":["Card","Relic","Relic","Card","Relic"],"build_version":"2020-12-22","purchased_purges":0,"victory":false,"max_hp_per_floor":[79,79,79,79,79,79,79,79,79,79,79,79,79,79,79,79,79,79,79,79,79,79,79,79,79,79,79,79,79,79,79,79,79,79,79,79,79,79,79,79,79,79,79,79,79,79,79,79,79],"card_choices":[{"not_picked":["Crescendo","TalkToTheHand"],"picked":"Consecrate","floor":1},{"not_picked":["Consecrate","FearNoEvil"],"picked":"Protect","floor":2},{"not_picked":["EmptyBody","JustLucky"],"picked":"Devotion","floor":5},{"not_picked":["InnerPeace","EmptyFist"],"picked":"Crescendo","floor":6},{"not_picked":["BattleHymn","CutThroughFate"],"picked":"Evaluate","floor":7},{"not_picked":["Collect","Meditate"],"picked":"Ragnarok","floor":10},{"not_picked":["Crescendo","Alpha"],"picked":"ThirdEye","floor":12},{"not_picked":["DeusExMachina","Brilliance"],"picked":"MasterReality","floor":16},{"not_picked":["SignatureMove","WindmillStrike"],"picked":"Protect+1","floor":18},{"not_picked":["EmptyFist","ClearTheMind"],"picked":"Pray","floor":22},{"not_picked":["CutThroughFate","JustLucky"],"picked":"ClearTheMind+1","floor":24},{"not_picked":["Conclude","Collect"],"picked":"FlurryOfBlows","floor":27},{"not_picked":["WheelKick","BattleHymn"],"picked":"ForeignInfluence","floor":28},{"not_picked":["CutThroughFate","Evaluate"],"picked":"DevaForm","floor":29},{"not_picked":["EmptyFist","Vengeance"],"picked":"WaveOfTheHand+1","floor":31},{"not_picked":["Scrawl","ConjureBlade"],"picked":"Devotion","floor":33},{"not_picked":["FollowUp+1","CutThroughFate"],"picked":"FlurryOfBlows+1","floor":35},{"not_picked":["SashWhip+1","Indignation+1"],"picked":"Protect+1","floor":36},{"not_picked":["Sanctity","BattleHymn"],"picked":"Protect+1","floor":38},{"not_picked":["CutThroughFate+1","Meditate"],"picked":"Prostrate+1","floor":39},{"not_picked":["Indignation","JustLucky"],"picked":"Perseverance","floor":40},{"not_picked":["Collect","FlyingSleeves"],"picked":"Perseverance+1","floor":42},{"not_picked":["Consecrate","Fasting2"],"picked":"FlurryOfBlows","floor":44},{"not_picked":["EmptyBody+1","SashWhip+1"],"picked":"FollowUp+1","floor":45},{"not_picked":["EmptyBody+1","Evaluate"],"picked":"FlurryOfBlows+1","floor":46},{"not_picked":["BowlingBash+1","LessonLearned","CutThroughFate+1"],"picked":"SKIP","floor":47}],"player_experience":618474,"relics_obtained":[{"floor":4,"key":"Matryoshka"},{"floor":6,"key":"Dead Branch"},{"floor":9,"key":"sneckomod:BlankCard"},{"floor":10,"key":"Nunchaku"},{"floor":12,"key":"hubris:TenFootPole"},{"floor":14,"key":"hubris:SlimyHat"},{"floor":14,"key":"hubris:ToyBattleship"},{"floor":26,"key":"Bag of Preparation"},{"floor":27,"key":"White Beast Statue"},{"floor":29,"key":"hubris:Metronome"},{"floor":40,"key":"Damaru"},{"floor":43,"key":"Yang"},{"floor":45,"key":"Pocketwatch"},{"floor":47,"key":"InkBottle"}],"event_choices":[{"damage_healed":0,"gold_gain":0,"player_choice":"Entered Light","damage_taken":16,"max_hp_gain":0,"max_hp_loss":0,"event_name":"Shining Light","floor":8,"gold_loss":0,"cards_upgraded":["Defend_P","expansioncontent:CaCaw"]},{"cards_removed":["Defend_P"],"damage_healed":0,"gold_gain":0,"player_choice":"Card Removal","damage_taken":7,"max_hp_gain":0,"max_hp_loss":0,"event_name":"Golden Wing","floor":11,"gold_loss":0},{"damage_healed":0,"gold_gain":0,"cards_transformed":["Defend_P"],"player_choice":"Transformed","damage_taken":0,"max_hp_gain":0,"max_hp_loss":0,"event_name":"Transmorgrifier","floor":19,"gold_loss":0,"cards_obtained":["SignatureMove"]},{"cards_removed":["Strike_P"],"damage_healed":0,"gold_gain":0,"player_choice":"Purged","damage_taken":0,"max_hp_gain":0,"max_hp_loss":0,"event_name":"Purifier","floor":21,"gold_loss":0}],"is_beta":false,"boss_relics":[{"not_picked":["Ectoplasm","Pandora\u0027s Box"],"picked":"sneckomod:SneckoTalon"},{"not_picked":["Runic Dome","hubris:Stopwatch"],"picked":"Empty Cage"}],"items_purged_floors":[],"is_endless":false,"potions_floor_spawned":[1,2,5,7,24,28,29,31,33,35,36,38,39,40,42,44,45,46,47],"killed_by":"4 Shapes","ascension_level":5}}