{"host":"hm3ikmf8oxbtqms2","time":1609654815,"event":{"mods":["BaseMod","Best Route Mod","Bestiary","Better Vampires","Block Reminder","Colored Map","Colored Powertips","Curses Come First","DeckTracker","Displayed Cursed Tome","Highlight Path","Minty Spire (QoL Compilation)","Quick Restart","StSLib"],"gold_per_floor":[216,216,229,4,4,4,30,30,55,74,74,108,125,144,144,245,245,257,257,257,270,270,270,270],"floor_reached":23,"playtime":1788,"items_purged":[],"score":239,"play_id":"109a43e7-f6bd-44f9-b325-733f247f58f0","local_time":"20210103012015","is_ascension_mode":true,"campfire_choices":[{"data":"Bouncing Flask","floor":6.0,"key":"SMITH"},{"data":"Cloak And Dagger","floor":8.0,"key":"SMITH"},{"data":"Infinite Blades","floor":15.0,"key":"SMITH"}],"circlet_count":0,"master_deck":["Strike_G+1","Strike_G+1","Strike_G+1","Defend_G+1","Defend_G+1","Defend_G+1","Defend_G+1","Defend_G+1","Survivor","Neutralize","Cloak And Dagger+1","Bouncing Flask+1","Corpse Explosion","Backflip","Catalyst","Infinite Blades+1","Terror","Footwork","Burst","Deadly Poison","Blur","Deflect","Setup+1"],"relics":["Ring of the Snake","TwistedFunnel","Ornamental Fan","MealTicket","TungstenRod","Blue Candle","WristBlade","Matryoshka"],"acts_visited":["Exordium","TheCity"],"potions_floor_usage":[],"damage_taken":[{"damage":4.0,"enemies":"Jaw Worm","floor":1.0,"turns":4.0},{"damage":2.0,"enemies":"Cultist","floor":3.0,"turns":4.0},{"damage":2.0,"enemies":"Gremlin Nob","floor":7.0,"turns":3.0},{"damage":7.0,"enemies":"Small Slimes","floor":10.0,"turns":2.0},{"damage":13.0,"enemies":"3 Sentries","floor":12.0,"turns":5.0},{"damage":1.0,"enemies":"Blue Slaver","floor":13.0,"turns":3.0},{"damage":0.0,"enemies":"Large Slime","floor":14.0,"turns":3.0},{"damage":10.0,"enemies":"Slime Boss","floor":16.0,"turns":7.0},{"damage":6.0,"enemies":"Chosen","floor":18.0,"turns":3.0},{"damage":20.0,"enemies":"2 Thieves","floor":21.0,"turns":3.0},{"damage":49,"enemies":"Slavers","floor":23,"turns":3}],"seed_played":"-7102490461445486341","potions_obtained":[{"floor":2.0,"key":"Block Potion"},{"floor":2.0,"key":"AttackPotion"},{"floor":2.0,"key":"GamblersBrew"},{"floor":7.0,"key":"Strength Potion"},{"floor":13.0,"key":"SteroidPotion"},{"floor":16.0,"key":"DistilledChaos"},{"floor":18.0,"key":"SteroidPotion"}],"is_trial":false,"path_per_floor":["M","?","M","$","?","R","E","R","T","M","T","E","M","M","R","B",null,"M","?","?","M","?","E"],"character_chosen":"THE_SILENT","items_purchased":["Corpse Explosion","TwistedFunnel"],"campfire_rested":0,"item_purchase_floors":[4,4],"current_hp_per_floor":[66,66,64,64,64,64,62,62,62,55,55,42,41,41,41,31,70,64,64,64,44,44,0,0],"gold":270,"neow_bonus":"HUNDRED_GOLD","is_daily":false,"chose_seed":false,"campfire_upgraded":3,"win_rate":0.0,"timestamp":1609654815,"path_taken":["M","?","?","$","?","R","E","R","T","M","?","E","M","M","R","BOSS","M","?","?","?","?","E"],"items_purchased_type":["Card","Relic"],"build_version":"2020-12-22","purchased_purges":0,"victory":false,"max_hp_per_floor":[70,70,70,70,70,70,70,70,70,70,70,70,70,70,70,70,70,70,70,70,70,70,70,70],"card_choices":[{"not_picked":["Dodge and Roll","Dash"],"picked":"Cloak And Dagger","floor":1.0},{"not_picked":["Blur","Backflip"],"picked":"Bouncing Flask","floor":3.0},{"not_picked":["Dash","Tactician"],"picked":"Backflip","floor":7.0},{"not_picked":["Poisoned Stab","Accuracy"],"picked":"Catalyst","floor":10.0},{"not_picked":["Bane","Setup"],"picked":"Infinite Blades","floor":12.0},{"not_picked":["Deadly Poison","Underhanded Strike"],"picked":"Terror","floor":13.0},{"not_picked":["Predator","Backflip"],"picked":"Footwork","floor":14.0},{"not_picked":["Wraith Form v2","Venomology"],"picked":"Burst","floor":16.0},{"not_picked":["Underhanded Strike","Heel Hook+1"],"picked":"Deadly Poison","floor":18.0},{"not_picked":["Skewer","Cloak And Dagger"],"picked":"Setup+1","floor":21.0}],"player_experience":270293,"relics_obtained":[{"floor":7.0,"key":"Ornamental Fan"},{"floor":9.0,"key":"MealTicket"},{"floor":11.0,"key":"TungstenRod"},{"floor":12.0,"key":"Blue Candle"}],"event_choices":[{"damage_healed":0.0,"max_hp_gain":0.0,"max_hp_loss":0.0,"gold_gain":0.0,"event_name":"Lab","player_choice":"Got Potions","floor":2.0,"gold_loss":0.0,"damage_taken":0.0},{"damage_healed":0.0,"max_hp_gain":0.0,"max_hp_loss":0.0,"gold_gain":0.0,"event_name":"Liars Game","player_choice":"Ignored","floor":5.0,"gold_loss":0.0,"damage_taken":0.0},{"damage_healed":0.0,"max_hp_gain":0.0,"max_hp_loss":0.0,"gold_gain":0.0,"cards_transformed":["Strike_G","Strike_G"],"event_name":"Drug Dealer","player_choice":"Became Test Subject","floor":19.0,"gold_loss":0.0,"damage_taken":0.0,"cards_obtained":["Blur","Deflect"]},{"damage_healed":0.0,"max_hp_gain":0.0,"max_hp_loss":0.0,"gold_gain":0.0,"event_name":"Back to Basics","player_choice":"Simplicity","floor":20.0,"gold_loss":0.0,"damage_taken":0.0,"cards_upgraded":["Strike_G","Strike_G","Strike_G","Defend_G","Defend_G","Defend_G","Defend_G","Defend_G"]},{"damage_healed":0.0,"max_hp_gain":0.0,"max_hp_loss":0.0,"gold_gain":0.0,"event_name":"The Mausoleum","player_choice":"Opened","floor":22.0,"gold_loss":0.0,"damage_taken":0.0,"relics_obtained":["Matryoshka"]}],"is_beta":false,"boss_relics":[{"not_picked":["Velvet Choker","Snecko Eye"],"picked":"WristBlade"}],"items_purged_floors":[],"is_endless":false,"potions_floor_spawned":[3,7,13,16,18],"killed_by":"Slavers","ascension_level":4}}