{"host":"oigynbtg272c19pw","time":1609697960,"event":{"mods":["BaseMod","Colored Map","Minty Spire (QoL Compilation)","Relic Stats","StSLib"],"gold_per_floor":[115,115,27,40,0,30,30,60,86,86,86,100,25,41,41,41,41],"floor_reached":16,"playtime":375,"items_purged":["Strike_R"],"score":266,"play_id":"aed8a869-8868-40fa-9642-9cd743b166ae","local_time":"20210103191920","is_ascension_mode":true,"campfire_choices":[{"data":"Searing Blow","floor":7.0,"key":"SMITH"},{"data":"Searing Blow+1","floor":11.0,"key":"SMITH"},{"data":"Searing Blow+2","floor":15,"key":"SMITH"}],"circlet_count":0,"master_deck":["AscendersBane","Strike_R","Strike_R","Strike_R","Strike_R","Defend_R","Defend_R","Defend_R","Defend_R+1","Bash","Shockwave+1","Searing Blow+3","Armaments","Reaper","Anger"],"relics":["Burning Blood","NeowsBlessing","Ancient Tea Set","Letter Opener","Happy Flower"],"acts_visited":["Exordium"],"potions_floor_usage":[14,14],"damage_taken":[{"damage":0.0,"enemies":"Small Slimes","floor":1.0,"turns":1.0},{"damage":0.0,"enemies":"2 Louse","floor":4.0,"turns":1.0},{"damage":0.0,"enemies":"3 Sentries","floor":6.0,"turns":2.0},{"damage":53.0,"enemies":"Lagavulin","floor":8.0,"turns":11.0},{"damage":6.0,"enemies":"Jaw Worm","floor":12.0,"turns":5.0},{"damage":14,"enemies":"Large Slime","floor":14,"turns":5},{"damage":31,"enemies":"Slime Boss","floor":16,"turns":4}],"seed_played":"-659573674635285465","potions_obtained":[{"floor":6.0,"key":"BlessingOfTheForge"},{"floor":12.0,"key":"EssenceOfSteel"}],"is_trial":false,"path_per_floor":["M","?","$","M","?","E","R","E","T","?","R","M","$","M","R","B"],"character_chosen":"IRONCLAD","items_purchased":["Searing Blow"],"campfire_rested":0,"item_purchase_floors":[3],"current_hp_per_floor":[74,51,51,57,57,63,63,18,18,7,7,11,11,11,11,0,0],"gold":41,"neow_bonus":"THREE_ENEMY_KILL","is_daily":false,"chose_seed":false,"campfire_upgraded":3,"win_rate":0.0,"timestamp":1609697960,"path_taken":["M","?","$","M","?","E","R","E","T","?","R","M","$","M","R","BOSS"],"items_purchased_type":["Card"],"build_version":"2020-12-13","purchased_purges":1,"victory":false,"max_hp_per_floor":[75,75,75,75,75,75,75,75,75,75,75,75,75,75,75,75,75],"relic_stats":{"Happy Flower":[4],"counters":[7,29],"Letter Opener":[0],"obtain_stats":[{"NeowsBlessing":0,"Happy Flower":9,"Letter Opener":8,"Ancient Tea Set":6,"Burning Blood":0},{"NeowsBlessing":0,"Happy Flower":4,"Letter Opener":4,"Ancient Tea Set":3,"Burning Blood":0},{"NeowsBlessing":0,"Happy Flower":15,"Letter Opener":15,"Ancient Tea Set":4,"Burning Blood":0}],"Burning Blood":36},"card_choices":[{"not_picked":["Iron Wave","Anger"],"picked":"Shockwave","floor":1.0},{"not_picked":["Sword Boomerang","Havoc"],"picked":"Armaments","floor":4.0},{"not_picked":["Heavy Blade","Perfected Strike"],"picked":"Reaper","floor":6.0},{"not_picked":["Fire Breathing","Armaments","True Grit"],"picked":"SKIP","floor":8.0},{"not_picked":["Seeing Red","Iron Wave"],"picked":"Anger","floor":12.0},{"not_picked":["Iron Wave","Seeing Red","Body Slam"],"picked":"SKIP","floor":14}],"player_experience":1336094,"relics_obtained":[{"floor":6.0,"key":"Ancient Tea Set"},{"floor":8.0,"key":"Letter Opener"},{"floor":9.0,"key":"Happy Flower"}],"event_choices":[{"damage_healed":0.0,"max_hp_gain":0.0,"max_hp_loss":0.0,"gold_gain":0.0,"event_name":"Shining Light","player_choice":"Entered Light","floor":2.0,"gold_loss":0.0,"damage_taken":23.0,"cards_upgraded":["Defend_R","Shockwave"]},{"damage_healed":0.0,"max_hp_gain":0.0,"max_hp_loss":0.0,"gold_gain":0.0,"event_name":"World of Goop","player_choice":"Left Gold","floor":5.0,"gold_loss":40.0,"damage_taken":0.0},{"damage_healed":0.0,"max_hp_gain":0.0,"max_hp_loss":0.0,"gold_gain":0.0,"event_name":"Scrap Ooze","player_choice":"Fled","floor":10.0,"gold_loss":0.0,"damage_taken":11.0}],"is_beta":false,"boss_relics":[],"items_purged_floors":[13],"is_endless":false,"potions_floor_spawned":[6,12],"killed_by":"Slime Boss","ascension_level":20}}