{"host":"cr892wvdvh6p7gzy","time":1609715583,"event":{"mods":["A Magickal Journey","BaseMod","Downfall","GifTheSpireLib","Minty Spire (QoL Compilation)","READ ME - Guardian Mod","SOS???????","StSLib","The Bug Knight","The Dragon Tamer","The Necromancer","The Runesmith","The Servant 0.9.4","???Mod??????Boss"],"gold_per_floor":[99,111,129,140,170,6,52,72,72,89,107,107,121,32,42,147,147,147,166,166,166],"floor_reached":20,"playtime":2005,"items_purged":[],"score":168,"play_id":"3228851b-9ac7-47bf-91d4-ad2aed0f19d8","local_time":"20210104001303","is_ascension_mode":false,"campfire_choices":[{"data":"Slimebound:Split","floor":1,"key":"SMITH"},{"data":"Slimebound:SplitBruiser","floor":9,"key":"SMITH"},{"data":"Slimebound:MassFeed","floor":18,"key":"SMITH"}],"circlet_count":0,"master_deck":["Slimebound:Strike_Slimebound","Slimebound:Strike_Slimebound","Slimebound:Strike_Slimebound","Slimebound:Tackle","Slimebound:Defend_Slimebound","Slimebound:Defend_Slimebound","Slimebound:Defend_Slimebound","Slimebound:Defend_Slimebound","Slimebound:Split+1","Slimebound:CorrosiveSpit","Slimebound:SplitBruiser+1","Slimebound:DisruptingSlam+1","Slimebound:RallyTheTroops","Slimebound:SlimeSpikes","Slimebound:LivingWall","Slimebound:SlimeSpikes","Slimebound:PressTheAttack","Slimebound:LevelUp","Slimebound:MassFeed+1","Slimebound:OneTwoCombo"],"relics":["Slimebound:AbsorbEndCombat","Happy Flower","Toy Ornithopter"],"acts_visited":["Exordium","TheCity"],"potions_floor_usage":[13,15,16,16],"damage_taken":[{"damage":10,"enemies":"Small Slimes","floor":2,"turns":3},{"damage":7,"enemies":"Cultist","floor":3,"turns":3},{"damage":13,"enemies":"Jaw Worm","floor":4,"turns":4},{"damage":17,"enemies":"downfall:FleeingMerchant","floor":6,"turns":4},{"damage":21,"enemies":"Gremlin Gang","floor":8,"turns":4},{"damage":19,"enemies":"Exordium Wildlife","floor":10,"turns":3},{"damage":5,"enemies":"Lots of Slimes","floor":11,"turns":3},{"damage":4,"enemies":"2 Fungi Beasts","floor":13,"turns":3},{"damage":17,"enemies":"downfall:FleeingMerchant","floor":14,"turns":4},{"damage":15,"enemies":"Gremlin Gang","floor":15,"turns":5},{"damage":29,"enemies":"downfall:Watcher","floor":16,"turns":9},{"damage":22,"enemies":"Shell Parasite","floor":19,"turns":6},{"damage":11,"enemies":"3 Byrds","floor":20,"turns":2}],"seed_played":"5963495003278317080","potions_obtained":[{"floor":4,"key":"Swift Potion"},{"floor":10,"key":"ColorlessPotion"},{"floor":11,"key":"Dexterity Potion"},{"floor":15,"key":"Slimebound:SlimyTonguePotion"}],"is_trial":false,"path_per_floor":["R","M","M","M","?","$","T","M","R","M","M","?","M","$","M","B",null,"R","M","M"],"character_chosen":"SLIMEBOUND","items_purchased":["Happy Flower","Slimebound:LevelUp"],"campfire_rested":0,"item_purchase_floors":[6,14],"current_hp_per_floor":[66,66,65,64,64,61,61,50,50,43,42,42,49,48,50,47,66,66,60,53,53],"gold":166,"neow_bonus":"TEN_PERCENT_HP_BONUS","is_daily":false,"chose_seed":false,"campfire_upgraded":3,"win_rate":0.0,"timestamp":1609715583,"path_taken":["R","M","M","M","?","$","T","M","R","M","M","?","?","?","M","BOSS","R","M","M"],"items_purchased_type":["Relic","Card"],"build_version":"2020-12-22","purchased_purges":0,"victory":false,"max_hp_per_floor":[66,66,66,66,66,66,66,66,66,66,66,66,66,66,66,66,66,66,70,70,70],"card_choices":[{"not_picked":["Slimebound:Chomp","Slimebound:Replication"],"picked":"Slimebound:SplitBruiser","floor":2},{"not_picked":["Slimebound:LeadByExample","Slimebound:SplitLeeching","Slimebound:Repurpose"],"picked":"SKIP","floor":3},{"not_picked":["Slimebound:LeadByExample","Slimebound:SamplingLick"],"picked":"Slimebound:DisruptingSlam","floor":4},{"not_picked":["Slimebound:LeechingTouch","Slimebound:TongueLash"],"picked":"Slimebound:RallyTheTroops","floor":6},{"not_picked":["Slimebound:Schlurp","Slimebound:ComboTackle"],"picked":"Slimebound:SlimeSpikes","floor":8},{"not_picked":["Slimebound:PressTheAttack","Slimebound:RainOfGoop"],"picked":"Slimebound:LivingWall","floor":10},{"not_picked":["Slimebound:RollThrough","Slimebound:GoopSpray"],"picked":"Slimebound:SlimeSpikes","floor":11},{"not_picked":["Slimebound:SplitAcid","Slimebound:BestDefense","Slimebound:ViciousTackle"],"picked":"SKIP","floor":13},{"not_picked":["Slimebound:LeechEnergy","Slimebound:Prepare"],"picked":"Slimebound:PressTheAttack","floor":14},{"not_picked":["Slimebound:GrowthPunch","Slimebound:SplitAcid"],"picked":"Slimebound:MassFeed","floor":15},{"not_picked":["Slimebound:PrepareCrush","Slimebound:SelfFormingGoo"],"picked":"Slimebound:OneTwoCombo","floor":16},{"not_picked":["Slimebound:FirmFortitude+1","Slimebound:ComboTackle","Slimebound:HauntingLick"],"picked":"SKIP","floor":19}],"player_experience":442627,"relics_obtained":[{"floor":7,"key":"Toy Ornithopter"}],"event_choices":[{"damage_healed":0,"gold_gain":0,"player_choice":"Upgraded","damage_taken":0,"max_hp_gain":0,"max_hp_loss":0,"event_name":"Upgrade Shrine","floor":12,"gold_loss":0,"cards_upgraded":["Slimebound:DisruptingSlam"]}],"is_beta":false,"boss_relics":[{"not_picked":["Astrolabe","Empty Cage","Runic Pyramid"]}],"items_purged_floors":[],"is_endless":false,"potions_floor_spawned":[4,10,11,15],"killed_by":"3 Byrds","ascension_level":0}}