{"host":"4nqeo0vu1vuav7gg","time":1609706259,"event":{"mods":["AchievementEnabler","BaseMod","Block Reminder","Colored Map","Colored Powertips","Highlight Path","Minty Spire (QoL Compilation)","Quick Restart","Rare Cards Sparkle","Relic Relevance Reorder","StSLib"],"gold_per_floor":[116,67,67,67,130,157,157,157,157,157,157,169,196,17,17,118,118,133,58,68,68,68,98,98,123,123,20,39,54,54,69,69,69,69],"floor_reached":33,"playtime":1001,"items_purged":[],"score":487,"play_id":"56c97104-b88f-40bf-9102-093a5968903e","local_time":"20210103213739","is_ascension_mode":true,"campfire_choices":[{"data":"Perfected Strike","floor":7,"key":"SMITH"},{"data":"Wild Strike","floor":10,"key":"SMITH"},{"data":"Clothesline","floor":15,"key":"SMITH"},{"floor":24,"key":"REST"},{"floor":30,"key":"REST"},{"floor":32,"key":"REST"}],"circlet_count":0,"master_deck":["AscendersBane","Strike_R","Strike_R","Strike_R","Strike_R","Strike_R","Defend_R","Defend_R","Defend_R","Defend_R","Bash+1","Wild Strike+1","Cleave","Perfected Strike+1","Battle Trance","Disarm","Clothesline+1","Twin Strike","Limit Break","Perfected Strike+1","Rage+1","Hemokinesis+1","Shame","Double Tap","Shrug It Off","True Grit+1","Sentinel+1","Blood for Blood+1"],"relics":["Black Blood","Art of War","Letter Opener","Mercury Hourglass","Turnip","Lantern","NeowsBlessing","Smiling Mask","Omamori","Potion Belt"],"acts_visited":["Exordium","TheCity"],"potions_floor_usage":[20,20,23,27,28],"damage_taken":[{"damage":0,"enemies":"Jaw Worm","floor":1,"turns":1},{"damage":0,"enemies":"Lagavulin","floor":6,"turns":1},{"damage":0,"enemies":"Small Slimes","floor":12,"turns":1},{"damage":21,"enemies":"3 Sentries","floor":13,"turns":5},{"damage":62,"enemies":"The Guardian","floor":16,"turns":9},{"damage":7,"enemies":"Chosen","floor":18,"turns":4},{"damage":22,"enemies":"3 Byrds","floor":20,"turns":4},{"damage":40,"enemies":"Slavers","floor":23,"turns":5},{"damage":37,"enemies":"Book of Stabbing","floor":25,"turns":5},{"damage":23,"enemies":"Centurion and Healer","floor":28,"turns":4},{"damage":0,"enemies":"Snake Plant","floor":29,"turns":2},{"damage":17,"enemies":"3 Cultists","floor":31,"turns":5},{"damage":99,"enemies":"Champ","floor":33,"turns":11}],"seed_played":"-5966816820813248096","potions_obtained":[{"floor":12,"key":"PowerPotion"},{"floor":16,"key":"Fire Potion"},{"floor":20,"key":"BlessingOfTheForge"},{"floor":23,"key":"Strength Potion"},{"floor":29,"key":"Energy Potion"}],"is_trial":false,"path_per_floor":["M","$","?","$","?","E","R","?","T","R","?","M","E","$","R","B",null,"M","$","M","?","?","E","R","E","T","$","M","M","R","M","R","B"],"character_chosen":"IRONCLAD","items_purchased":["Cleave","Lantern","Twin Strike","Rage","Fruit Juice"],"campfire_rested":3,"item_purchase_floors":[2,14,14,19,27],"current_hp_per_floor":[78,78,78,78,78,80,80,80,80,80,80,80,65,65,65,9,62,67,67,57,57,57,29,53,28,28,33,22,34,59,54,79,0,0],"gold":69,"neow_bonus":"THREE_ENEMY_KILL","is_daily":false,"chose_seed":false,"campfire_upgraded":3,"win_rate":0.0,"timestamp":1609706259,"path_taken":["M","$","?","$","?","E","R","?","T","R","?","?","E","$","R","BOSS","M","$","M","?","?","E","R","E","T","$","M","M","R","M","R","BOSS"],"items_purchased_type":["Card","Relic","Card","Card","Potion"],"build_version":"2020-12-22","purchased_purges":0,"victory":false,"max_hp_per_floor":[80,80,80,80,80,80,80,80,80,80,80,80,80,80,80,80,80,80,80,80,80,80,80,80,80,80,85,85,85,85,85,85,85,85],"card_choices":[{"not_picked":["Body Slam","Shrug It Off"],"picked":"Wild Strike","floor":1},{"not_picked":["Entrench","Bloodletting"],"picked":"Perfected Strike","floor":6},{"not_picked":["Twin Strike","Warcry"],"picked":"Disarm","floor":12},{"not_picked":["Pummel","Body Slam"],"picked":"Clothesline","floor":13},{"not_picked":["Brutality","Exhume"],"picked":"Limit Break","floor":16},{"not_picked":["Flex","Battle Trance"],"picked":"Perfected Strike+1","floor":18},{"not_picked":["Thunderclap","Perfected Strike+1"],"picked":"Hemokinesis+1","floor":20},{"not_picked":["Twin Strike","Pommel Strike"],"picked":"Double Tap","floor":23},{"not_picked":["Entrench","Cleave"],"picked":"Shrug It Off","floor":25},{"not_picked":["Body Slam","Sever Soul+1"],"picked":"True Grit+1","floor":28},{"not_picked":["True Grit","Disarm"],"picked":"Sentinel+1","floor":29},{"not_picked":["Clothesline","Warcry"],"picked":"Blood for Blood+1","floor":31}],"player_experience":1051490,"relics_obtained":[{"floor":6,"key":"Mercury Hourglass"},{"floor":9,"key":"Turnip"},{"floor":13,"key":"Art of War"},{"floor":23,"key":"Smiling Mask"},{"floor":25,"key":"Letter Opener"},{"floor":26,"key":"Potion Belt"}],"event_choices":[{"damage_healed":0,"gold_gain":0,"player_choice":"Grow","damage_taken":0,"max_hp_gain":0,"max_hp_loss":0,"event_name":"Living Wall","floor":3,"gold_loss":0,"cards_upgraded":["Bash"]},{"damage_healed":0,"gold_gain":63,"player_choice":"Gained Gold","damage_taken":0,"max_hp_gain":0,"max_hp_loss":0,"event_name":"Golden Wing","floor":5,"gold_loss":0},{"damage_healed":0,"gold_gain":0,"player_choice":"Leave","damage_taken":0,"max_hp_gain":0,"max_hp_loss":0,"event_name":"The Cleric","floor":8,"gold_loss":0},{"damage_healed":0,"gold_gain":0,"player_choice":"1 cards matched","damage_taken":0,"max_hp_gain":0,"max_hp_loss":0,"event_name":"Match and Keep!","floor":11,"gold_loss":0,"cards_obtained":["Battle Trance"]},{"damage_healed":0,"gold_gain":0,"player_choice":"Stole Relic","damage_taken":0,"relics_obtained":["Omamori"],"max_hp_gain":0,"max_hp_loss":0,"event_name":"Addict","floor":21,"gold_loss":0,"cards_obtained":["Shame"]},{"damage_healed":0,"gold_gain":0,"player_choice":"Upgraded","damage_taken":0,"max_hp_gain":0,"max_hp_loss":0,"event_name":"Upgrade Shrine","floor":22,"gold_loss":0,"cards_upgraded":["Rage"]}],"is_beta":false,"boss_relics":[{"not_picked":["Tiny House","Empty Cage"],"picked":"Black Blood"}],"items_purged_floors":[],"is_endless":false,"potions_floor_spawned":[12,16,20,23,29],"killed_by":"Champ","ascension_level":11}}