{"host":"byaz8jpbcvk71eys","time":1609653971,"event":{"mods":["BaseMod","Minty Spire (QoL Compilation)","StSLib"],"gold_per_floor":[113,124,124,139,208,208,239,239,294,294,313,326,337,337,337,438,438],"floor_reached":16,"playtime":376,"items_purged":[],"score":152,"play_id":"cd9d0904-ad4b-4eea-999f-27cac8f85ccb","local_time":"20210103140611","is_ascension_mode":false,"campfire_choices":[{"data":"Darkness","floor":6,"key":"SMITH"},{"data":"Go for the Eyes","floor":8,"key":"SMITH"},{"floor":10,"key":"REST"},{"floor":15,"key":"REST"}],"circlet_count":0,"master_deck":["Strike_B","Strike_B+1","Strike_B","Strike_B","Defend_B","Defend_B","Defend_B","Defend_B+1","Zap","Dualcast","Go for the Eyes+1","Darkness+1","Skim","Gash","Beam Cell","Melter","Rip and Tear"],"relics":["Cracked Core","NeowsBlessing","Gremlin Horn","Regal Pillow","Vajra"],"acts_visited":["Exordium"],"potions_floor_usage":[11,12,16],"damage_taken":[{"damage":0,"enemies":"Jaw Worm","floor":1,"turns":1},{"damage":0,"enemies":"Cultist","floor":2,"turns":1},{"damage":0,"enemies":"Small Slimes","floor":4,"turns":1},{"damage":55,"enemies":"Gremlin Nob","floor":7,"turns":6},{"damage":6,"enemies":"3 Louse","floor":11,"turns":2},{"damage":14,"enemies":"Red Slaver","floor":12,"turns":3},{"damage":6,"enemies":"2 Fungi Beasts","floor":13,"turns":3},{"damage":37,"enemies":"Slime Boss","floor":16,"turns":9}],"seed_played":"-1909816354114148083","potions_obtained":[{"floor":2,"key":"Fire Potion"},{"floor":7,"key":"PotionOfCapacity"},{"floor":11,"key":"Swift Potion"},{"floor":13,"key":"FocusPotion"}],"is_trial":false,"path_per_floor":["M","M","?","M","T","R","E","R","T","R","M","M","M","?","R","B"],"character_chosen":"DEFECT","items_purchased":[],"campfire_rested":2,"item_purchase_floors":[],"current_hp_per_floor":[75,75,75,75,75,75,20,20,20,57,51,37,31,16,53,16,16],"gold":438,"neow_bonus":"THREE_ENEMY_KILL","is_daily":false,"chose_seed":false,"campfire_upgraded":2,"win_rate":0.0,"timestamp":1609653971,"path_taken":["M","M","?","?","?","R","E","R","T","R","M","M","M","?","R","BOSS"],"items_purchased_type":[],"build_version":"2020-12-22","purchased_purges":0,"victory":false,"max_hp_per_floor":[75,75,75,75,75,75,75,75,75,75,75,75,75,75,75,75,75],"card_choices":[{"not_picked":["Hologram","Static Discharge"],"picked":"Go for the Eyes","floor":1},{"not_picked":["Heatsinks","Cold Snap"],"picked":"Darkness","floor":2},{"not_picked":["Glacier","Reinforced Body"],"picked":"Skim","floor":4},{"not_picked":["Beam Cell","Machine Learning"],"picked":"Gash","floor":7},{"not_picked":["Sweeping Beam","Consume"],"picked":"Beam Cell","floor":11},{"not_picked":["Hologram","Chaos"],"picked":"Melter","floor":12},{"not_picked":["Steam","Stack"],"picked":"Rip and Tear","floor":13}],"player_experience":38867,"relics_obtained":[{"floor":5,"key":"Gremlin Horn"},{"floor":7,"key":"Regal Pillow"},{"floor":9,"key":"Vajra"}],"event_choices":[{"damage_healed":0,"gold_gain":0,"player_choice":"Bought 0 Potions","damage_taken":0,"max_hp_gain":0,"max_hp_loss":0,"event_name":"The Woman in Blue","floor":3,"gold_loss":0},{"damage_healed":0,"gold_gain":0,"player_choice":"Entered Light","damage_taken":15,"max_hp_gain":0,"max_hp_loss":0,"event_name":"Shining Light","floor":14,"gold_loss":0,"cards_upgraded":["Defend_B","Strike_B"]}],"is_beta":false,"boss_relics":[],"items_purged_floors":[],"is_endless":false,"potions_floor_spawned":[2,7,11,13],"killed_by":"Slime Boss","ascension_level":0}}