{"host":"xwqwvmlzre68xjvm","time":1609661950,"event":{"mods":["AchievementEnabler","BaseMod","Colored Map","Colored Powertips","Hermit","Marisa£¨Ùöéë¡¡Øª×âÞÞ£©","Minty Spire (QoL Compilation)","Replay The Spire","StSLib","SuperFastMode","The Bug Knight","The Cursed","The Hierophant","The Runesmith"],"gold_per_floor":[114,289,301,301,356,391,391,411,438,463,54,54,8,21,21,126,126,142,158,158,173,173,173],"floor_reached":22,"playtime":1034,"items_purged":[],"score":230,"play_id":"16535040-9ab4-41ec-88fa-0b087166276a","local_time":"20210103171910","is_ascension_mode":true,"campfire_choices":[{"floor":7,"key":"RECALL"},{"floor":12,"key":"REST"},{"data":"True Grit","floor":15,"key":"SMITH"}],"circlet_count":0,"master_deck":["Strike_R","Strike_R","Strike_R","Strike_R","Strike_R","Defend_R","Defend_R","Defend_R","Defend_R","Bash","Clash","Feel No Pain","Normality","Metallicize","Rage","Chrysalis","Feel No Pain","True Grit+1","Warcry","Hemogenesis","Ghostly Armor+1","Life Link+1","Eclipse","Limit Break"],"relics":["Burning Blood","NeowsBlessing","Strawberry","Replay:Baseball","Vajra","Sling","Replay:Bronze Core"],"acts_visited":["Exordium","TheCity"],"potions_floor_usage":[16,16],"damage_taken":[{"damage":0,"enemies":"Jaw Worm","floor":1,"turns":1},{"damage":0,"enemies":"Small Slimes","floor":3,"turns":1},{"damage":0,"enemies":"Gremlin Nob","floor":6,"turns":1},{"damage":1,"enemies":"Cultist","floor":8,"turns":3},{"damage":46,"enemies":"Lagavulin","floor":10,"turns":13},{"damage":14,"enemies":"Exordium Wildlife","floor":14,"turns":6},{"damage":38,"enemies":"Slime Boss","floor":16,"turns":11},{"damage":12,"enemies":"Chosen","floor":18,"turns":10},{"damage":10,"enemies":"Shell Parasite","floor":19,"turns":8},{"damage":31,"enemies":"Centurion and Healer","floor":21,"turns":12},{"damage":63,"enemies":"3 Cultists","floor":22,"turns":6}],"seed_played":"-8713202642575082716","potions_obtained":[{"floor":1,"key":"Milkshake"},{"floor":6,"key":"Dexterity Potion"},{"floor":14,"key":"ColorlessPotion"}],"is_trial":false,"path_per_floor":["M","?","M","?","T","E","R","M","T","E","$","R","$","M","R","B",null,"M","M","?","M","M"],"character_chosen":"IRONCLAD","items_purchased":["Sling","Chrysalis","Feel No Pain","True Grit"],"campfire_rested":1,"item_purchase_floors":[11,11,11,13],"current_hp_per_floor":[80,80,80,80,80,87,87,87,87,47,47,73,73,65,65,33,87,81,77,77,57,0,0],"gold":173,"neow_bonus":"THREE_ENEMY_KILL","is_daily":false,"chose_seed":false,"campfire_upgraded":1,"win_rate":0.0,"timestamp":1609661950,"path_taken":["M","?","M","?","?","E","R","M","T","E","$","R","?","M","R","BOSS","M","M","?","M","M"],"items_purchased_type":["Relic","Card","Card","Card"],"build_version":"2020-12-22","purchased_purges":0,"victory":false,"max_hp_per_floor":[80,80,80,80,80,87,87,87,87,87,87,87,87,87,87,87,87,87,87,87,87,87,87],"card_choices":[{"not_picked":["Dropkick","Clothesline"],"picked":"Clash","floor":1},{"not_picked":["Run Through","Combust"],"picked":"Feel No Pain","floor":3},{"not_picked":["Clothesline","Headbutt","Fire Breathing"],"picked":"SKIP","floor":6},{"not_picked":["Evolve","Sword Boomerang"],"picked":"Metallicize","floor":8},{"not_picked":["Headbutt","Intimidate"],"picked":"Rage","floor":10},{"not_picked":["Body Slam","Clash"],"picked":"Warcry","floor":14},{"not_picked":["Barricade","Reaper"],"picked":"Hemogenesis","floor":16},{"not_picked":["True Grit+1","Searing Blow"],"picked":"Ghostly Armor+1","floor":18},{"not_picked":["Twin Strike","Run Through"],"picked":"Life Link+1","floor":19},{"not_picked":["Sword Boomerang","Cleave"],"picked":"Limit Break","floor":21}],"player_experience":44658,"relics_obtained":[{"floor":6,"key":"Strawberry"},{"floor":9,"key":"Replay:Baseball"},{"floor":10,"key":"Vajra"}],"event_choices":[{"damage_healed":0,"gold_gain":175,"player_choice":"AGREE","damage_taken":0,"max_hp_gain":0,"max_hp_loss":0,"event_name":"Liars Game","floor":2,"gold_loss":0,"cards_obtained":["Doubt"]},{"damage_healed":0,"gold_gain":0,"player_choice":"1 cards matched","damage_taken":0,"max_hp_gain":0,"max_hp_loss":0,"event_name":"Match and Keep!","floor":20,"gold_loss":0,"cards_obtained":["Eclipse"]}],"is_beta":false,"boss_relics":[{"not_picked":["Runic Dome","Ectoplasm"],"picked":"Replay:Bronze Core"}],"items_purged_floors":[],"is_endless":false,"potions_floor_spawned":[1,6,14],"killed_by":"3 Cultists","ascension_level":1}}