{"host":"ss2ocoam53r2lno0","time":1609701521,"event":{"mods":["Act Like it!","BaseMod","ChefMod","Colored Powertips","Displayed Cursed Tome","Downfall","Evolution","Googly Eyes","Hallownest","Highlight Path","Minty Spire (QoL Compilation)","Rare Cards Sparkle","Robot Space Explorer","Shade Mod","Shop Mod","Spicy Shops","StSLib","The Marked"],"gold_per_floor":[119,138,138,151,151,151,178,178,178,213,233,243,261,42,42,137,137,151,151,151,166,182,182,209,226,278,278,303,303,213,231,231,329,329,341,354,354,364,375,375,375,401,427,427,427],"floor_reached":44,"playtime":3775,"items_purged":["theMarked:Strike"],"score":619,"play_id":"78e30c6f-da63-426a-85f1-4f954ca8ad56","local_time":"20210103201841","is_ascension_mode":true,"campfire_choices":[{"data":"theMarked:BanishingStrike","floor":6.0,"key":"SMITH"},{"data":"theMarked:BanishingStrike","floor":8.0,"key":"SMITH"},{"data":"theMarked:StartUp","floor":15.0,"key":"SMITH"},{"data":"theMarked:Vacuum","floor":23.0,"key":"SMITH"},{"floor":27.0,"key":"REST"},{"data":"theMarked:BanishingStrike","floor":32.0,"key":"SMITH"},{"data":"Madness","floor":41,"key":"SMITH"}],"circlet_count":0,"master_deck":["theMarked:BanishingStrike+1","theMarked:BanishingStrike+1","theMarked:Defend+1","theMarked:Defend","theMarked:SoldierOfQuellstein","theMarked:DeterminationOfTheMarked+1","theMarked:BanishingStrike+1","theMarked:TwofoldDefense+1","theMarked:StartUp+1","theMarked:EnhanceMovement+1","theMarked:Vacuum+1","CurseOfTheBell","theMarked:Seal+1","theMarked:TakeCover+1","theMarked:WardOff","Madness+1","Madness","theMarked:Standoff+1"],"relics":["theMarked:ArtifactOfAir","EVO:Axolotl","Toy Ornithopter","Bottled Tornado","Darkstone Periapt","Lee\u0027s Waffle","Calling Bell","theMarked:Gun","War Paint","Dead Branch","Pear","Smiling Mask","Akabeko","Red Mask","Sozu","Blood Vial","Ancient Tea Set"],"acts_visited":["Exordium","TheCity","TheBeyond"],"potions_floor_usage":[],"damage_taken":[{"damage":0.0,"enemies":"2 Louse","floor":1.0,"turns":3.0},{"damage":0.0,"enemies":"Small Slimes","floor":2.0,"turns":3.0},{"damage":1.0,"enemies":"Cultist","floor":4.0,"turns":3.0},{"damage":0.0,"enemies":"Gremlin Nob","floor":7.0,"turns":2.0},{"damage":25.0,"enemies":"Lagavulin","floor":10.0,"turns":4.0},{"damage":6.0,"enemies":"Looter","floor":11.0,"turns":2.0},{"damage":7.0,"enemies":"Exordium Wildlife","floor":12.0,"turns":3.0},{"damage":9.0,"enemies":"3 Louse","floor":13.0,"turns":3.0},{"damage":43.0,"enemies":"Hexaghost","floor":16.0,"turns":6.0},{"damage":15.0,"enemies":"2 Thieves","floor":18.0,"turns":4.0},{"damage":9.0,"enemies":"Spheric Guardian","floor":21.0,"turns":5.0},{"damage":7.0,"enemies":"Chosen and Byrds","floor":22.0,"turns":3.0},{"damage":19.0,"enemies":"Slavers","floor":24.0,"turns":7.0},{"damage":12.0,"enemies":"Cultist and Chosen","floor":25.0,"turns":3.0},{"damage":8.0,"enemies":"Masked Bandits","floor":28.0,"turns":4.0},{"damage":11.0,"enemies":"3 Cultists","floor":31.0,"turns":5.0},{"damage":39.0,"enemies":"Collector","floor":33.0,"turns":9.0},{"damage":0.0,"enemies":"3 Shapes","floor":35.0,"turns":3.0},{"damage":9.0,"enemies":"3 Darklings","floor":36.0,"turns":3.0},{"damage":7,"enemies":"Transient","floor":38,"turns":5},{"damage":9,"enemies":"Jaw Worm Horde","floor":39,"turns":4},{"damage":9,"enemies":"Giant Head","floor":42,"turns":6},{"damage":63,"enemies":"Nemesis","floor":44,"turns":7}],"seed_played":"-8319950616310709137","potions_obtained":[{"floor":4.0,"key":"CultistPotion"},{"floor":7.0,"key":"SkillPotion"},{"floor":12.0,"key":"Strength Potion"},{"floor":13.0,"key":"SkillPotion"},{"floor":21.0,"key":"Fire Potion"},{"floor":22.0,"key":"Block Potion"}],"is_trial":false,"path_per_floor":["M","M","?","M","?","R","E","R","T","E","M","M","M","$","R","B",null,"M","?","T","M","M","R","E","M","T","R","?","?","?","M","R","B",null,"M","M","?","M","M","?","R","E","T","E"],"character_chosen":"THE_DEFAULT","items_purchased":["Lee\u0027s Waffle"],"campfire_rested":1,"item_purchase_floors":[14],"current_hp_per_floor":[49,49,54,53,53,53,53,53,53,28,22,15,11,82,82,39,88,73,56,66,57,55,55,36,24,24,54,51,51,51,40,40,6,103,103,94,81,74,65,65,65,56,56,0,0],"gold":427,"neow_bonus":"REMOVE_TWO","is_daily":false,"chose_seed":false,"campfire_upgraded":6,"win_rate":0.0,"timestamp":1609701521,"path_taken":["M","M","?","M","?","R","E","R","T","E","M","?","M","$","R","BOSS","M","?","?","M","M","R","E","M","T","R","?","?","?","?","R","BOSS","M","M","?","M","M","?","R","E","T","E"],"items_purchased_type":["Relic"],"build_version":"2020-12-22","purchased_purges":1,"victory":false,"max_hp_per_floor":[70,70,75,75,75,75,75,75,75,75,75,75,75,82,82,82,88,88,93,103,103,103,103,103,103,103,103,103,103,103,103,103,103,103,103,103,103,103,103,103,103,103,103,103,103],"card_choices":[{"not_picked":["theMarked:RepellingDischarge","theMarked:Aftermath"],"picked":"theMarked:DeterminationOfTheMarked","floor":1.0},{"not_picked":["theMarked:SelfDefenseTraining","theMarked:Parkour","theMarked:Electrify"],"picked":"SKIP","floor":2.0},{"not_picked":["theMarked:GodGivenPower","theMarked:MaelstromOfLightning","theMarked:TunnelVision"],"picked":"SKIP","floor":4.0},{"not_picked":["theMarked:Opportunist","theMarked:GodGivenPower"],"picked":"theMarked:BanishingStrike","floor":7.0},{"not_picked":["theMarked:KeepCalmAndFightOn","theMarked:ChainLightning","theMarked:Generate"],"picked":"SKIP","floor":10.0},{"not_picked":["theMarked:Parkour","theMarked:ElectricStrings"],"picked":"theMarked:TwofoldDefense","floor":11.0},{"not_picked":["theMarked:ResourceFulStrike","theMarked:Improvise"],"picked":"theMarked:StartUp","floor":12.0},{"not_picked":["theMarked:TurnInvisible","theMarked:EmpowerWeapon"],"picked":"theMarked:EnhanceMovement","floor":13.0},{"not_picked":["theMarked:EternalStudent","theMarked:ChannelForce"],"picked":"theMarked:Vacuum","floor":16.0},{"not_picked":["theMarked:RepellingDischarge","theMarked:Parkour","theMarked:Snap"],"picked":"SKIP","floor":18.0},{"not_picked":["theMarked:Parkour+1","theMarked:DeterminationOfTheMarked","theMarked:MaelstromOfLightning+1"],"picked":"SKIP","floor":21.0},{"not_picked":["theMarked:Parry","theMarked:Overthink+1"],"picked":"theMarked:Seal+1","floor":22.0},{"not_picked":["theMarked:CreepingChasm","theMarked:EnhanceMovement","theMarked:Panic"],"picked":"SKIP","floor":24.0},{"not_picked":["theMarked:WastefulAttack","theMarked:DeterminationOfTheMarked+1","theMarked:Opportunist"],"picked":"SKIP","floor":25.0},{"not_picked":["theMarked:Static","theMarked:Improvise"],"picked":"theMarked:TakeCover+1","floor":31.0},{"not_picked":["theMarked:ChainLightning+1","theMarked:EmpowerWeapon","theMarked:HeightenedSenses+1"],"picked":"SKIP","floor":35.0},{"not_picked":["theMarked:RepellingDischarge","theMarked:RogueSparks+1"],"picked":"theMarked:WardOff","floor":36.0},{"not_picked":["theMarked:Frustration+1","theMarked:PowerFlow+1"],"picked":"theMarked:Standoff+1","floor":38},{"not_picked":["theMarked:ChainLightning","theMarked:EmpowerWeapon","theMarked:Aftermath+1"],"picked":"SKIP","floor":39},{"not_picked":["theMarked:UnarmedFury","theMarked:MaelstromOfLightning+1","theMarked:ElectricStrings"],"picked":"SKIP","floor":42}],"player_experience":620131,"relics_obtained":[{"floor":7.0,"key":"Toy Ornithopter"},{"floor":9.0,"key":"Bottled Tornado"},{"floor":10.0,"key":"Darkstone Periapt"},{"floor":17.0,"key":"theMarked:Gun"},{"floor":17.0,"key":"War Paint"},{"floor":17.0,"key":"Dead Branch"},{"floor":20.0,"key":"Pear"},{"floor":24.0,"key":"Smiling Mask"},{"floor":26.0,"key":"Akabeko"},{"floor":28.0,"key":"Red Mask"},{"floor":42,"key":"Blood Vial"},{"floor":43,"key":"Ancient Tea Set"}],"event_choices":[{"damage_healed":0.0,"max_hp_gain":5.0,"max_hp_loss":0.0,"gold_gain":0.0,"event_name":"Big Fish","player_choice":"Donut","floor":3.0,"gold_loss":0.0,"damage_taken":0.0},{"damage_healed":0.0,"max_hp_gain":0.0,"max_hp_loss":0.0,"gold_gain":0.0,"event_name":"Upgrade Shrine","player_choice":"Upgraded","floor":5.0,"gold_loss":0.0,"damage_taken":0.0,"cards_upgraded":["theMarked:DeterminationOfTheMarked"]},{"damage_healed":0.0,"max_hp_gain":5.0,"max_hp_loss":0.0,"gold_gain":0.0,"event_name":"Forgotten Altar","player_choice":"Shed Blood","floor":19.0,"gold_loss":0.0,"damage_taken":22.0},{"damage_healed":0.0,"max_hp_gain":0.0,"max_hp_loss":0.0,"gold_gain":0.0,"event_name":"Masked Bandits","player_choice":"Fought Bandits","floor":28.0,"gold_loss":0.0,"damage_taken":0.0},{"cards_removed":["theMarked:Defend"],"damage_healed":0.0,"max_hp_gain":0.0,"max_hp_loss":0.0,"gold_gain":0.0,"event_name":"Back to Basics","player_choice":"Elegance","floor":29.0,"gold_loss":0.0,"damage_taken":0.0},{"cards_removed":["theMarked:Defend"],"damage_healed":0.0,"max_hp_gain":0.0,"max_hp_loss":0.0,"gold_gain":0.0,"event_name":"Designer","player_choice":"Upgrade and Remove","floor":30.0,"gold_loss":90.0,"damage_taken":0.0,"cards_upgraded":["theMarked:EnhanceMovement"]},{"damage_healed":0.0,"max_hp_gain":0.0,"max_hp_loss":0.0,"gold_gain":0.0,"event_name":"Winding Halls","player_choice":"Embrace Madness","floor":37.0,"gold_loss":0.0,"damage_taken":13.0,"cards_obtained":["Madness","Madness"]},{"damage_healed":0,"gold_gain":0,"player_choice":"Ignored","damage_taken":0,"max_hp_gain":0,"max_hp_loss":0,"event_name":"Tomb of Lord Red Mask","floor":40,"gold_loss":0}],"is_beta":false,"boss_relics":[{"not_picked":["Ectoplasm","theMarked:BronzeBlade"],"picked":"Calling Bell"},{"not_picked":["Busted Crown","Fusion Hammer"],"picked":"Sozu"}],"items_purged_floors":[14],"is_endless":false,"potions_floor_spawned":[4,7,12,13,21,22,38,39,42],"killed_by":"Nemesis","ascension_level":3}}