{"host":"3y33rrrkia6pkpow","time":1609703620,"event":{"mods":["2.2 Compatiblity","AchievementEnabler","Act Like it!","BaseMod","BetterRewards","Colored Map","Gensokyo","Minty Spire (QoL Compilation)","Quick Restart","Replay The Spire","Shop Mod","Spicy Shops","StSLib","Synergy Search","The Animator"],"gold_per_floor":[119,134,134,158,120,120,220,264,264,264,264,291,306,306,306,401,401,420,358,358,375,375,410,410,440,509,32,32,32],"floor_reached":28,"playtime":3195,"items_purged":[],"score":388,"play_id":"baebd02e-ca1b-42d6-aa04-59ae06e64eec","local_time":"20210103135340","is_ascension_mode":true,"campfire_choices":[{"data":"animator:AcuraAkari","floor":6.0,"key":"SMITH"},{"floor":10.0,"key":"REST"},{"floor":15.0,"key":"REST"},{"floor":24.0,"key":"REST"}],"circlet_count":0,"master_deck":["AscendersBane","animator:Strike_HitsugiNoChaika","animator:Defend_HitsugiNoChaika","animator:Strike","animator:Defend","animator:Defend","animator:AcuraAkari+1","animator:Gillette","animator:Ara","animator:YuiTsuruno","animator:Ciel","Clumsy","animator:Tyuule","animator:Layla","Gensokyo:CrescentMoonSlash","animator:JunSakurada+3","animator:Arpeggio","animator:Elesis","animator:LeleiLaLalena+1","animator:NarberalGamma+1","animator:Wiz+1","animator:Aisha+1","Gensokyo:RPG","Gensokyo:FourOfAKind","Gensokyo:FourOfAKind","Gensokyo:FourOfAKind","Gensokyo:FourOfAKind","animator:Arpeggio","animator:ChaikaBohdan","animator:AcuraTooru","animator:Aqua+1","animator:CowGirl","animator:AcuraAkari+1","animator:Cirno"],"relics":["animator:LivingPicture","animator:TheMissingPiece","animator:PurgingStone","Gensokyo:NagashiBinaDoll","Chameleon Ring","Paper Frog","ReplayTheSpireMod:Lightbulb","Regal Pillow","Mango","Astrolabe","Bird Faced Urn","Replay:Kaleidoscope","Letter Opener","Snack Pack","DollysMirror"],"acts_visited":["Exordium","Gensokyo:Gensokyo"],"potions_floor_usage":[],"damage_taken":[{"damage":2.0,"enemies":"Gensokyo:3_Fairies","floor":1.0,"turns":5.0},{"damage":1.0,"enemies":"Gensokyo:Python","floor":2.0,"turns":3.0},{"damage":0.0,"enemies":"Gensokyo:2_Kodama","floor":4.0,"turns":3.0},{"damage":24.0,"enemies":"Gensokyo:Cirno","floor":8.0,"turns":6.0},{"damage":16.0,"enemies":"Gensokyo:Mamizou","floor":12.0,"turns":7.0},{"damage":6.0,"enemies":"Gensokyo:VengefulSpirit","floor":13.0,"turns":3.0},{"damage":30.0,"enemies":"Gensokyo:Yukari","floor":16.0,"turns":7.0},{"damage":25.0,"enemies":"Gensokyo:3_Dogs","floor":18.0,"turns":5.0},{"damage":15.0,"enemies":"Gensokyo:Chomper","floor":21.0,"turns":5.0},{"damage":26.0,"enemies":"Gensokyo:Tenshi","floor":23.0,"turns":4.0},{"damage":48.0,"enemies":"Gensokyo:Reisen","floor":25.0,"turns":8.0},{"damage":14,"enemies":"Gensokyo:Slime_Group","floor":28,"turns":1}],"seed_played":"-4809488693665660891","potions_obtained":[{"floor":4.0,"key":"LiquidBronze"},{"floor":12.0,"key":"Weak Potion"},{"floor":13.0,"key":"Fruit Juice"},{"floor":16.0,"key":"animator:FalseLifePotion"},{"floor":18.0,"key":"Elixir"}],"is_trial":false,"path_per_floor":["M","M","?","M","COS","R","?","E","T","R","?","E","M","?","R","B",null,"M","COS","?","M","?","E","R","E","T","$","M"],"character_chosen":"THE_ANIMATOR","items_purchased":["Snack Pack","DollysMirror","animator:Cirno"],"campfire_rested":3,"item_purchase_floors":[27,27,27],"current_hp_per_floor":[57,56,56,56,56,56,56,32,32,51,42,26,21,21,62,32,74,49,49,49,35,35,9,42,14,14,14,0,0],"gold":32,"neow_bonus":"THREE_CARDS","is_daily":false,"chose_seed":true,"campfire_upgraded":1,"win_rate":0.0,"timestamp":1609703620,"path_taken":["M","?","?","M","COS","R","?","E","T","R","?","E","?","?","R","BOSS","M","COS","?","M","?","E","R","E","T","?","?"],"items_purchased_type":["Relic","Relic","Card"],"build_version":"2020-12-22","purchased_purges":0,"victory":false,"max_hp_per_floor":[66,66,66,66,66,66,66,66,66,66,66,66,67,88,88,88,88,88,88,62,63,63,63,63,63,63,63,63,63],"card_choices":[{"not_picked":["animator:Konayuki","animator:Arpeggio"],"picked":"animator:Ara","floor":0.0},{"not_picked":["animator:TukaLunaMarceau","animator:OrikoMikuni"],"picked":"animator:YuiTsuruno","floor":1.0},{"not_picked":["animator:Arpeggio","animator:Aisha"],"picked":"animator:Ciel","floor":2.0},{"not_picked":["animator:TomoeKashiwaba","animator:UneriGinkaku"],"picked":"animator:Tyuule","floor":4.0},{"not_picked":["animator:Gillette","animator:Viivi"],"picked":"animator:Layla","floor":8.0},{"not_picked":["animator:SayakaMiki","animator:Azekura"],"picked":"animator:JunSakurada","floor":12.0},{"not_picked":["animator:Aqua","animator:Shalltear"],"picked":"animator:Arpeggio","floor":13.0},{"not_picked":["animator:Eris","animator:SwordMaiden"],"picked":"animator:Elesis","floor":16.0},{"not_picked":["animator:DwarfShaman","animator:Chung+1"],"picked":"animator:Aisha+1","floor":18.0},{"not_picked":["animator:Shalltear","animator:Ciel"],"picked":"animator:Arpeggio","floor":21.0},{"not_picked":["animator:Guy","animator:Viivi"],"picked":"animator:ChaikaBohdan","floor":21.0},{"not_picked":["animator:Enju","animator:YunYun"],"picked":"animator:Aqua+1","floor":23.0},{"not_picked":["animator:Sebas","animator:SayakaMiki"],"picked":"animator:CowGirl","floor":25.0}],"player_experience":824023,"relics_obtained":[{"floor":8.0,"key":"Chameleon Ring"},{"floor":9.0,"key":"Paper Frog"},{"floor":12.0,"key":"Regal Pillow"},{"floor":23.0,"key":"Bird Faced Urn"},{"floor":25.0,"key":"Replay:Kaleidoscope"},{"floor":26.0,"key":"Letter Opener"}],"event_choices":[],"is_beta":false,"boss_relics":[{"not_picked":["Empty Cage","Replay:Drink Me"],"picked":"Astrolabe"}],"items_purged_floors":[],"is_endless":false,"potions_floor_spawned":[4,12,13,16,18],"killed_by":"Gensokyo:Slime_Group","ascension_level":10}}