{"host":"b4oqa93y40rb9616","time":1609705456,"event":{"mods":["BaseMod","Colored Map","Custom Start","DeckTracker","Downfall","Keyboard Shortcuts","Minty Spire (QoL Compilation)","Permanent Neow","Quick Restart","READ ME - Guardian Mod","StSLib","SuperFastMode","everything is the same but u backflip on backflip"],"gold_per_floor":[0,15,190,190,50,50,50,63,63,63,78,78,97,108,123,123,123,123],"floor_reached":16,"playtime":512,"items_purged":["Doubt"],"score":92,"play_id":"1dc55b72-0091-4c06-898d-b466de7dc8de","local_time":"20210104052416","is_ascension_mode":false,"campfire_choices":[{"data":"Slimebound:Split","floor":1.0,"key":"SMITH"},{"data":"Slimebound:ComboTackle","floor":6.0,"key":"SMITH"},{"data":"Slimebound:FlameTackle","floor":9.0,"key":"SMITH"},{"data":"Slimebound:GoopSpray","floor":12.0,"key":"SMITH"}],"circlet_count":0,"master_deck":["Slimebound:Strike_Slimebound","Slimebound:Strike_Slimebound","Slimebound:Strike_Slimebound","Slimebound:Tackle","Slimebound:Defend_Slimebound","Slimebound:Defend_Slimebound","Slimebound:Defend_Slimebound","Slimebound:Defend_Slimebound","Slimebound:Split+1","Slimebound:CorrosiveSpit","Slimebound:ComboTackle+1","Slimebound:GoopSpray+1","Slimebound:RollThrough+1","Slimebound:FinishingTackle","Slimebound:LevelUp","Slimebound:FlameTackle+1","Slimebound:SplitLeeching","Slimebound:SplitLeeching","Slimebound:MassFeed","Slimebound:ComboTackle","Slimebound:SplitAcid"],"relics":["Slimebound:AbsorbEndCombat","Prayer Wheel","Pear","Lizard Tail"],"acts_visited":[],"potions_floor_usage":[15,16,16],"damage_taken":[{"damage":9.0,"enemies":"Jaw Worm","floor":2.0,"turns":4.0},{"damage":14.0,"enemies":"downfall:FleeingMerchant","floor":5.0,"turns":4.0},{"damage":8.0,"enemies":"Small Slimes","floor":8.0,"turns":2.0},{"damage":3.0,"enemies":"Cultist","floor":11.0,"turns":2.0},{"damage":19.0,"enemies":"Lots of Slimes","floor":13.0,"turns":2.0},{"damage":27.0,"enemies":"Exordium Wildlife","floor":14.0,"turns":3.0},{"damage":34,"enemies":"Exordium Thugs","floor":15,"turns":4},{"damage":18,"enemies":"downfall:Watcher","floor":16,"turns":4}],"seed_played":"6915092135444141225","potions_obtained":[{"floor":2.0,"key":"LiquidMemories"},{"floor":11.0,"key":"GamblersBrew"},{"floor":15,"key":"Weak Potion"}],"is_trial":false,"path_per_floor":["R","M","?","?","$","R","T","M","R","?","M","R","M","M","M","B"],"character_chosen":"SLIMEBOUND","items_purchased":["Slimebound:FinishingTackle"],"campfire_rested":0,"item_purchase_floors":[5],"current_hp_per_floor":[60,60,60,63,65,65,65,67,67,67,64,64,53,40,17,1,1,1],"gold":123,"neow_bonus":"ONE_RARE_RELIC","is_daily":false,"chose_seed":false,"campfire_upgraded":4,"win_rate":0.0,"timestamp":1609705456,"path_taken":["R","M","?","?","$","R","T","M","R","?","M","R","?","M","M","BOSS"],"items_purchased_type":["Card"],"build_version":"2020-12-22","purchased_purges":1,"victory":false,"max_hp_per_floor":[60,60,60,70,70,70,70,70,70,70,70,70,70,70,73,73,73,73],"card_choices":[{"not_picked":["Slimebound:ServeAndProtect","Slimebound:Nibble"],"picked":"Slimebound:ComboTackle","floor":2.0},{"not_picked":["Slimebound:SpikyOuterGoop","Slimebound:Gluttony"],"picked":"Slimebound:GoopSpray","floor":2.0},{"not_picked":["Slimebound:SlimeSpikes","Slimebound:Overexert"],"picked":"Slimebound:RollThrough","floor":5.0},{"not_picked":["Slimebound:Schlurp","Slimebound:Dissolve"],"picked":"Slimebound:LevelUp","floor":8.0},{"not_picked":["Slimebound:GoopTackle","Slimebound:ServeAndProtect"],"picked":"Slimebound:FlameTackle","floor":8.0},{"not_picked":["Slimebound:Schlurp","Slimebound:LeechEnergy"],"picked":"Slimebound:SplitLeeching","floor":11.0},{"not_picked":["Slimebound:LeechEnergy","Slimebound:Dissolve","Slimebound:SamplingLick"],"picked":"SKIP","floor":11.0},{"not_picked":["Slimebound:SamplingLick","Slimebound:LeechingTouch"],"picked":"Slimebound:SplitLeeching","floor":13.0},{"not_picked":["Slimebound:RejuvenatingLick","Slimebound:AcidTongue","Slimebound:GrowthPunch"],"picked":"SKIP","floor":13.0},{"not_picked":["Slimebound:GoopTackle","Slimebound:FormOfPuddle"],"picked":"Slimebound:MassFeed","floor":14.0},{"not_picked":["Slimebound:Replication","Slimebound:Repurpose"],"picked":"Slimebound:ComboTackle","floor":14.0},{"not_picked":["Slimebound:Nibble","Slimebound:GoopSpray"],"picked":"Slimebound:SplitAcid","floor":15},{"not_picked":["Slimebound:GrowthPunch","Slimebound:MegaLick","Slimebound:ViciousTackle"],"picked":"SKIP","floor":15}],"player_experience":427770,"relics_obtained":[{"floor":7.0,"key":"Lizard Tail"}],"event_choices":[{"damage_healed":0.0,"max_hp_gain":0.0,"max_hp_loss":0.0,"gold_gain":0.0,"event_name":"Scrap Ooze","player_choice":"Success","floor":4.0,"gold_loss":0.0,"damage_taken":7.0,"relics_obtained":["Pear"]},{"damage_healed":0.0,"max_hp_gain":0.0,"max_hp_loss":0.0,"gold_gain":0.0,"event_name":"Upgrade Shrine","player_choice":"Upgraded","floor":10.0,"gold_loss":0.0,"damage_taken":0.0,"cards_upgraded":["Slimebound:RollThrough"]}],"is_beta":false,"boss_relics":[],"items_purged_floors":[5],"is_endless":false,"potions_floor_spawned":[2,11,15],"killed_by":"downfall:Watcher","ascension_level":0}}