{"host":"9l4mw5jqza9qz9hr","time":1609670612,"event":{"mods":["AchievementEnabler","Always Whale","BaseMod","Colored Map","Minty Spire (QoL Compilation)","StSLib","SuperFastMode"],"gold_per_floor":[114,134,146,160,6,6,38,38,38,73,87,103,134,154,154,249,249,262,262,275,294,294,328,328,342,342,242,257,257,277,277,277],"floor_reached":31,"playtime":1132,"items_purged":["Regret","Strike_R"],"score":414,"play_id":"84491348-cb0f-48e5-be2b-5c95e970e134","local_time":"20210103194332","is_ascension_mode":true,"campfire_choices":[{"data":"Whirlwind","floor":6.0,"key":"SMITH"},{"data":"Armaments","floor":8.0,"key":"SMITH"},{"data":"Offering","floor":15.0,"key":"SMITH"},{"data":"Barricade","floor":29.0,"key":"SMITH"}],"circlet_count":0,"master_deck":["Strike_R","Strike_R","Strike_R","Defend_R","Defend_R","Defend_R","Defend_R","Bash","Whirlwind+1","Shrug It Off","Cleave","Armaments+1","Offering+1","Power Through","Double Tap","Pommel Strike","Heavy Blade","Uppercut","Barricade+1","Metallicize","Brutality","Flame Barrier"],"relics":["Burning Blood","Magic Flower","Tiny Chest","Matryoshka","Bird Faced Urn","Omamori","Black Star","WarpedTongs","MealTicket","Eternal Feather","InkBottle","White Beast Statue","Blue Candle","Molten Egg 2"],"acts_visited":["Exordium","TheCity"],"potions_floor_usage":[31,31],"damage_taken":[{"damage":5.0,"enemies":"2 Louse","floor":1.0,"turns":3.0},{"damage":3.0,"enemies":"Cultist","floor":2.0,"turns":3.0},{"damage":4.0,"enemies":"Small Slimes","floor":3.0,"turns":3.0},{"damage":14.0,"enemies":"Looter","floor":4.0,"turns":3.0},{"damage":20.0,"enemies":"3 Sentries","floor":7.0,"turns":4.0},{"damage":22.0,"enemies":"Gremlin Nob","floor":10.0,"turns":4.0},{"damage":19.0,"enemies":"Blue Slaver","floor":11.0,"turns":3.0},{"damage":6.0,"enemies":"Exordium Wildlife","floor":12.0,"turns":3.0},{"damage":33.0,"enemies":"Lagavulin","floor":13.0,"turns":4.0},{"damage":0.0,"enemies":"Looter","floor":14.0,"turns":3.0},{"damage":6.0,"enemies":"Slime Boss","floor":16.0,"turns":6.0},{"damage":6.0,"enemies":"3 Byrds","floor":18.0,"turns":2.0},{"damage":6.0,"enemies":"Chosen","floor":20.0,"turns":4.0},{"damage":24.0,"enemies":"3 Cultists","floor":21.0,"turns":4.0},{"damage":42.0,"enemies":"Book of Stabbing","floor":23.0,"turns":5.0},{"damage":6.0,"enemies":"Snecko","floor":25.0,"turns":6.0},{"damage":23.0,"enemies":"Centurion and Healer","floor":28.0,"turns":7.0},{"damage":37.0,"enemies":"Shelled Parasite and Fungi","floor":30.0,"turns":8.0},{"damage":52,"enemies":"Gremlin Leader","floor":31,"turns":4}],"seed_played":"-4269452043576926226","potions_obtained":[{"floor":1.0,"key":"Dexterity Potion"},{"floor":10.0,"key":"Ancient Potion"},{"floor":11.0,"key":"CultistPotion"},{"floor":12.0,"key":"LiquidMemories"},{"floor":13.0,"key":"BlessingOfTheForge"},{"floor":16.0,"key":"ColorlessPotion"},{"floor":25.0,"key":"Strength Potion"},{"floor":28.0,"key":"PowerPotion"},{"floor":30.0,"key":"Dexterity Potion"}],"is_trial":false,"path_per_floor":["M","M","M","M","$","R","E","R","T","E","M","M","E","M","R","B",null,"M","?","M","M","T","E","?","M","T","$","M","R","M","E"],"character_chosen":"IRONCLAD","items_purchased":["Offering"],"campfire_rested":0,"item_purchase_floors":[5],"current_hp_per_floor":[80,80,80,75,75,75,64,64,64,51,41,44,20,29,29,32,68,71,71,74,62,62,32,32,41,41,56,42,54,35,0,0],"gold":277,"neow_bonus":"ONE_RARE_RELIC","is_daily":false,"chose_seed":false,"campfire_upgraded":4,"win_rate":0.0,"timestamp":1609670612,"path_taken":["M","M","M","M","$","R","E","R","T","E","M","M","E","M","R","BOSS","M","?","?","?","?","E","?","M","T","$","M","R","M","E"],"items_purchased_type":["Card"],"build_version":"2020-12-22","purchased_purges":2,"victory":false,"max_hp_per_floor":[80,80,80,80,80,80,80,80,80,80,80,80,80,80,80,80,80,80,80,80,80,80,80,80,80,80,80,80,80,80,80,80],"card_choices":[{"not_picked":["Power Through","Heavy Blade"],"picked":"Whirlwind","floor":1.0},{"not_picked":["Body Slam","Combust"],"picked":"Shrug It Off","floor":2.0},{"not_picked":["Heavy Blade","Headbutt"],"picked":"Cleave","floor":3.0},{"not_picked":["Anger","Flex"],"picked":"Armaments","floor":4.0},{"not_picked":["Clothesline","Perfected Strike"],"picked":"Power Through","floor":7.0},{"not_picked":["Cleave","Flex"],"picked":"Double Tap","floor":10.0},{"not_picked":["Iron Wave","Perfected Strike","Twin Strike"],"picked":"SKIP","floor":11.0},{"not_picked":["Perfected Strike","Reckless Charge"],"picked":"Pommel Strike","floor":12.0},{"not_picked":["Thunderclap","Rupture"],"picked":"Heavy Blade","floor":13.0},{"not_picked":["Clothesline","Cleave"],"picked":"Uppercut","floor":14.0},{"not_picked":["Impervious","Corruption"],"picked":"Barricade","floor":16.0},{"not_picked":["Armaments","Sword Boomerang+1","Wild Strike"],"picked":"SKIP","floor":18.0},{"not_picked":["Armaments+1","Havoc","Clash"],"picked":"SKIP","floor":20.0},{"not_picked":["Anger","Cleave","Warcry"],"picked":"SKIP","floor":21.0},{"not_picked":["Inflame","Clash+1"],"picked":"Metallicize","floor":23.0},{"not_picked":["Reckless Charge","Iron Wave","Anger"],"picked":"SKIP","floor":25.0},{"not_picked":["Pummel+1","Flex"],"picked":"Brutality","floor":28.0},{"not_picked":["Ghostly Armor","Perfected Strike+1"],"picked":"Flame Barrier","floor":30.0}],"player_experience":153485,"relics_obtained":[{"floor":7.0,"key":"Tiny Chest"},{"floor":9.0,"key":"Matryoshka"},{"floor":10.0,"key":"Bird Faced Urn"},{"floor":13.0,"key":"Omamori"},{"floor":22.0,"key":"MealTicket"},{"floor":22.0,"key":"Eternal Feather"},{"floor":23.0,"key":"InkBottle"},{"floor":23.0,"key":"White Beast Statue"},{"floor":26.0,"key":"Blue Candle"},{"floor":26.0,"key":"Molten Egg 2"}],"event_choices":[{"damage_healed":0.0,"max_hp_gain":0.0,"max_hp_loss":0.0,"gold_gain":0.0,"event_name":"Accursed Blacksmith","player_choice":"Rummage","floor":19.0,"gold_loss":0.0,"damage_taken":0.0,"relics_obtained":["WarpedTongs"],"cards_obtained":["Pain"]},{"cards_removed":["Strike_R"],"damage_healed":0.0,"max_hp_gain":0.0,"max_hp_loss":0.0,"gold_gain":0.0,"event_name":"Back to Basics","player_choice":"Elegance","floor":24.0,"gold_loss":0.0,"damage_taken":0.0}],"is_beta":false,"boss_relics":[{"not_picked":["Calling Bell","Ectoplasm"],"picked":"Black Star"}],"items_purged_floors":[5,27],"is_endless":false,"potions_floor_spawned":[1,10,11,12,13,16,20,25,28,30],"killed_by":"Gremlin Leader","ascension_level":5}}