{"host":"Ian","time":1609661160,"event":{"mods":["BaseMod","Bestiary","Block Reminder","Colored Map","Highlight Path","Key Reminder","Minty Spire (QoL Compilation)","Relic Stats"],"gold_per_floor":[363,363,68,88,106,106,118,152,152,152,166,166,15,35,35,114,114,133,144,162,162,162,162,193,21,21,35,47,19,19,19,19,93,93,113,8,8,21,36,64,80,94,94,104,104,104,26,26,26,26,26],"floor_reached":50,"playtime":3220,"items_purged":["Strike_R"],"score":1017,"play_id":"ef927e57-90d2-4777-aeda-e9ce172cde8e","local_time":"20210103080600","is_ascension_mode":true,"campfire_choices":[{"data":"Bash","floor":6,"key":"SMITH"},{"data":"Inflame","floor":10,"key":"SMITH"},{"data":"True Grit","floor":12,"key":"SMITH"},{"data":"Anger","floor":15,"key":"SMITH"},{"floor":23,"key":"REST"},{"data":"Armaments","floor":32,"key":"SMITH"},{"data":"Barricade","floor":46,"key":"SMITH"},{"floor":49,"key":"RECALL"}],"circlet_count":0,"master_deck":["AscendersBane","Defend_R","Defend_R","Defend_R","Defend_R","Bash+1","Inflame+1","Cleave","Twin Strike","Cleave","Reaper","True Grit+1","Battle Trance","Fiend Fire","Armaments+1","Shrug It Off","Flame Barrier","Spot Weakness","Shockwave+1","Pommel Strike","Bite","Bite","Bite","Bite","Bite","Offering","True Grit+1","Flash of Steel","Feel No Pain","Disarm","Barricade+1","Madness","Madness","Burning Pact"],"relics":["Burning Blood","Anchor","Bronze Scales","Singing Bowl","Cursed Key","Turnip","Toolbox","Runic Pyramid","HornCleat"],"acts_visited":["Exordium","TheCity","TheBeyond"],"potions_floor_usage":[20,22,24,33,44,50],"damage_taken":[{"damage":8,"enemies":"Jaw Worm","floor":1,"turns":6},{"damage":12,"enemies":"Cultist","floor":4,"turns":4},{"damage":0,"enemies":"Small Slimes","floor":5,"turns":2},{"damage":1,"enemies":"Looter","floor":7,"turns":2},{"damage":8,"enemies":"Gremlin Nob","floor":8,"turns":3},{"damage":9,"enemies":"Exordium Wildlife","floor":11,"turns":4},{"damage":4,"enemies":"Lots of Slimes","floor":14,"turns":3},{"damage":27,"enemies":"Slime Boss","floor":16,"turns":7},{"damage":46,"enemies":"Chosen","floor":18,"turns":5},{"damage":11,"enemies":"Shell Parasite","floor":19,"turns":4},{"damage":36,"enemies":"Shelled Parasite and Fungi","floor":20,"turns":5},{"damage":1,"enemies":"Snecko","floor":22,"turns":3},{"damage":22,"enemies":"Gremlin Leader","floor":24,"turns":6},{"damage":25,"enemies":"Snake Plant","floor":27,"turns":4},{"damage":5,"enemies":"Centurion and Healer","floor":28,"turns":6},{"damage":5,"enemies":"Colosseum Slavers","floor":30,"turns":4},{"damage":48,"enemies":"Champ","floor":33,"turns":15},{"damage":6,"enemies":"3 Shapes","floor":35,"turns":6},{"damage":27,"enemies":"3 Darklings","floor":38,"turns":6},{"damage":23,"enemies":"Sphere and 2 Shapes","floor":39,"turns":5},{"damage":29,"enemies":"Giant Head","floor":40,"turns":9},{"damage":39,"enemies":"Transient","floor":41,"turns":6},{"damage":6,"enemies":"Maw","floor":42,"turns":6},{"damage":30,"enemies":"Writhing Mass","floor":44,"turns":8},{"damage":60,"enemies":"Donu and Deca","floor":50,"turns":8}],"seed_played":"-4919048052852389115","potions_obtained":[{"floor":7,"key":"ColorlessPotion"},{"floor":8,"key":"SmokeBomb"},{"floor":14,"key":"LiquidBronze"},{"floor":16,"key":"LiquidBronze"},{"floor":18,"key":"Ancient Potion"},{"floor":20,"key":"SmokeBomb"},{"floor":24,"key":"ElixirPotion"},{"floor":28,"key":"DuplicationPotion"},{"floor":33,"key":"FearPotion"},{"floor":35,"key":"Dexterity Potion"},{"floor":42,"key":"Swift Potion"}],"is_trial":false,"path_per_floor":["M","?","$","M","M","R","M","E","T","R","M","R","$","M","R","B",null,"M","M","M","?","M","R","E","$","T","M","M","$","?","?","R","B",null,"M","$","?","M","M","E","M","M","T","M","?","R","$","?","R","B"],"character_chosen":"IRONCLAD","items_purchased":["Anchor","Inflame","Cleave","Battle Trance","Toolbox","Pommel Strike","Flash of Steel","Burning Pact"],"campfire_rested":1,"item_purchase_floors":[3,3,3,13,25,29,36,47],"current_hp_per_floor":[48,48,48,42,48,48,53,51,51,51,54,54,54,59,59,52,71,39,36,14,14,23,46,41,41,41,22,37,37,38,38,38,22,47,55,55,55,57,56,42,39,61,61,61,50,50,50,50,50,0,0],"gold":26,"neow_bonus":"TWO_FIFTY_GOLD","is_daily":false,"chose_seed":false,"campfire_upgraded":6,"win_rate":0.0,"timestamp":1609661160,"path_taken":["M","?","$","M","M","R","M","E","T","R","M","R","?","M","R","BOSS","M","M","M","?","M","R","E","$","T","M","M","$","?","?","R","BOSS","M","$","?","?","M","E","M","M","T","M","?","R","$","?","R","BOSS"],"items_purchased_type":["Relic","Card","Card","Card","Relic","Card","Card","Card"],"build_version":"2020-12-18","purchased_purges":1,"victory":false,"max_hp_per_floor":[75,75,75,75,75,75,75,75,75,75,75,75,75,77,77,77,77,77,79,79,79,79,79,79,79,79,79,79,79,79,55,55,55,55,55,55,55,57,57,59,61,61,61,61,61,61,61,61,61,61,61],"relic_stats":{"Singing Bowl":10,"counters":[25,137],"Bronze Scales":[300],"Turnip":[18],"Cursed Key":1,"obtain_stats":[{"keyreminder:keyreminder":40,"Anchor":3,"HornCleat":40,"Singing Bowl":9,"Bronze Scales":8,"Toolbox":25,"Turnip":24,"Cursed Key":17,"Burning Blood":0,"Runic Pyramid":34},{"keyreminder:keyreminder":21,"Anchor":1,"HornCleat":21,"Singing Bowl":5,"Bronze Scales":5,"Toolbox":13,"Turnip":13,"Cursed Key":8,"Burning Blood":0,"Runic Pyramid":17},{"keyreminder:keyreminder":109,"Anchor":6,"HornCleat":109,"Singing Bowl":17,"Bronze Scales":17,"Toolbox":54,"Turnip":54,"Cursed Key":31,"Burning Blood":0,"Runic Pyramid":83}],"Burning Blood":129},"card_choices":[{"not_picked":["Perfected Strike","Dropkick"],"picked":"Anger","floor":1},{"not_picked":["Flex","Warcry","Body Slam"],"picked":"SKIP","floor":4},{"not_picked":["Burning Pact","Anger"],"picked":"Twin Strike","floor":5},{"not_picked":["Headbutt","Clash"],"picked":"Cleave","floor":7},{"not_picked":["Juggernaut","Anger"],"picked":"Reaper","floor":8},{"not_picked":["Flame Barrier","Sword Boomerang"],"picked":"True Grit","floor":11},{"not_picked":["Cleave","Wild Strike","Iron Wave"],"picked":"Singing Bowl","floor":14},{"not_picked":["Brutality","Offering"],"picked":"Fiend Fire","floor":16},{"not_picked":["Pommel Strike","Hemokinesis"],"picked":"Armaments","floor":18},{"not_picked":["Body Slam+1","Clash","Whirlwind"],"picked":"Singing Bowl","floor":19},{"not_picked":["Havoc","Iron Wave"],"picked":"Shrug It Off","floor":20},{"not_picked":["Armaments","Body Slam"],"picked":"Flame Barrier","floor":24},{"not_picked":["Hemokinesis","Infernal Blade+1"],"picked":"Spot Weakness","floor":27},{"not_picked":["Armaments","Evolve"],"picked":"Shockwave+1","floor":28},{"not_picked":["Berserk","Impervious"],"picked":"Offering","floor":33},{"not_picked":["Anger","Shrug It Off+1"],"picked":"True Grit+1","floor":35},{"not_picked":["Power Through+1","Thunderclap+1","Cleave"],"picked":"Singing Bowl","floor":38},{"not_picked":["Flex","Armaments"],"picked":"Feel No Pain","floor":39},{"not_picked":["Body Slam+1","Shockwave","Inflame"],"picked":"Singing Bowl","floor":40},{"not_picked":["Rampage","Dual Wield","Shockwave"],"picked":"Singing Bowl","floor":41},{"not_picked":["Sentinel+1","Body Slam+1"],"picked":"Disarm","floor":42},{"not_picked":["Flex","Headbutt+1"],"picked":"Barricade","floor":44}],"player_experience":2617789,"relics_obtained":[{"floor":8,"key":"Bronze Scales"},{"floor":9,"key":"Singing Bowl"},{"floor":24,"key":"Turnip"},{"floor":40,"key":"HornCleat"}],"event_choices":[{"cards_removed":["Strike_R"],"damage_healed":0,"gold_gain":0,"player_choice":"Offered Basic","damage_taken":0,"max_hp_gain":0,"max_hp_loss":0,"event_name":"Bonfire Elementals","floor":2,"gold_loss":0},{"damage_healed":0,"gold_gain":0,"player_choice":"Ignored","damage_taken":0,"max_hp_gain":0,"max_hp_loss":0,"event_name":"Cursed Tome","floor":21,"gold_loss":0},{"damage_healed":0,"gold_gain":0,"player_choice":"Fight","damage_taken":0,"max_hp_gain":0,"max_hp_loss":0,"event_name":"Colosseum","floor":30,"gold_loss":0},{"damage_healed":0,"gold_gain":0,"player_choice":"Fled From Nobs","damage_taken":0,"max_hp_gain":0,"max_hp_loss":0,"event_name":"Colosseum","floor":30,"gold_loss":0},{"damage_healed":0,"gold_gain":0,"player_choice":"Became a vampire","damage_taken":0,"max_hp_gain":0,"max_hp_loss":24,"event_name":"Vampires","floor":31,"gold_loss":0,"cards_obtained":["Bite","Bite","Bite","Bite","Bite"]},{"cards_removed":["Anger"],"damage_healed":0,"gold_gain":0,"player_choice":"Purged","damage_taken":0,"max_hp_gain":0,"max_hp_loss":0,"event_name":"Purifier","floor":37,"gold_loss":0},{"damage_healed":0,"gold_gain":0,"player_choice":"Embrace Madness","damage_taken":11,"max_hp_gain":0,"max_hp_loss":0,"event_name":"Winding Halls","floor":45,"gold_loss":0,"cards_obtained":["Madness","Madness"]},{"cards_removed":["Normality"],"damage_healed":0,"gold_gain":0,"player_choice":"Card Removal","damage_taken":0,"max_hp_gain":0,"max_hp_loss":0,"event_name":"Wheel of Change","floor":48,"gold_loss":0}],"is_beta":true,"boss_relics":[{"not_picked":["Runic Dome","Black Blood"],"picked":"Cursed Key"},{"not_picked":["Pandora\u0027s Box","Mark of Pain"],"picked":"Runic Pyramid"}],"items_purged_floors":[13],"is_endless":false,"potions_floor_spawned":[7,8,14,16,18,20,24,28,33,35,39,40,42],"killed_by":"Donu and Deca","ascension_level":20}}