{"host":"2he95iptrbxkejc1","time":1609704973,"event":{"mods":["AchievementEnabler","BaseMod","Minty Spire (QoL Compilation)"],"gold_per_floor":[169,169,185,185,204,238,208,208,208,221,239,262,295,295,295,425,425,450,41,0,21,44,44,44],"floor_reached":23,"playtime":1756,"items_purged":["Defend_B"],"score":253,"play_id":"19d2648b-bc13-45e4-b8c1-49ab27f736c8","local_time":"20210103201613","is_ascension_mode":false,"campfire_choices":[{"floor":8,"key":"REST"},{"floor":15,"key":"REST"}],"circlet_count":0,"master_deck":["Strike_B","Strike_B","Strike_B","Strike_B","Defend_B+1","Defend_B","Defend_B","Zap","Dualcast","Conserve Battery","Loop+1","Skim","Melter","Conserve Battery","Ball Lightning","Conserve Battery","Electrodynamics","Hologram","Fission+1","Fission+1","Coolheaded+1","Hologram+1","Coolheaded+1","Dramatic Entrance","Redo+1","Conserve Battery+1"],"relics":["Tiny House","Golden Idol","Pear","Matryoshka","Toxic Egg 2","SsserpentHead","Black Star","Boot"],"acts_visited":["Exordium","TheCity"],"potions_floor_usage":[6,6,11,13,13,13,16,21],"damage_taken":[{"damage":0,"enemies":"Small Slimes","floor":1,"turns":5},{"damage":1,"enemies":"2 Louse","floor":3,"turns":4},{"damage":6,"enemies":"Cultist","floor":5,"turns":5},{"damage":11,"enemies":"3 Sentries","floor":6,"turns":8},{"damage":0,"enemies":"Looter","floor":7,"turns":4},{"damage":0,"enemies":"Large Slime","floor":10,"turns":5},{"damage":25,"enemies":"Gremlin Gang","floor":11,"turns":5},{"damage":9,"enemies":"Blue Slaver","floor":12,"turns":4},{"damage":8,"enemies":"Lagavulin","floor":13,"turns":7},{"damage":24,"enemies":"Hexaghost","floor":16,"turns":10},{"damage":13,"enemies":"Chosen","floor":18,"turns":6},{"damage":17,"enemies":"Shell Parasite","floor":21,"turns":8},{"damage":10,"enemies":"Snake Plant","floor":22,"turns":5},{"damage":50,"enemies":"Slavers","floor":23,"turns":3}],"seed_played":"-2970440749723610449","potions_obtained":[{"floor":0,"key":"CultistPotion"},{"floor":3,"key":"DuplicationPotion"},{"floor":11,"key":"EntropicBrew"},{"floor":13,"key":"BlessingOfTheForge"},{"floor":18,"key":"LiquidMemories"}],"is_trial":false,"path_per_floor":["M","?","M","?","M","E","M","R","T","M","M","M","E","?","R","B",null,"M","$","?","M","M","E"],"character_chosen":"DEFECT","items_purchased":["Boot","Hologram+1","Coolheaded+1","Dramatic Entrance"],"campfire_rested":2,"item_purchase_floors":[19,19,19,19],"current_hp_per_floor":[80,80,79,59,53,52,52,79,79,79,54,45,37,37,64,40,90,77,77,77,60,50,0,0],"gold":44,"neow_bonus":"BOSS_RELIC","is_daily":false,"chose_seed":false,"campfire_upgraded":0,"win_rate":0.0,"timestamp":1609704973,"path_taken":["M","?","M","?","M","E","M","R","T","M","M","M","E","?","R","BOSS","M","$","?","M","M","E"],"items_purchased_type":["Relic","Card","Card","Card"],"build_version":"2020-12-22","purchased_purges":1,"victory":false,"max_hp_per_floor":[80,80,80,80,80,90,90,90,90,90,90,90,90,90,90,90,90,90,90,90,90,90,90,90],"card_choices":[{"not_picked":["Barrage","Redo"],"picked":"Conserve Battery","floor":0},{"not_picked":["Stack","FTL"],"picked":"Loop","floor":1},{"not_picked":["Loop","Stack"],"picked":"Skim","floor":3},{"not_picked":["Self Repair","Lockon"],"picked":"Melter","floor":5},{"not_picked":["Rebound","Compile Driver"],"picked":"Conserve Battery","floor":6},{"not_picked":["Rebound","Chaos"],"picked":"Ball Lightning","floor":7},{"not_picked":["Scrape","Sweeping Beam"],"picked":"Conserve Battery","floor":10},{"not_picked":["Streamline","Genetic Algorithm"],"picked":"Electrodynamics","floor":11},{"not_picked":["Sweeping Beam","Steam"],"picked":"Hologram","floor":12},{"not_picked":["Tempest+1","Undo+1"],"picked":"Fission+1","floor":13},{"not_picked":["Multi-Cast+1","Buffer"],"picked":"Fission+1","floor":16},{"not_picked":["Go for the Eyes","Ball Lightning+1"],"picked":"Coolheaded+1","floor":18},{"not_picked":["Beam Cell","Heatsinks+1"],"picked":"Redo+1","floor":21},{"not_picked":["Stack+1","Rebound+1"],"picked":"Conserve Battery+1","floor":22}],"player_experience":28637,"relics_obtained":[{"floor":6,"key":"Pear"},{"floor":9,"key":"Matryoshka"},{"floor":13,"key":"Toxic Egg 2"}],"event_choices":[{"damage_healed":0,"gold_gain":0,"player_choice":"Grow","damage_taken":0,"max_hp_gain":0,"max_hp_loss":0,"event_name":"Living Wall","floor":2,"gold_loss":0,"cards_upgraded":["Loop"]},{"damage_healed":0,"gold_gain":0,"player_choice":"Take Damage","damage_taken":20,"relics_obtained":["Golden Idol"],"max_hp_gain":0,"max_hp_loss":0,"event_name":"Golden Idol","floor":4,"gold_loss":0},{"damage_healed":0,"gold_gain":0,"player_choice":"Trade","damage_taken":0,"relics_obtained":["SsserpentHead"],"max_hp_gain":0,"max_hp_loss":0,"event_name":"FaceTrader","floor":14,"gold_loss":0},{"damage_healed":0,"gold_gain":0,"player_choice":"Paid Fearfully","damage_taken":0,"max_hp_gain":0,"max_hp_loss":0,"event_name":"Masked Bandits","floor":20,"gold_loss":91}],"is_beta":false,"boss_relics":[{"not_picked":["Sozu","SlaversCollar"],"picked":"Black Star"}],"items_purged_floors":[19],"is_endless":false,"potions_floor_spawned":[3,11,12,13,18],"killed_by":"Slavers","ascension_level":0}}