{"host":"lpogke4cwz8zw1ju","time":1609700876,"event":{"mods":["Always Whale","BaseMod","Minty Spire (QoL Compilation)","Permanent Neow"],"gold_per_floor":[112,128,128,128,141,141,155,181,181,181,181],"floor_reached":10,"playtime":581,"items_purged":[],"score":68,"play_id":"f8e7e431-2a39-40ba-ab7a-ec364a44211b","local_time":"20210103200756","is_ascension_mode":false,"campfire_choices":[{"data":"Accuracy","floor":6,"key":"SMITH"}],"circlet_count":0,"master_deck":["Strike_G","Strike_G+1","Strike_G","Strike_G","Strike_G","Defend_G","Defend_G","Defend_G","Defend_G","Defend_G","Survivor","Neutralize","Accuracy+1","Quick Slash+1","Poisoned Stab","Quick Slash","Dagger Throw"],"relics":["Ring of the Snake","Bag of Preparation","Sundial"],"acts_visited":["Exordium"],"potions_floor_usage":[8,10],"damage_taken":[{"damage":2,"enemies":"2 Louse","floor":1,"turns":4},{"damage":1,"enemies":"Small Slimes","floor":2,"turns":4},{"damage":1,"enemies":"Cultist","floor":5,"turns":3},{"damage":20,"enemies":"Lots of Slimes","floor":7,"turns":3},{"damage":22,"enemies":"3 Sentries","floor":8,"turns":7},{"damage":11,"enemies":"Lagavulin","floor":10,"turns":2}],"seed_played":"4241958790888894155","potions_obtained":[{"floor":2,"key":"Dexterity Potion"},{"floor":5,"key":"SkillPotion"}],"is_trial":false,"path_per_floor":["M","M","?","?","M","R","M","E","T","E"],"character_chosen":"THE_SILENT","items_purchased":[],"campfire_rested":0,"item_purchase_floors":[],"current_hp_per_floor":[68,67,53,53,52,52,32,10,10,0,0],"gold":181,"neow_bonus":"THREE_CARDS","is_daily":false,"chose_seed":false,"campfire_upgraded":1,"win_rate":0.0,"timestamp":1609700876,"path_taken":["M","M","?","?","M","R","M","E","T","E"],"items_purchased_type":[],"build_version":"2020-12-22","purchased_purges":0,"victory":false,"max_hp_per_floor":[70,70,70,70,70,70,70,70,70,70,70],"card_choices":[{"not_picked":["Bouncing Flask","Bane"],"picked":"Accuracy","floor":0},{"not_picked":["Bane","Dagger Spray"],"picked":"Quick Slash","floor":1},{"not_picked":["Bane","Dodge and Roll"],"picked":"Poisoned Stab","floor":2},{"not_picked":["Deadly Poison","Outmaneuver"],"picked":"Quick Slash","floor":5},{"not_picked":["Outmaneuver","Dagger Spray"],"picked":"Dagger Throw","floor":7},{"not_picked":["Sucker Punch","Dodge and Roll","Well Laid Plans"],"picked":"SKIP","floor":8}],"player_experience":134334,"relics_obtained":[{"floor":8,"key":"Bag of Preparation"},{"floor":9,"key":"Sundial"}],"event_choices":[{"damage_healed":0,"gold_gain":0,"player_choice":"Entered Light","damage_taken":14,"max_hp_gain":0,"max_hp_loss":0,"event_name":"Shining Light","floor":3,"gold_loss":0,"cards_upgraded":["Quick Slash","Strike_G"]},{"damage_healed":0,"gold_gain":0,"player_choice":"Ignored","damage_taken":0,"max_hp_gain":0,"max_hp_loss":0,"event_name":"Liars Game","floor":4,"gold_loss":0}],"is_beta":false,"boss_relics":[],"items_purged_floors":[],"is_endless":false,"potions_floor_spawned":[2,5],"killed_by":"Lagavulin","ascension_level":0}}