{"host":"j61pjxqytd94o6ng","time":1609633870,"event":{"mods":["BaseMod","Bestiary","Colored Map","Colored Powertips","Curses Come First","Minty Spire (QoL Compilation)","StSLib"],"gold_per_floor":[109,120,140,150,150,150,163,174,174,188,218,218,243,260,260,339,339,320,337,41,53,53,53,71,89,113,127,158,128,5,15,15,15,15],"floor_reached":33,"playtime":5234,"items_purged":["Strike_G","Normality"],"score":499,"play_id":"b00fc5a0-865c-4859-885a-a607052131dc","local_time":"20210102173110","is_ascension_mode":true,"campfire_choices":[{"data":"Riddle With Holes","floor":6.0,"key":"SMITH"},{"floor":15,"key":"REST"},{"data":"RitualDagger","floor":23,"key":"SMITH"},{"floor":32,"key":"REST"}],"circlet_count":0,"master_deck":["AscendersBane","Strike_G","Strike_G","Strike_G","Strike_G","Defend_G","Defend_G","Defend_G","Defend_G+1","Survivor","Neutralize","After Image","Leg Sweep","Leg Sweep","Riddle With Holes+1","Infinite Blades","Outmaneuver+1","Caltrops","Accuracy","Blade Dance","Crippling Poison","After Image","Backflip","Expertise","Noxious Fumes","Crippling Poison","RitualDagger+1","Cloak And Dagger","Accuracy","Burst","Cloak And Dagger","Noxious Fumes"],"relics":["Ring of the Snake","Centennial Puzzle","Toy Ornithopter","Paper Crane","War Paint","Cursed Key","ClockworkSouvenir","Pen Nib","Meat on the Bone"],"acts_visited":["TheCity"],"potions_floor_usage":[11,11,13,19,25,28],"damage_taken":[{"damage":0.0,"enemies":"2 Louse","floor":1.0,"turns":5.0},{"damage":0.0,"enemies":"Cultist","floor":2.0,"turns":4.0},{"damage":0.0,"enemies":"Jaw Worm","floor":3.0,"turns":6.0},{"damage":5.0,"enemies":"Blue Slaver","floor":4.0,"turns":7.0},{"damage":5.0,"enemies":"Exordium Wildlife","floor":7.0,"turns":5.0},{"damage":0.0,"enemies":"Red Slaver","floor":8.0,"turns":5.0},{"damage":0.0,"enemies":"2 Fungi Beasts","floor":10.0,"turns":5.0},{"damage":19,"enemies":"Lagavulin","floor":11,"turns":6},{"damage":5,"enemies":"3 Sentries","floor":13,"turns":8},{"damage":5,"enemies":"3 Louse","floor":14,"turns":4},{"damage":16,"enemies":"The Guardian","floor":16,"turns":11},{"damage":8,"enemies":"2 Thieves","floor":18,"turns":4},{"damage":1,"enemies":"Spheric Guardian","floor":19,"turns":6},{"damage":2,"enemies":"3 Cultists","floor":21,"turns":5},{"damage":6,"enemies":"Centurion and Healer","floor":24,"turns":8},{"damage":0,"enemies":"Snake Plant","floor":25,"turns":6},{"damage":10,"enemies":"Shelled Parasite and Fungi","floor":27,"turns":7},{"damage":32,"enemies":"Slavers","floor":28,"turns":8},{"damage":0,"enemies":"Centurion and Healer","floor":31,"turns":6},{"damage":41,"enemies":"Collector","floor":33,"turns":7}],"seed_played":"6220283648950869307","potions_obtained":[{"floor":2.0,"key":"FearPotion"},{"floor":3.0,"key":"Fire Potion"},{"floor":11,"key":"Strength Potion"},{"floor":13,"key":"Weak Potion"},{"floor":16,"key":"Energy Potion"},{"floor":19,"key":"LiquidMemories"},{"floor":29,"key":"Weak Potion"},{"floor":29,"key":"GamblersBrew"}],"is_trial":false,"path_per_floor":["M","M","M","M","?","R","M","M","T","M","E","T","E","M","R","B",null,"M","M","$","M","?","R","M","M","T","M","E","?","$","M","R","B"],"character_chosen":"THE_SILENT","items_purchased":["ClockworkSouvenir","Noxious Fumes","Cloak And Dagger"],"campfire_rested":2,"item_purchase_floors":[20,20,30],"current_hp_per_floor":[59,59,59,54,54,54,49,49,49,49,30,30,30,25,44,28,57,49,53,53,51,45,45,39,44,44,34,7,7,7,19,38,0,0],"gold":15,"neow_bonus":"ONE_RANDOM_RARE_CARD","is_daily":false,"chose_seed":false,"campfire_upgraded":2,"win_rate":0.0,"timestamp":1609633870,"path_taken":["M","M","M","M","?","R","?","?","T","M","E","?","E","M","R","BOSS","M","M","$","M","?","R","M","M","T","M","E","?","$","M","R","BOSS"],"items_purchased_type":["Relic","Card","Card"],"build_version":"2020-12-22","purchased_purges":2,"victory":false,"max_hp_per_floor":[66,66,66,66,66,66,66,66,66,66,66,66,66,66,66,66,66,66,66,66,66,66,66,66,66,66,66,66,66,66,66,66,66,66],"card_choices":[{"not_picked":["Acrobatics","Skewer"],"picked":"Leg Sweep","floor":1.0},{"not_picked":["Underhanded Strike","Dodge and Roll"],"picked":"Leg Sweep","floor":2.0},{"not_picked":["Backflip","Bane"],"picked":"Riddle With Holes","floor":3.0},{"not_picked":["Doppelganger","Dagger Spray","Prepared"],"picked":"SKIP","floor":4.0},{"not_picked":["Tactician","Underhanded Strike"],"picked":"Infinite Blades","floor":7.0},{"not_picked":["Sucker Punch","Deadly Poison"],"picked":"Outmaneuver","floor":8.0},{"not_picked":["Deadly Poison","Catalyst"],"picked":"Caltrops","floor":10.0},{"not_picked":["Backflip","Masterful Stab"],"picked":"Accuracy","floor":11},{"not_picked":["Heel Hook","Tactician"],"picked":"Blade Dance","floor":13},{"not_picked":["Reflex","Prepared"],"picked":"Crippling Poison","floor":14},{"not_picked":["A Thousand Cuts","Night Terror"],"picked":"After Image","floor":16},{"not_picked":["Sucker Punch","Deadly Poison"],"picked":"Backflip","floor":18},{"not_picked":["Flechettes","Slice"],"picked":"Expertise","floor":19},{"not_picked":["Sucker Punch","PiercingWail"],"picked":"Crippling Poison","floor":21},{"not_picked":["Dodge and Roll","Slice+1"],"picked":"Cloak And Dagger","floor":24},{"not_picked":["Outmaneuver","Quick Slash","Flying Knee+1"],"picked":"SKIP","floor":25},{"not_picked":["Flechettes","Bouncing Flask"],"picked":"Accuracy","floor":27},{"not_picked":["Poisoned Stab","Flying Knee"],"picked":"Burst","floor":28},{"not_picked":["Poisoned Stab","Catalyst+1"],"picked":"Noxious Fumes","floor":31}],"player_experience":467395,"relics_obtained":[{"floor":9.0,"key":"Centennial Puzzle"},{"floor":11,"key":"Toy Ornithopter"},{"floor":12,"key":"Paper Crane"},{"floor":13,"key":"War Paint"},{"floor":26,"key":"Pen Nib"},{"floor":28,"key":"Meat on the Bone"}],"event_choices":[{"cards_removed":["Defend_G"],"damage_healed":0.0,"max_hp_gain":0.0,"max_hp_loss":0.0,"gold_gain":0.0,"event_name":"Bonfire Elementals","player_choice":"Offered Basic","floor":5.0,"gold_loss":0.0,"damage_taken":0.0},{"damage_healed":0,"gold_gain":0,"player_choice":"Joined the Cult","damage_taken":6,"max_hp_gain":0,"max_hp_loss":0,"event_name":"Nest","floor":22,"gold_loss":0,"cards_obtained":["RitualDagger"]},{"damage_healed":0,"gold_gain":0,"player_choice":"Bought 2 Potions","damage_taken":0,"max_hp_gain":0,"max_hp_loss":0,"event_name":"The Woman in Blue","floor":29,"gold_loss":0}],"is_beta":false,"boss_relics":[{"not_picked":["Astrolabe","Runic Dome"],"picked":"Cursed Key"}],"items_purged_floors":[20,30],"is_endless":false,"potions_floor_spawned":[2,3,8,10,11,13,16,19,21,24,31],"killed_by":"Collector","ascension_level":15}}