{"host":"kiauivt48syq9iz6","time":1609644141,"event":{"mods":["A Magickal Journey","BaseMod","Conspire","Downfall","Hermit","Minty Spire (QoL Compilation)","Replay The Spire","SIMod","Somnambulant","StSLib","The Animator","The Construct","The Cursed","The Disciple","The Forsaken","The Judge","The Marked","The Runesmith","The Servant 0.9.4","The Spell Scribe"],"gold_per_floor":[313,388,401,419,2,37,57,5,5,5,5,17,17,17,17,115,115,135,27,41,52,13,13,13,13],"floor_reached":24,"playtime":1244,"items_purged":[],"score":196,"play_id":"736439cc-7ce1-4f74-89f2-f9575efe309a","local_time":"20210102202221","is_ascension_mode":false,"campfire_choices":[{"floor":11,"key":"REST"},{"floor":13,"key":"REST"},{"floor":15,"key":"REST"},{"floor":23,"key":"REST"}],"circlet_count":0,"master_deck":["somnambulantmod: SomnambulantStrike","somnambulantmod: SomnambulantStrike","somnambulantmod: SomnambulantStrike","somnambulantmod: SomnambulantStrike","somnambulantmod: SomnambulantStrike","somnambulantmod: Defend_Somnambulant","somnambulantmod: Defend_Somnambulant","somnambulantmod: Defend_Somnambulant","somnambulantmod: Defend_Somnambulant+1","somnambulantmod: QuickNap","somnambulantmod: PrimingPunch","somnambulantmod: DarkeningMind","somnambulantmod: Nosebleed+1","somnambulantmod: BadIdea","somnambulantmod: ImpenetrableMind","somnambulantmod: HorrificThought","somnambulantmod: LayeredDefense","somnambulantmod: LeechFears+1","somnambulantmod: HeavyLids","somnambulantmod: Repression+1","somnambulantmod: Relive","somnambulantmod: Unburden","CurseOfTheBell","somnambulantmod: Stumble","somnambulantmod: DarkeningMind","somnambulantmod: Remember","somnambulantmod: BadIdea+1","somnambulantmod: Overshare","somnambulantmod: HeavyLids+1"],"relics":["somnambulantmod: DreamJournal","Old Coin","conspire:GlowingRock","ReplayTheSpireMod:Ninjato","Bottled Tornado","Calling Bell","Potion Belt","conspire:DeflatedDodgeball","Peace Pipe"],"acts_visited":["Exordium","TheCity"],"potions_floor_usage":[6,16,20,21],"damage_taken":[{"damage":0,"enemies":"2 Louse","floor":1,"turns":4},{"damage":0,"enemies":"Cultist","floor":3,"turns":4},{"damage":5,"enemies":"Jaw Worm","floor":4,"turns":5},{"damage":34,"enemies":"3 Sentries","floor":6,"turns":6},{"damage":13,"enemies":"Blue Slaver","floor":7,"turns":5},{"damage":6,"enemies":"Red Slaver","floor":12,"turns":5},{"damage":44,"enemies":"Slime Boss","floor":16,"turns":11},{"damage":51,"enemies":"Spheric Guardian","floor":18,"turns":10},{"damage":8,"enemies":"conspire:FuzzyDice","floor":20,"turns":10},{"damage":0,"enemies":"Snecko","floor":21,"turns":5},{"damage":45,"enemies":"Centurion and Healer","floor":24,"turns":6}],"seed_played":"7455766559779103990","potions_obtained":[{"floor":3,"key":"AttackPotion"},{"floor":4,"key":"conspire:TimeTravelPotion"},{"floor":6,"key":"Swift Potion"},{"floor":18,"key":"AttackPotion"},{"floor":21,"key":"Elixir"}],"is_trial":false,"path_per_floor":["M","?","M","M","$","E","M","$","T","?","R","M","R","?","R","B",null,"M","$","M","M","$","R","M"],"character_chosen":"THE_SOMNAMBULANT","items_purchased":["conspire:GlowingRock","somnambulantmod: ImpenetrableMind","somnambulantmod: HorrificThought","somnambulantmod: HeavyLids","somnambulantmod: DarkeningMind","somnambulantmod: Remember","somnambulantmod: HeavyLids+1"],"campfire_rested":4,"item_purchase_floors":[5,5,5,8,19,19,22],"current_hp_per_floor":[70,63,63,58,58,24,11,11,11,11,34,28,51,51,75,58,76,25,25,17,17,17,41,0,0],"gold":13,"neow_bonus":"ONE_RARE_RELIC","is_daily":false,"chose_seed":false,"campfire_upgraded":0,"win_rate":0.0,"timestamp":1609644141,"path_taken":["M","?","M","?","$","E","M","$","T","?","R","M","R","?","R","BOSS","M","$","M","M","$","R","M"],"items_purchased_type":["Relic","Card","Card","Card","Card","Card","Card"],"build_version":"2020-12-22","purchased_purges":0,"victory":false,"max_hp_per_floor":[70,70,70,70,70,70,70,70,70,70,72,72,74,74,76,76,76,76,76,76,76,76,78,78,78],"card_choices":[{"not_picked":["somnambulantmod: Cower","somnambulantmod: Wake"],"picked":"somnambulantmod: DarkeningMind","floor":1},{"not_picked":["somnambulantmod: Bruise","somnambulantmod: Relive"],"picked":"somnambulantmod: Nosebleed","floor":3},{"not_picked":["somnambulantmod: Repression","somnambulantmod: Withdraw"],"picked":"somnambulantmod: BadIdea","floor":4},{"not_picked":["somnambulantmod: OpeningUp","somnambulantmod: RacingThoughts"],"picked":"somnambulantmod: LayeredDefense","floor":6},{"not_picked":["somnambulantmod: Wake","somnambulantmod: Bruise"],"picked":"somnambulantmod: LeechFears","floor":7},{"not_picked":["somnambulantmod: HeadSmack","somnambulantmod: Hush"],"picked":"somnambulantmod: Repression","floor":12},{"not_picked":["somnambulantmod: Ignorance","somnambulantmod: Lucidity"],"picked":"somnambulantmod: Unburden","floor":16},{"not_picked":["somnambulantmod: InLimbo","somnambulantmod: HeavyLids"],"picked":"somnambulantmod: Stumble","floor":18},{"not_picked":["somnambulantmod: Bruise","somnambulantmod: HeavyLids"],"picked":"somnambulantmod: BadIdea+1","floor":20},{"not_picked":["somnambulantmod: Nosebleed","somnambulantmod: Cower"],"picked":"somnambulantmod: Overshare","floor":21}],"player_experience":144378,"relics_obtained":[{"floor":6,"key":"ReplayTheSpireMod:Ninjato"},{"floor":9,"key":"Bottled Tornado"},{"floor":17,"key":"Potion Belt"},{"floor":17,"key":"conspire:DeflatedDodgeball"},{"floor":17,"key":"Peace Pipe"}],"event_choices":[{"damage_healed":0,"gold_gain":75,"player_choice":"Touch","damage_taken":7,"max_hp_gain":0,"max_hp_loss":0,"event_name":"FaceTrader","floor":2,"gold_loss":0},{"damage_healed":0,"gold_gain":0,"player_choice":"Leave","damage_taken":0,"max_hp_gain":0,"max_hp_loss":0,"event_name":"conspire:Investor","floor":10,"gold_loss":0},{"damage_healed":0,"gold_gain":0,"cards_transformed":["somnambulantmod: Defend_Somnambulant"],"player_choice":"Transformed","damage_taken":0,"max_hp_gain":0,"max_hp_loss":0,"event_name":"Transmorgrifier","floor":14,"gold_loss":0,"cards_obtained":["somnambulantmod: Relive"]}],"is_beta":false,"boss_relics":[{"not_picked":["Velvet Choker","Busted Crown"],"picked":"Calling Bell"}],"items_purged_floors":[],"is_endless":false,"potions_floor_spawned":[3,4,6,18,21],"killed_by":"Centurion and Healer","ascension_level":0}}