{"host":"p6s16n2sj7zvsuor","time":1609714025,"event":{"mods":["BaseMod","Minty Spire (QoL Compilation)"],"gold_per_floor":[109,184,259,275,293,293,311,196,248,248,280,93,93,93,93,198,198,138,138,138,138],"floor_reached":20,"playtime":758,"items_purged":["Strike_G"],"score":218,"play_id":"e350e0a1-ed6a-4295-ae46-432a05b55c85","local_time":"20210104004704","is_ascension_mode":true,"campfire_choices":[{"data":"Night Terror","floor":6,"key":"SMITH"},{"data":"Blur","floor":10,"key":"SMITH"},{"data":"Leg Sweep","floor":15,"key":"SMITH"}],"circlet_count":0,"master_deck":["Strike_G","Strike_G","Strike_G","Defend_G","Defend_G","Defend_G","Defend_G","Defend_G","Survivor","Neutralize","Flying Knee","Night Terror+1","Blur+1","Caltrops","Noxious Fumes","Noxious Fumes","Leg Sweep+1","A Thousand Cuts","Deflect"],"relics":["Ring of the Snake","Bird Faced Urn","Art of War","Regal Pillow","Tiny Chest","Ornamental Fan","SlaversCollar"],"acts_visited":["Exordium","TheCity"],"potions_floor_usage":[16,16],"damage_taken":[{"damage":4,"enemies":"Jaw Worm","floor":1,"turns":6},{"damage":1,"enemies":"Cultist","floor":4,"turns":3},{"damage":0,"enemies":"Small Slimes","floor":5,"turns":4},{"damage":4,"enemies":"2 Fungi Beasts","floor":7,"turns":8},{"damage":7,"enemies":"Lagavulin","floor":11,"turns":7},{"damage":18,"enemies":"The Guardian","floor":16,"turns":9},{"damage":32,"enemies":"2 Thieves","floor":18,"turns":4},{"damage":29,"enemies":"3 Byrds","floor":20,"turns":4}],"seed_played":"-3029597050709147587","potions_obtained":[{"floor":1,"key":"Strength Potion"},{"floor":5,"key":"BlessingOfTheForge"},{"floor":7,"key":"SkillPotion"}],"is_trial":false,"path_per_floor":["M","?","?","M","M","R","M","$","T","R","E","$","?","?","R","B",null,"M","?","M"],"character_chosen":"THE_SILENT","items_purchased":["Noxious Fumes","Leg Sweep","Tiny Chest"],"campfire_rested":0,"item_purchase_floors":[8,12,12],"current_hp_per_floor":[59,48,42,41,41,41,37,37,37,37,40,40,40,22,22,16,51,23,23,0,0],"gold":138,"neow_bonus":"ONE_RARE_RELIC","is_daily":false,"chose_seed":false,"campfire_upgraded":3,"win_rate":0.0,"timestamp":1609714024,"path_taken":["M","?","?","M","?","R","M","$","T","R","E","$","?","?","R","BOSS","M","?","M"],"items_purchased_type":["Card","Card","Relic"],"build_version":"2020-12-22","purchased_purges":1,"victory":false,"max_hp_per_floor":[63,63,63,63,63,63,63,63,63,63,63,63,63,63,63,63,63,63,63,63,63],"card_choices":[{"not_picked":["Blade Dance","Setup"],"picked":"Flying Knee","floor":1},{"not_picked":["Flechettes","Prepared"],"picked":"Night Terror","floor":4},{"not_picked":["Quick Slash","PiercingWail"],"picked":"Blur","floor":5},{"not_picked":["Prepared","Expertise"],"picked":"Caltrops","floor":7},{"not_picked":["Reflex","Slice"],"picked":"Noxious Fumes","floor":11},{"not_picked":["Envenom","Wraith Form v2"],"picked":"A Thousand Cuts","floor":16},{"not_picked":["Dagger Throw","Sucker Punch"],"picked":"Deflect","floor":18}],"player_experience":782183,"relics_obtained":[{"floor":9,"key":"Art of War"},{"floor":11,"key":"Regal Pillow"}],"event_choices":[{"damage_healed":0,"gold_gain":75,"player_choice":"Gather Gold","damage_taken":11,"max_hp_gain":0,"max_hp_loss":0,"event_name":"World of Goop","floor":2,"gold_loss":0},{"damage_healed":0,"gold_gain":75,"player_choice":"Touch","damage_taken":6,"max_hp_gain":0,"max_hp_loss":0,"event_name":"FaceTrader","floor":3,"gold_loss":0},{"cards_removed":["Strike_G"],"damage_healed":0,"gold_gain":0,"player_choice":"Forget","damage_taken":0,"max_hp_gain":0,"max_hp_loss":0,"event_name":"Living Wall","floor":13,"gold_loss":0},{"damage_healed":0,"gold_gain":0,"player_choice":"Success","damage_taken":18,"relics_obtained":["Ornamental Fan"],"max_hp_gain":0,"max_hp_loss":0,"event_name":"Scrap Ooze","floor":14,"gold_loss":0},{"damage_healed":0,"gold_gain":0,"player_choice":"Ignored","damage_taken":0,"max_hp_gain":0,"max_hp_loss":0,"event_name":"Cursed Tome","floor":19,"gold_loss":0}],"is_beta":false,"boss_relics":[{"not_picked":["SacredBark","Pandora\u0027s Box"],"picked":"SlaversCollar"}],"items_purged_floors":[8],"is_endless":false,"potions_floor_spawned":[1,5,7],"killed_by":"3 Byrds","ascension_level":6}}