{"host":"obbn5gje3893ci3z","time":1609686428,"event":{"mods":["BaseMod","Colored Powertips","Minty Spire (QoL Compilation)","The Servant 0.9.4"],"gold_per_floor":[110,130,51,63,76,76,90,90,138,138,151,76,109,129,129,225,225,239,139,159,34,46,46,81,81,157,82,100,100,131,141,141,237,237,247,247,260,186,206,231,231,231,231,231,266,266,266,297,297,297],"floor_reached":51,"playtime":2545,"items_purged":["Strike_S","Strike_S","Defend_S"],"score":1120,"play_id":"a3fbf3fa-6a4f-4a3a-8e16-f2e6eda0757e","local_time":"20210103230708","is_ascension_mode":true,"campfire_choices":[{"data":"KillingDoll","floor":6.0,"key":"SMITH"},{"data":"SilverBlades","floor":8.0,"key":"SMITH"},{"data":"Luminosity","floor":10.0,"key":"SMITH"},{"data":"Misdirection","floor":15.0,"key":"SMITH"},{"data":"Luminosity","floor":23.0,"key":"SMITH"},{"data":"Luminosity","floor":25.0,"key":"SMITH"},{"data":"Comet","floor":29.0,"key":"SMITH"},{"data":"Defend_S","floor":32.0,"key":"PURGE"},{"data":"SilverBlades","floor":42.0,"key":"SMITH"},{"data":"Rearm","floor":44.0,"key":"SMITH"},{"floor":47,"key":"REST"},{"floor":49,"key":"REST"}],"circlet_count":0,"master_deck":["Defend_S","KidneyShot+1","Exchange","KillingDoll+1","DualDimension","Misdirection+1","SilverBlades+1","Luminosity+1","Comet+1","Luminosity+1","Luminosity+1","Moonlight+1","MurderousAura","SilverBlades+1","Rearm+1","SilverBlades+1","SilverBlades+1","Luminosity+1"],"relics":["Uniform","Centennial Puzzle","Mummified Hand","Black Star","Omamori","Question Card","KneeBrace","Peace Pipe","Whetstone","SlaversCollar","Dream Catcher","Pocketwatch","Kunai","CaptainsWheel","PaperSwan","Shuriken","TungstenRod"],"acts_visited":["Exordium","TheCity","TheBeyond"],"potions_floor_usage":[45,50],"damage_taken":[{"damage":0.0,"enemies":"Small Slimes","floor":1.0,"turns":5.0},{"damage":5.0,"enemies":"Jaw Worm","floor":2.0,"turns":6.0},{"damage":0.0,"enemies":"Cultist","floor":4.0,"turns":3.0},{"damage":1.0,"enemies":"3 Louse","floor":5.0,"turns":4.0},{"damage":0.0,"enemies":"Looter","floor":7.0,"turns":4.0},{"damage":12.0,"enemies":"Exordium Thugs","floor":11.0,"turns":4.0},{"damage":0.0,"enemies":"Gremlin Nob","floor":13.0,"turns":2.0},{"damage":0.0,"enemies":"Exordium Wildlife","floor":14.0,"turns":3.0},{"damage":13.0,"enemies":"The Guardian","floor":16.0,"turns":7.0},{"damage":0.0,"enemies":"Chosen","floor":18.0,"turns":4.0},{"damage":0.0,"enemies":"Shell Parasite","floor":20.0,"turns":4.0},{"damage":1.0,"enemies":"Centurion and Healer","floor":22.0,"turns":8.0},{"damage":9.0,"enemies":"Book of Stabbing","floor":24.0,"turns":4.0},{"damage":2.0,"enemies":"Snecko","floor":28.0,"turns":4.0},{"damage":4.0,"enemies":"Gremlin Leader","floor":30.0,"turns":4.0},{"damage":0.0,"enemies":"Snake Plant","floor":31.0,"turns":2.0},{"damage":0.0,"enemies":"Automaton","floor":33.0,"turns":6.0},{"damage":30.0,"enemies":"3 Shapes","floor":35.0,"turns":8.0},{"damage":12.0,"enemies":"Orb Walker","floor":37.0,"turns":2.0},{"damage":3.0,"enemies":"Maw","floor":39.0,"turns":5.0},{"damage":7.0,"enemies":"Nemesis","floor":40.0,"turns":3.0},{"damage":0,"enemies":"Reptomancer","floor":45,"turns":2},{"damage":0,"enemies":"Giant Head","floor":48,"turns":3},{"damage":39,"enemies":"Time Eater","floor":50,"turns":4}],"seed_played":"523314376763880652","potions_obtained":[{"floor":1.0,"key":"BlessingOfTheForge"},{"floor":4.0,"key":"FairyPotion"},{"floor":7.0,"key":"BlessingOfTheForge"},{"floor":20.0,"key":"GamblersBrew"},{"floor":40.0,"key":"Energy Potion"},{"floor":48,"key":"CultistPotion"}],"is_trial":false,"path_per_floor":["M","M","$","M","M","R","M","R","T","R","M","$","E","M","R","B",null,"M","$","M","$","M","R","E","R","T","?","M","R","E","M","R","B",null,"M","?","M","$","M","E","$","R","T","R","E","?","R","E","R","B",null],"character_chosen":"THE_SERVANT","items_purchased":["SilverBlades","SilverBlades"],"campfire_rested":2,"item_purchase_floors":[3,38],"current_hp_per_floor":[47,42,42,42,41,41,41,41,41,41,29,29,29,29,29,16,65,65,65,65,65,64,64,55,55,55,55,53,53,49,49,49,49,65,35,35,23,23,20,13,13,13,13,13,13,13,32,32,51,12],"gold":297,"neow_bonus":"TRANSFORM_TWO_CARDS","is_daily":false,"chose_seed":false,"campfire_upgraded":9,"win_rate":0.0,"timestamp":1609686428,"path_taken":["M","M","$","M","M","R","M","R","T","R","M","$","E","M","R","BOSS","M","$","M","$","M","R","E","R","T","?","M","R","E","M","R","BOSS","M","?","M","$","M","E","$","R","T","R","E","?","R","E","R","BOSS"],"items_purchased_type":["Card","Card"],"build_version":"2020-12-22","purchased_purges":3,"victory":true,"max_hp_per_floor":[65,65,65,65,65,65,65,65,65,65,65,65,65,65,65,65,65,65,65,65,65,65,65,65,65,65,65,65,65,65,65,65,65,65,65,65,65,65,65,65,65,65,65,65,65,65,65,65,65,65],"card_choices":[{"not_picked":["Read","ShatteredReality"],"picked":"Misdirection","floor":1.0},{"not_picked":["Unruled","Revamp","BottledTime"],"picked":"SKIP","floor":2.0},{"not_picked":["Replace","Potential","Desolation"],"picked":"SKIP","floor":4.0},{"not_picked":["Revamp","Sabotage","Alleviate"],"picked":"SKIP","floor":5.0},{"not_picked":["Advance","Unruled"],"picked":"Luminosity","floor":7.0},{"not_picked":["Luminosity","InstantArmor"],"picked":"Comet","floor":11.0},{"not_picked":["BottledTime","Unruled","Spin"],"picked":"SKIP","floor":13.0},{"not_picked":["Barrier","Starlight","BestPractice"],"picked":"SKIP","floor":14.0},{"not_picked":["Gouge","Spin","TimeWarp"],"picked":"SKIP","floor":18.0},{"not_picked":["BottledTime+1","Ricochet","RealityMarble"],"picked":"SKIP","floor":20.0},{"not_picked":["RealityMarble+1","Potential"],"picked":"Luminosity","floor":22.0},{"not_picked":["Replace","Sabotage+1"],"picked":"Luminosity","floor":24.0},{"not_picked":["Alleviate","TimeTheft","Spin+1","Unruled"],"picked":"SKIP","floor":28.0},{"not_picked":["ShiftingGears","FlawlessForm","ShatteredReality"],"picked":"Moonlight","floor":30.0},{"not_picked":["Collapse","TimeTheft","BestPractice","BottledTime"],"picked":"SKIP","floor":31.0},{"not_picked":["TheWorld","Duplication","Embodiment"],"picked":"MurderousAura","floor":33.0},{"not_picked":["Spin","DoubleEdge+1","Moondial+1","Ricochet+1"],"picked":"SKIP","floor":35.0},{"not_picked":["FastForward","TheWorld","Defy","BottledTime"],"picked":"SKIP","floor":37.0},{"not_picked":["Read+1","Manipulate","Unruled+1"],"picked":"Rearm","floor":39.0},{"not_picked":["DualDimension+1","Spin","ReturningBlade","TrueSight"],"picked":"SKIP","floor":40.0},{"not_picked":["Hightail","TimeWarp+1","Replace+1"],"picked":"SilverBlades+1","floor":45},{"not_picked":["Deadline+1","Read+1","MoonPhase"],"picked":"Luminosity+1","floor":47},{"not_picked":["WasteNot","Manipulate+1","Spin+1","Unruled"],"picked":"SKIP","floor":48}],"player_experience":53521,"relics_obtained":[{"floor":9.0,"key":"Centennial Puzzle"},{"floor":13.0,"key":"Mummified Hand"},{"floor":24.0,"key":"Omamori"},{"floor":24.0,"key":"Question Card"},{"floor":26.0,"key":"KneeBrace"},{"floor":30.0,"key":"Peace Pipe"},{"floor":30.0,"key":"Whetstone"},{"floor":40.0,"key":"Dream Catcher"},{"floor":40.0,"key":"Pocketwatch"},{"floor":43.0,"key":"Kunai"},{"floor":45,"key":"CaptainsWheel"},{"floor":45,"key":"PaperSwan"},{"floor":48,"key":"Shuriken"},{"floor":48,"key":"TungstenRod"}],"event_choices":[{"cards_removed":["Defend_S"],"damage_healed":0.0,"max_hp_gain":0.0,"max_hp_loss":0.0,"gold_gain":0.0,"event_name":"Beggar","player_choice":"Gave Gold","floor":27.0,"gold_loss":75.0,"damage_taken":0.0},{"damage_healed":0.0,"max_hp_gain":0.0,"max_hp_loss":0.0,"gold_gain":0.0,"event_name":"Tomb of Lord Red Mask","player_choice":"Ignored","floor":36.0,"gold_loss":0.0,"damage_taken":0.0},{"damage_healed":0,"gold_gain":0,"player_choice":"Copied","damage_taken":0,"max_hp_gain":0,"max_hp_loss":0,"event_name":"Duplicator","floor":46,"gold_loss":0,"cards_obtained":["SilverBlades"]}],"is_beta":false,"boss_relics":[{"not_picked":["Coffee Dripper","Snecko Eye"],"picked":"Black Star"},{"not_picked":["Philosopher\u0027s Stone","Fusion Hammer"],"picked":"SlaversCollar"}],"items_purged_floors":[12,19,21],"is_endless":false,"potions_floor_spawned":[1,4,7,13,20,24,31,40,48],"ascension_level":4}}