{"host":"y7sd46uq4xlni546","time":1609703901,"event":{"mods":["AchievementEnabler","BaseMod","Colored Map","Colored Powertips","Curses Come First","Filter the Spire","Minty Spire (QoL Compilation)","Quick Restart","Random Character Button","Rare Cards Sparkle","StSLib"],"gold_per_floor":[112,112,123,123,137,178,178,251,278,296,332,351,152,0,0,0,0],"floor_reached":16,"playtime":416,"items_purged":["Defend_R"],"score":110,"play_id":"da7dc77a-08a6-43cb-a7d6-99dfe68c14b4","local_time":"20210103205821","is_ascension_mode":false,"campfire_choices":[{"floor":7,"key":"REST"},{"data":"Body Slam","floor":15,"key":"SMITH"}],"circlet_count":0,"master_deck":["Strike_R","Strike_R","Strike_R","Strike_R","Strike_R","Defend_R","Defend_R","Defend_R","Bash+1","CurseOfTheBell","Body Slam+1","Shrug It Off+1"],"relics":["Calling Bell","Lantern","Toxic Egg 2","Thread and Needle","Golden Idol","Orichalcum","Unceasing Top","Smiling Mask","Art of War","Akabeko","Lee\u0027s Waffle"],"acts_visited":["Exordium"],"potions_floor_usage":[6,6,8,11],"damage_taken":[{"damage":0,"enemies":"Cultist","floor":1,"turns":4},{"damage":2,"enemies":"Jaw Worm","floor":3,"turns":3},{"damage":0,"enemies":"2 Louse","floor":5,"turns":2},{"damage":29,"enemies":"3 Sentries","floor":6,"turns":13},{"damage":0,"enemies":"Gremlin Nob","floor":8,"turns":3},{"damage":0,"enemies":"Exordium Wildlife","floor":10,"turns":2},{"damage":28,"enemies":"Lagavulin","floor":11,"turns":6},{"damage":1,"enemies":"Looter","floor":12,"turns":2},{"damage":0,"enemies":"Slime Boss","floor":16,"turns":1}],"seed_played":"985969593112574156","potions_obtained":[{"floor":1,"key":"Regen Potion"},{"floor":3,"key":"ColorlessPotion"},{"floor":5,"key":"SkillPotion"},{"floor":6,"key":"GamblersBrew"},{"floor":10,"key":"DistilledChaos"}],"is_trial":false,"path_per_floor":["M","?","M","?","M","E","R","?","T","M","E","M","$","$","R","B"],"character_chosen":"IRONCLAD","items_purchased":["Akabeko","Lee\u0027s Waffle"],"campfire_rested":1,"item_purchase_floors":[13,14],"current_hp_per_floor":[80,80,78,58,58,44,68,68,68,68,40,39,39,87,87,87,87],"gold":0,"neow_bonus":"BOSS_RELIC","is_daily":false,"chose_seed":false,"campfire_upgraded":1,"win_rate":0.0,"timestamp":1609703901,"path_taken":["M","?","?","?","M","E","R","?","T","M","E","M","?","$","R","BOSS"],"items_purchased_type":["Relic","Relic"],"build_version":"2020-12-22","purchased_purges":1,"victory":false,"max_hp_per_floor":[80,80,80,80,80,80,80,80,80,80,80,80,80,87,87,87,87],"card_choices":[{"not_picked":["Warcry+1","Carnage","Reckless Charge"],"picked":"SKIP","floor":1},{"not_picked":["Flame Barrier+1","Cleave","Sword Boomerang"],"picked":"SKIP","floor":3},{"not_picked":["Entrench+1","Combust","Rage+1"],"picked":"SKIP","floor":5},{"not_picked":["Headbutt","Wild Strike","True Grit+1"],"picked":"SKIP","floor":6},{"not_picked":["Pommel Strike","Corruption","Clothesline"],"picked":"SKIP","floor":10},{"not_picked":["Heavy Blade","True Grit+1"],"picked":"Body Slam","floor":11},{"not_picked":["Rage+1","Uppercut"],"picked":"Shrug It Off+1","floor":12}],"player_experience":592361,"relics_obtained":[{"floor":0,"key":"Lantern"},{"floor":0,"key":"Toxic Egg 2"},{"floor":0,"key":"Thread and Needle"},{"floor":6,"key":"Orichalcum"},{"floor":8,"key":"Unceasing Top"},{"floor":9,"key":"Smiling Mask"},{"floor":11,"key":"Art of War"}],"event_choices":[{"damage_healed":0,"gold_gain":0,"player_choice":"Upgraded","damage_taken":0,"max_hp_gain":0,"max_hp_loss":0,"event_name":"Upgrade Shrine","floor":2,"gold_loss":0,"cards_upgraded":["Bash"]},{"damage_healed":0,"gold_gain":0,"player_choice":"Take Damage","damage_taken":20,"relics_obtained":["Golden Idol"],"max_hp_gain":0,"max_hp_loss":0,"event_name":"Golden Idol","floor":4,"gold_loss":0},{"damage_healed":0,"gold_gain":0,"player_choice":"Searched \u00272\u0027 times","damage_taken":0,"max_hp_gain":0,"max_hp_loss":0,"event_name":"Dead Adventurer","floor":8,"gold_loss":0}],"is_beta":false,"boss_relics":[],"items_purged_floors":[13],"is_endless":false,"potions_floor_spawned":[1,3,5,6,10],"killed_by":"Slime Boss","ascension_level":0}}