{"host":"m77rrhbqzv44va4v","time":1609680157,"event":{"mods":["AchievementEnabler","BaseMod","Colored Map","DeckTracker","Keyboard Shortcuts","Minty Spire (QoL Compilation)","StSLib","SuperFastMode","everything is the same but u backflip on backflip"],"gold_per_floor":[116,116,116,41,41,67,67,97,146,156,81,81,111,126,126,198,198,215,82,7,25,39,64,64,92,92,117,117,117,37,47,47,47,47],"floor_reached":33,"playtime":536,"items_purged":["Defend_R","Pain"],"score":768,"play_id":"6ab774ec-69e1-4996-bb1f-1ad76391938b","local_time":"20210103222237","is_ascension_mode":true,"campfire_choices":[{"data":"Infernal Blade","floor":7.0,"key":"SMITH"},{"data":"Bludgeon","floor":12.0,"key":"SMITH"},{"data":"Flame Barrier","floor":15.0,"key":"SMITH"},{"data":"Inflame","floor":24,"key":"SMITH"},{"data":"Double Tap","floor":28,"key":"SMITH"},{"data":"Battle Trance","floor":32,"key":"SMITH"}],"circlet_count":0,"master_deck":["AscendersBane","Strike_R","Strike_R+1","Strike_R","Defend_R+1","Defend_R+1","Bash+1","Infernal Blade+1","Ghostly Armor","Bludgeon+1","Flame Barrier+1","Immolate","Shrug It Off","Inflame+1","Double Tap+1","Battle Trance+1"],"relics":["Burning Blood","NeowsBlessing","Pear","Letter Opener","Whetstone","Nunchaku","War Paint","Orichalcum","Cursed Key","The Courier","Blue Candle","InkBottle","Sundial"],"acts_visited":["Exordium","TheCity"],"potions_floor_usage":[22,25,33,33],"damage_taken":[{"damage":0.0,"enemies":"Cultist","floor":1.0,"turns":1.0},{"damage":0.0,"enemies":"3 Sentries","floor":6.0,"turns":2.0},{"damage":0.0,"enemies":"Gremlin Nob","floor":8.0,"turns":1.0},{"damage":4.0,"enemies":"Jaw Worm","floor":10.0,"turns":3.0},{"damage":24.0,"enemies":"Lagavulin","floor":13.0,"turns":3.0},{"damage":0.0,"enemies":"2 Louse","floor":14.0,"turns":2.0},{"damage":52.0,"enemies":"The Guardian","floor":16.0,"turns":8.0},{"damage":0.0,"enemies":"Spheric Guardian","floor":18.0,"turns":3.0},{"damage":0.0,"enemies":"Chosen","floor":21.0,"turns":3.0},{"damage":0,"enemies":"Shelled Parasite and Fungi","floor":22,"turns":3},{"damage":20,"enemies":"Gremlin Leader","floor":23,"turns":6},{"damage":23,"enemies":"Book of Stabbing","floor":25,"turns":4},{"damage":3,"enemies":"Gremlin Leader","floor":27,"turns":3},{"damage":12,"enemies":"Snecko","floor":31,"turns":3},{"damage":60,"enemies":"Collector","floor":33,"turns":8}],"seed_played":"3422180913657183352","potions_obtained":[{"floor":1.0,"key":"Regen Potion"},{"floor":13.0,"key":"PowerPotion"},{"floor":16.0,"key":"DuplicationPotion"},{"floor":18.0,"key":"GamblersBrew"},{"floor":23,"key":"Strength Potion"},{"floor":25,"key":"SkillPotion"}],"is_trial":false,"path_per_floor":["M","T","?","?","?","E","R","E","T","M","$","R","E","M","R","B",null,"M","$","?","M","M","E","R","E","T","E","R","?","$","M","R","B"],"character_chosen":"IRONCLAD","items_purchased":["Shrug It Off","Inflame"],"campfire_rested":0,"item_purchase_floors":[19,19],"current_hp_per_floor":[74,84,84,84,84,85,85,85,85,85,85,85,67,73,73,27,71,77,77,77,83,85,71,71,54,54,57,57,57,57,51,51,0,0],"gold":47,"neow_bonus":"THREE_ENEMY_KILL","is_daily":false,"chose_seed":false,"campfire_upgraded":6,"win_rate":0.0,"timestamp":1609680157,"path_taken":["M","?","?","?","?","E","R","E","T","M","$","R","E","?","R","BOSS","M","$","?","M","M","E","R","E","T","E","R","?","$","M","R","BOSS"],"items_purchased_type":["Card","Card"],"build_version":"2020-12-22","purchased_purges":2,"victory":false,"max_hp_per_floor":[75,85,85,85,85,85,85,85,85,85,85,85,85,85,85,85,85,85,85,85,85,85,85,85,85,85,85,85,85,85,85,85,85,85],"card_choices":[{"not_picked":["Headbutt","Wild Strike"],"picked":"Infernal Blade","floor":1.0},{"not_picked":["Clothesline","Iron Wave"],"picked":"Ghostly Armor","floor":6.0},{"not_picked":["Second Wind","Warcry"],"picked":"Bludgeon","floor":8.0},{"not_picked":["Heavy Blade","Shockwave"],"picked":"Flame Barrier","floor":10.0},{"not_picked":["Carnage","Sword Boomerang","Heavy Blade"],"picked":"SKIP","floor":13.0},{"not_picked":["Rupture","Thunderclap","Heavy Blade"],"picked":"SKIP","floor":14.0},{"not_picked":["Limit Break","Offering"],"picked":"Immolate","floor":16.0},{"not_picked":["Clash","True Grit","Iron Wave+1"],"picked":"SKIP","floor":18.0},{"not_picked":["Carnage","Twin Strike+1","Second Wind"],"picked":"SKIP","floor":21.0},{"not_picked":["Iron Wave","Flex","Anger"],"picked":"SKIP","floor":22},{"not_picked":["Cleave","Second Wind","Heavy Blade"],"picked":"SKIP","floor":23},{"not_picked":["Cleave+1","Blood for Blood"],"picked":"Double Tap","floor":25},{"not_picked":["Armaments","Headbutt","Infernal Blade"],"picked":"SKIP","floor":27},{"not_picked":["Hemokinesis","Power Through","Inflame+1"],"picked":"SKIP","floor":31}],"player_experience":878597,"relics_obtained":[{"floor":2.0,"key":"Pear"},{"floor":5.0,"key":"Letter Opener"},{"floor":6.0,"key":"Whetstone"},{"floor":8.0,"key":"Nunchaku"},{"floor":9.0,"key":"War Paint"},{"floor":13.0,"key":"Orichalcum"},{"floor":23,"key":"The Courier"},{"floor":25,"key":"Blue Candle"},{"floor":26,"key":"InkBottle"},{"floor":27,"key":"Sundial"}],"event_choices":[{"cards_removed":["Strike_R"],"damage_healed":0.0,"max_hp_gain":0.0,"max_hp_loss":0.0,"gold_gain":0.0,"event_name":"Living Wall","player_choice":"Forget","floor":3.0,"gold_loss":0.0,"damage_taken":0.0},{"cards_removed":["Strike_R"],"damage_healed":0.0,"max_hp_gain":0.0,"max_hp_loss":0.0,"gold_gain":0.0,"event_name":"The Cleric","player_choice":"Card Removal","floor":4.0,"gold_loss":75.0,"damage_taken":0.0},{"damage_healed":0.0,"max_hp_gain":0.0,"max_hp_loss":0.0,"gold_gain":0.0,"event_name":"Wheel of Change","player_choice":"Relic","floor":5.0,"gold_loss":0.0,"damage_taken":0.0},{"cards_removed":["Defend_R"],"damage_healed":0.0,"max_hp_gain":0.0,"max_hp_loss":0.0,"gold_gain":0.0,"event_name":"Beggar","player_choice":"Gave Gold","floor":20.0,"gold_loss":75.0,"damage_taken":0.0},{"damage_healed":0,"gold_gain":0,"player_choice":"Read","damage_taken":0,"max_hp_gain":0,"max_hp_loss":0,"event_name":"The Library","floor":29,"gold_loss":0,"cards_obtained":["Battle Trance"]}],"is_beta":false,"boss_relics":[{"not_picked":["Calling Bell","Fusion Hammer"],"picked":"Cursed Key"}],"items_purged_floors":[11,30],"is_endless":false,"potions_floor_spawned":[1,13,16,18,23,25,27],"killed_by":"Collector","ascension_level":19}}