{"host":"lpogke4cwz8zw1ju","time":1609713177,"event":{"mods":["Always Whale","BaseMod","Minty Spire (QoL Compilation)","Permanent Neow"],"gold_per_floor":[111,123,138,138,138,138,173,186,186,186,186,196,211,237,237,334,334,347,377,390,402,421,450,450,469,469,469,156,169,185,200,200,296,346,361,378,378,393,215,215,250,250,298,298,520,534,534,550,550,550],"floor_reached":51,"playtime":3453,"items_purged":["PathToVictory","Strike_P"],"score":713,"play_id":"1cd7539c-5fb9-45ee-9b44-c290d48b8860","local_time":"20210103233257","is_ascension_mode":false,"campfire_choices":[{"data":"Vigilance","floor":6,"key":"SMITH"},{"floor":10,"key":"REST"},{"data":"Worship","floor":15,"key":"SMITH"},{"floor":24,"key":"REST"},{"floor":27,"key":"REST"},{"data":"SandsOfTime","floor":32,"key":"SMITH"},{"data":"TalkToTheHand","floor":40,"key":"SMITH"},{"floor":44,"key":"REST"},{"floor":49,"key":"REST"}],"circlet_count":0,"master_deck":["Strike_P","Strike_P","Strike_P","Defend_P","Defend_P","Defend_P","Eruption+1","Vigilance+1","FearNoEvil","FlurryOfBlows","EmptyFist","Worship+1","TalkToTheHand+1","SandsOfTime+1","FlurryOfBlows+1","TalkToTheHand+1","FollowUp","Judgement+1","EmptyFist+1","FollowUp+1","Meditate+1","SashWhip+1","SandsOfTime","WheelKick"],"relics":["PureWater","Blood Vial","FossilizedHelix","Gremlin Horn","Potion Belt","Snecko Eye","Red Mask","Frozen Egg 2","Singing Bowl","Toxic Egg 2","Tiny House","Juzu Bracelet","Ancient Tea Set"],"acts_visited":["Exordium","TheCity","TheBeyond"],"potions_floor_usage":[16,16,16,33,33,33,33,33,50,50],"damage_taken":[{"damage":0,"enemies":"Small Slimes","floor":1,"turns":2},{"damage":2,"enemies":"Jaw Worm","floor":2,"turns":3},{"damage":1,"enemies":"Cultist","floor":3,"turns":3},{"damage":39,"enemies":"3 Sentries","floor":7,"turns":5},{"damage":0,"enemies":"2 Fungi Beasts","floor":8,"turns":3},{"damage":0,"enemies":"Blue Slaver","floor":12,"turns":2},{"damage":0,"enemies":"Large Slime","floor":13,"turns":4},{"damage":6,"enemies":"Lagavulin","floor":14,"turns":4},{"damage":11,"enemies":"Slime Boss","floor":16,"turns":4},{"damage":0,"enemies":"2 Thieves","floor":18,"turns":2},{"damage":0,"enemies":"Masked Bandits","floor":19,"turns":3},{"damage":0,"enemies":"Shell Parasite","floor":20,"turns":3},{"damage":6,"enemies":"3 Cultists","floor":21,"turns":5},{"damage":0,"enemies":"Snake Plant","floor":22,"turns":3},{"damage":27,"enemies":"Book of Stabbing","floor":23,"turns":4},{"damage":16,"enemies":"Snecko","floor":25,"turns":4},{"damage":3,"enemies":"Cultist and Chosen","floor":29,"turns":3},{"damage":0,"enemies":"Shelled Parasite and Fungi","floor":30,"turns":3},{"damage":0,"enemies":"3 Cultists","floor":31,"turns":4},{"damage":26,"enemies":"Automaton","floor":33,"turns":7},{"damage":23,"enemies":"3 Shapes","floor":35,"turns":4},{"damage":0,"enemies":"Orb Walker","floor":36,"turns":3},{"damage":0,"enemies":"Spire Growth","floor":38,"turns":2},{"damage":22,"enemies":"Nemesis","floor":41,"turns":7},{"damage":0,"enemies":"Jaw Worm Horde","floor":46,"turns":3},{"damage":5,"enemies":"Sphere and 2 Shapes","floor":48,"turns":3},{"damage":22,"enemies":"Awakened One","floor":50,"turns":8}],"seed_played":"640532080716119955","potions_obtained":[{"floor":2,"key":"LiquidBronze"},{"floor":3,"key":"AttackPotion"},{"floor":13,"key":"BlessingOfTheForge"},{"floor":16,"key":"LiquidBronze"},{"floor":19,"key":"Dexterity Potion"},{"floor":20,"key":"FearPotion"},{"floor":21,"key":"Energy Potion"},{"floor":23,"key":"EssenceOfSteel"},{"floor":33,"key":"EssenceOfSteel"},{"floor":34,"key":"FearPotion"},{"floor":36,"key":"Strength Potion"},{"floor":41,"key":"BottledMiracle"}],"is_trial":false,"path_per_floor":["M","M","M","?","?","R","E","M","T","R","?","M","M","E","R","B",null,"M","?","M","M","M","E","R","M","T","R","$","M","M","M","R","B",null,"M","M","?","M","$","R","E","$","T","R","?","M","?","M","R","B",null],"character_chosen":"WATCHER","items_purchased":["Toxic Egg 2","SandsOfTime"],"campfire_rested":5,"item_purchase_floors":[28,39],"current_hp_per_floor":[72,70,69,57,57,57,20,22,22,43,48,50,52,48,48,39,77,77,77,77,71,73,48,71,57,57,77,77,76,80,81,81,55,86,63,65,65,67,67,67,49,49,49,75,75,79,70,67,90,68],"gold":550,"neow_bonus":"REMOVE_CARD","is_daily":false,"chose_seed":false,"campfire_upgraded":4,"win_rate":0.0,"timestamp":1609713177,"path_taken":["M","M","M","?","?","R","E","M","T","R","?","?","?","E","R","BOSS","M","?","M","M","M","E","R","M","T","R","$","M","M","M","R","BOSS","M","M","?","M","$","R","E","$","T","R","?","M","?","M","R","BOSS"],"items_purchased_type":["Relic","Card"],"build_version":"2020-12-22","purchased_purges":2,"victory":true,"max_hp_per_floor":[72,72,72,72,72,72,72,72,72,72,77,77,77,77,77,77,77,77,77,77,77,77,77,77,77,77,77,77,79,81,81,81,81,86,86,86,86,86,86,86,88,88,88,88,88,90,90,90,90,90],"card_choices":[{"not_picked":["ClearTheMind","EmptyFist"],"picked":"FearNoEvil","floor":1},{"not_picked":["Sanctity","Weave"],"picked":"PathToVictory","floor":2},{"not_picked":["Study","Vengeance"],"picked":"FlurryOfBlows","floor":3},{"not_picked":["Nirvana","DeceiveReality","Omniscience"],"picked":"SKIP","floor":7},{"not_picked":["Protect","EmptyBody"],"picked":"EmptyFist","floor":8},{"not_picked":["Weave","ClearTheMind","SignatureMove"],"picked":"SKIP","floor":12},{"not_picked":["CrushJoints","FlyingSleeves"],"picked":"Worship","floor":13},{"not_picked":["Consecrate","Vengeance"],"picked":"TalkToTheHand","floor":14},{"not_picked":["Crescendo","Wallop"],"picked":"SandsOfTime","floor":18},{"not_picked":["CutThroughFate","Indignation"],"picked":"FlurryOfBlows+1","floor":19},{"not_picked":["FlurryOfBlows+1","FlyingSleeves+1"],"picked":"TalkToTheHand","floor":20},{"not_picked":["DeceiveReality+1","SignatureMove+1","EmptyBody+1"],"picked":"SKIP","floor":21},{"not_picked":["PathToVictory","Collect","EmptyBody+1"],"picked":"SKIP","floor":22},{"not_picked":["Conclude","FlurryOfBlows","EmptyBody"],"picked":"SKIP","floor":23},{"not_picked":["Perseverance","SashWhip"],"picked":"BattleHymn+1","floor":25},{"not_picked":["DeceiveReality+1","Meditate+1","WreathOfFlame+1"],"picked":"Singing Bowl","floor":29},{"not_picked":["MasterReality+1","FlurryOfBlows","Evaluate+1"],"picked":"Singing Bowl","floor":30},{"not_picked":["Perseverance+1","Crescendo+1"],"picked":"FollowUp","floor":31},{"not_picked":["ConjureBlade+1","Blasphemy+1"],"picked":"Judgement+1","floor":33},{"not_picked":["CutThroughFate","Collect+1"],"picked":"EmptyFist+1","floor":34},{"not_picked":["DeceiveReality+1","Conclude"],"picked":"FollowUp+1","floor":35},{"not_picked":["SignatureMove","FollowUp+1"],"picked":"Meditate+1","floor":36},{"not_picked":["Fasting2+1","Tantrum+1"],"picked":"SashWhip+1","floor":38},{"not_picked":["WindmillStrike","Prostrate+1","ThirdEye+1"],"picked":"Singing Bowl","floor":41},{"not_picked":["InnerPeace+1","EmptyBody+1","ReachHeaven+1"],"picked":"Singing Bowl","floor":46},{"not_picked":["Wallop+1","BowlingBash"],"picked":"WheelKick","floor":48}],"player_experience":140479,"relics_obtained":[{"floor":7,"key":"FossilizedHelix"},{"floor":9,"key":"Gremlin Horn"},{"floor":14,"key":"Potion Belt"},{"floor":19,"key":"Red Mask"},{"floor":23,"key":"Frozen Egg 2"},{"floor":26,"key":"Singing Bowl"},{"floor":41,"key":"Juzu Bracelet"},{"floor":43,"key":"Ancient Tea Set"}],"event_choices":[{"damage_healed":0,"gold_gain":0,"player_choice":"Success","damage_taken":12,"relics_obtained":["Blood Vial"],"max_hp_gain":0,"max_hp_loss":0,"event_name":"Scrap Ooze","floor":4,"gold_loss":0},{"damage_healed":0,"gold_gain":0,"player_choice":"Grow","damage_taken":0,"max_hp_gain":0,"max_hp_loss":0,"event_name":"Living Wall","floor":5,"gold_loss":0,"cards_upgraded":["Eruption"]},{"damage_healed":0,"gold_gain":0,"player_choice":"Donut","damage_taken":0,"max_hp_gain":5,"max_hp_loss":0,"event_name":"Big Fish","floor":11,"gold_loss":0},{"damage_healed":0,"gold_gain":0,"player_choice":"Fought Bandits","damage_taken":0,"max_hp_gain":0,"max_hp_loss":0,"event_name":"Masked Bandits","floor":19,"gold_loss":0},{"cards_removed":["BattleHymn"],"damage_healed":0,"gold_gain":0,"player_choice":"Removed Power","damage_taken":0,"max_hp_gain":0,"max_hp_loss":0,"event_name":"Falling","floor":37,"gold_loss":0},{"damage_healed":0,"gold_gain":222,"player_choice":"Wore Mask","damage_taken":0,"max_hp_gain":0,"max_hp_loss":0,"event_name":"Tomb of Lord Red Mask","floor":45,"gold_loss":0},{"damage_healed":0,"gold_gain":0,"player_choice":"Damaged","damage_taken":9,"max_hp_gain":0,"max_hp_loss":0,"event_name":"Wheel of Change","floor":47,"gold_loss":0}],"is_beta":false,"boss_relics":[{"not_picked":["SacredBark","Fusion Hammer"],"picked":"Snecko Eye"},{"not_picked":["Runic Pyramid","Runic Dome"],"picked":"Tiny House"}],"items_purged_floors":[28,39],"is_endless":false,"potions_floor_spawned":[2,3,13,16,19,20,21,23,25,33,36,41],"ascension_level":0}}