{"host":"6pgtslebjnyv5xmi","time":1609663899,"event":{"mods":["AchievementEnabler","BaseMod","Colored Map","Minty Spire (QoL Compilation)","Rare Cards Sparkle","StSLib","SuperFastMode","everything is the same but u backflip on backflip"],"gold_per_floor":[110,110,185,185,135,135,60,75,75,103,117,127,139,70,70,166,166,151,151,163,163,163,163],"floor_reached":22,"playtime":993,"items_purged":[],"score":209,"play_id":"3ed41622-c145-4547-9108-8e6d64ad5f96","local_time":"20210103175139","is_ascension_mode":false,"campfire_choices":[{"data":"Dark Embrace","floor":6.0,"key":"SMITH"},{"data":"Barricade","floor":15.0,"key":"SMITH"}],"circlet_count":0,"master_deck":["Strike_R","Strike_R","Strike_R","Strike_R","Defend_R","Defend_R","Defend_R","Defend_R","Bash","Dark Embrace+1","Feel No Pain","Disarm","Barricade+1","Power Through","Evolve","Fiend Fire"],"relics":["Burning Blood","NeowsBlessing","Omamori","Matryoshka","Tiny Chest","SacredBark","Blue Candle"],"acts_visited":["Exordium","TheCity"],"potions_floor_usage":[20,22],"damage_taken":[{"damage":0.0,"enemies":"Jaw Worm","floor":1.0,"turns":1.0},{"damage":0.0,"enemies":"Small Slimes","floor":8.0,"turns":1.0},{"damage":0.0,"enemies":"3 Sentries","floor":10.0,"turns":2.0},{"damage":8.0,"enemies":"2 Louse","floor":11.0,"turns":4.0},{"damage":18.0,"enemies":"Looter","floor":12.0,"turns":5.0},{"damage":45.0,"enemies":"Large Slime","floor":13.0,"turns":16.0},{"damage":19.0,"enemies":"The Guardian","floor":16.0,"turns":16.0},{"damage":15,"enemies":"2 Thieves","floor":18,"turns":5},{"damage":66,"enemies":"3 Byrds","floor":20,"turns":16},{"damage":18,"enemies":"Shelled Parasite and Fungi","floor":22,"turns":10}],"seed_played":"-8349341193593813106","potions_obtained":[{"floor":8.0,"key":"Weak Potion"},{"floor":11.0,"key":"ColorlessPotion"},{"floor":16.0,"key":"Weak Potion"},{"floor":20,"key":"SkillPotion"}],"is_trial":false,"path_per_floor":["M","?","?","?","?","R","$","M","T","E","M","M","M","$","R","B",null,"M","?","M","?","M"],"character_chosen":"IRONCLAD","items_purchased":["Feel No Pain","Evolve"],"campfire_rested":0,"item_purchase_floors":[7,14],"current_hp_per_floor":[80,80,69,69,69,69,69,75,75,80,78,66,27,27,27,14,80,71,71,11,11,0,0],"gold":163,"neow_bonus":"THREE_ENEMY_KILL","is_daily":false,"chose_seed":false,"campfire_upgraded":2,"win_rate":0.0,"timestamp":1609663899,"path_taken":["M","?","?","?","?","R","$","M","T","E","M","M","M","$","R","BOSS","M","?","M","?","M"],"items_purchased_type":["Card","Card"],"build_version":"2020-12-22","purchased_purges":0,"victory":false,"max_hp_per_floor":[80,80,80,80,80,80,80,80,80,80,80,80,80,80,80,80,80,80,80,80,80,80,80],"card_choices":[{"not_picked":["Heavy Blade","Shrug It Off"],"picked":"Dark Embrace","floor":1.0},{"not_picked":["Perfected Strike","True Grit","Clash"],"picked":"SKIP","floor":8.0},{"not_picked":["True Grit","Sword Boomerang"],"picked":"Disarm","floor":10.0},{"not_picked":["Dark Embrace","Rupture","Burning Pact"],"picked":"SKIP","floor":11.0},{"not_picked":["Searing Blow","True Grit"],"picked":"Barricade","floor":12.0},{"not_picked":["Anger","Clash"],"picked":"Power Through","floor":13.0},{"not_picked":["Double Tap","Immolate"],"picked":"Fiend Fire","floor":16.0},{"not_picked":["Shrug It Off","Warcry","Searing Blow"],"picked":"SKIP","floor":18},{"not_picked":["Heavy Blade+1","Clash","Rage"],"picked":"SKIP","floor":20}],"player_experience":660691,"relics_obtained":[{"floor":9.0,"key":"Matryoshka"},{"floor":10.0,"key":"Tiny Chest"}],"event_choices":[{"damage_healed":0.0,"max_hp_gain":0.0,"max_hp_loss":0.0,"gold_gain":0.0,"event_name":"Big Fish","player_choice":"Box","floor":2.0,"gold_loss":0.0,"damage_taken":0.0,"relics_obtained":["Omamori"],"cards_obtained":["Regret"]},{"damage_healed":0.0,"max_hp_gain":0.0,"max_hp_loss":0.0,"gold_gain":75.0,"event_name":"World of Goop","player_choice":"Gather Gold","floor":3.0,"gold_loss":0.0,"damage_taken":11.0},{"cards_removed":["Regret"],"damage_healed":0.0,"max_hp_gain":0.0,"max_hp_loss":0.0,"gold_gain":0.0,"event_name":"Living Wall","player_choice":"Forget","floor":4.0,"gold_loss":0.0,"damage_taken":0.0},{"cards_removed":["Strike_R"],"damage_healed":0.0,"max_hp_gain":0.0,"max_hp_loss":0.0,"gold_gain":0.0,"event_name":"The Cleric","player_choice":"Card Removal","floor":5.0,"gold_loss":50.0,"damage_taken":0.0},{"damage_healed":0,"gold_gain":0,"player_choice":"Stole Relic","damage_taken":0,"relics_obtained":["Blue Candle"],"max_hp_gain":0,"max_hp_loss":0,"event_name":"Addict","floor":19,"gold_loss":0,"cards_obtained":["Shame"]},{"damage_healed":0,"gold_gain":0,"player_choice":"Ignored","damage_taken":0,"max_hp_gain":0,"max_hp_loss":0,"event_name":"Cursed Tome","floor":21,"gold_loss":0}],"is_beta":false,"boss_relics":[{"not_picked":["Coffee Dripper","Sozu"],"picked":"SacredBark"}],"items_purged_floors":[],"is_endless":false,"potions_floor_spawned":[8,11,16,20],"killed_by":"Shelled Parasite and Fungi","ascension_level":0}}