{"host":"2tgyrzvaa7l04o2e","time":1609697068,"event":{"mods":["BaseMod","Highlight Path","Minty Spire (QoL Compilation)","Permanent Neow","Relic Stats"],"gold_per_floor":[109,128,128,143,108,108,137,174,240,282,294,306,318,343,355,495,507,539,186,202,117,130,130,163,163,163,204,217,235,276,290,290,410,410,426,445,288,288,288,288,306,322,347,347,680,690,690,690],"floor_reached":47,"playtime":2575,"items_purged":["Strike_B"],"score":743,"play_id":"6ca9d7d5-dc48-4d4e-80f5-cada0998652a","local_time":"20210103190428","is_ascension_mode":true,"campfire_choices":[{"data":"Sunder","floor":6,"key":"SMITH"},{"floor":11,"key":"REST"},{"data":"Go for the Eyes","floor":15,"key":"SMITH"},{"data":"Electrodynamics","floor":23,"key":"SMITH"},{"data":"Zap","floor":25,"key":"SMITH"},{"data":"Coolheaded","floor":32,"key":"SMITH"},{"data":"Storm","floor":40,"key":"SMITH"}],"circlet_count":0,"master_deck":["Zap+1","FTL+1","Steam","Sunder+1","Conserve Battery","Go for the Eyes+1","Streamline","Electrodynamics+1","Conserve Battery+1","Coolheaded+1","Loop","Capacitor","Doom and Gloom","Double Energy","Rebound","Stack","Coolheaded","Storm+1"],"relics":["Cracked Core","Art of War","MawBank","Lantern","Centennial Puzzle","MealTicket","Velvet Choker","Torii","Meat on the Bone","Whetstone","Potion Belt","HornCleat","Pandora\u0027s Box","Toolbox","Vajra"],"acts_visited":["Exordium","TheCity","TheBeyond"],"potions_floor_usage":[7,16,22,29,29,30,33,41],"damage_taken":[{"damage":1,"enemies":"Cultist","floor":1,"turns":3},{"damage":4,"enemies":"Jaw Worm","floor":2,"turns":3},{"damage":2,"enemies":"2 Louse","floor":4,"turns":3},{"damage":26,"enemies":"Lagavulin","floor":7,"turns":6},{"damage":32,"enemies":"Gremlin Nob","floor":10,"turns":4},{"damage":0,"enemies":"Exordium Thugs","floor":14,"turns":3},{"damage":25,"enemies":"Slime Boss","floor":16,"turns":12},{"damage":0,"enemies":"3 Byrds","floor":18,"turns":2},{"damage":17,"enemies":"2 Thieves","floor":20,"turns":2},{"damage":1,"enemies":"Centurion and Healer","floor":22,"turns":5},{"damage":36,"enemies":"Book of Stabbing","floor":24,"turns":6},{"damage":18,"enemies":"Slavers","floor":27,"turns":4},{"damage":17,"enemies":"Snecko","floor":28,"turns":7},{"damage":9,"enemies":"Snake Plant","floor":29,"turns":3},{"damage":14,"enemies":"Book of Stabbing","floor":30,"turns":5},{"damage":2,"enemies":"Shelled Parasite and Fungi","floor":31,"turns":4},{"damage":60,"enemies":"Automaton","floor":33,"turns":12},{"damage":8,"enemies":"Orb Walker","floor":35,"turns":3},{"damage":0,"enemies":"3 Darklings","floor":36,"turns":2},{"damage":33,"enemies":"4 Shapes","floor":41,"turns":4},{"damage":11,"enemies":"Jaw Worm Horde","floor":42,"turns":3},{"damage":28,"enemies":"Maw","floor":46,"turns":9},{"damage":43,"enemies":"Giant Head","floor":47,"turns":6}],"seed_played":"-6339417113256342816","potions_obtained":[{"floor":2,"key":"ColorlessPotion"},{"floor":10,"key":"Swift Potion"},{"floor":13,"key":"Dexterity Potion"},{"floor":13,"key":"FairyPotion"},{"floor":14,"key":"Block Potion"},{"floor":20,"key":"Fruit Juice"},{"floor":27,"key":"SteroidPotion"},{"floor":28,"key":"ColorlessPotion"},{"floor":29,"key":"Swift Potion"},{"floor":33,"key":"SkillPotion"},{"floor":36,"key":"Fire Potion"}],"is_trial":false,"path_per_floor":["M","M","?","M","$","R","E","T","T","E","R","?","?","M","R","B",null,"M","$","M","?","M","R","E","R","T","E","M","M","E","M","R","B",null,"M","M","$","?","?","R","M","M","T","?","?","M","E"],"character_chosen":"DEFECT","items_purchased":["Sunder","Torii","Toolbox"],"campfire_rested":1,"item_purchase_floors":[5,19,37],"current_hp_per_floor":[67,63,68,66,66,66,40,40,40,8,32,32,32,32,32,7,57,57,72,55,55,59,59,35,35,35,29,24,27,25,35,35,16,63,55,55,70,70,70,70,49,50,50,50,50,34,0,0],"gold":690,"neow_bonus":"RANDOM_COMMON_RELIC","is_daily":false,"chose_seed":false,"campfire_upgraded":6,"win_rate":0.0,"timestamp":1609697068,"path_taken":["M","M","?","M","$","R","E","?","T","E","R","?","?","M","R","BOSS","M","$","M","?","M","R","E","R","T","E","M","M","E","M","R","BOSS","M","M","$","?","?","R","M","?","T","?","?","M","E"],"items_purchased_type":["Card","Relic","Relic"],"build_version":"2020-12-22","purchased_purges":1,"victory":false,"max_hp_per_floor":[75,75,80,80,80,80,80,80,80,80,80,74,74,74,74,74,74,74,74,74,74,79,79,79,79,79,79,79,79,79,79,79,79,79,79,79,79,79,79,79,79,79,79,75,75,75,75,75],"relic_stats":{"Centennial Puzzle":[48],"Torii":23,"counters":[23,110],"MealTicket":30,"Pandora\u0027s Box":["Capacitor","Doom and Gloom","Double Energy","Rebound","Stack","Coolheaded","Storm"],"Art of War":[7],"Whetstone":["FTL","Strike_B"],"MawBank":144,"obtain_stats":[{"Potion Belt":27,"Lantern":8,"Torii":19,"Golden Idol":12,"Velvet Choker":17,"Vajra":43,"Whetstone":24,"MawBank":7,"Centennial Puzzle":9,"HornCleat":30,"Toolbox":37,"MealTicket":10,"Pandora\u0027s Box":34,"Art of War":0,"Cracked Core":0,"Meat on the Bone":21},{"Potion Belt":12,"Lantern":4,"Torii":8,"Golden Idol":5,"Velvet Choker":7,"Vajra":21,"Whetstone":11,"MawBank":4,"Centennial Puzzle":4,"HornCleat":15,"Toolbox":19,"MealTicket":5,"Pandora\u0027s Box":17,"Art of War":0,"Cracked Core":0,"Meat on the Bone":9},{"Potion Belt":53,"Lantern":15,"Torii":36,"Golden Idol":19,"Velvet Choker":34,"Vajra":96,"Whetstone":49,"MawBank":15,"Centennial Puzzle":15,"HornCleat":68,"Toolbox":89,"MealTicket":19,"Pandora\u0027s Box":84,"Art of War":0,"Cracked Core":0,"Meat on the Bone":38}],"Meat on the Bone":120},"card_choices":[{"not_picked":["Rebound","Redo"],"picked":"FTL","floor":1},{"not_picked":["Blizzard","Stack"],"picked":"Steam","floor":2},{"not_picked":["Fusion","Hello World","Leap"],"picked":"SKIP","floor":4},{"not_picked":["Ball Lightning","Rip and Tear"],"picked":"Conserve Battery","floor":7},{"not_picked":["Hyperbeam","Redo"],"picked":"Go for the Eyes","floor":10},{"not_picked":["Beam Cell","Undo"],"picked":"Streamline","floor":14},{"not_picked":["Seek","Meteor Strike"],"picked":"Electrodynamics","floor":16},{"not_picked":["Sweeping Beam+1","Scrape"],"picked":"Conserve Battery+1","floor":18},{"not_picked":["Reboot","Conserve Battery+1"],"picked":"Coolheaded","floor":20},{"not_picked":["Cold Snap","Streamline","Rip and Tear"],"picked":"SKIP","floor":22},{"not_picked":["Sweeping Beam","Beam Cell","Doom and Gloom+1"],"picked":"SKIP","floor":24},{"not_picked":["Storm","Gash","Beam Cell+1"],"picked":"SKIP","floor":27},{"not_picked":["White Noise","Steam"],"picked":"Loop","floor":28},{"not_picked":["Scrape+1","Steam","Reinforced Body"],"picked":"SKIP","floor":29},{"not_picked":["Rebound","Conserve Battery+1","Capacitor"],"picked":"SKIP","floor":30},{"not_picked":["Gash+1","Compile Driver","BootSequence"],"picked":"SKIP","floor":31},{"not_picked":["FTL","Rip and Tear","Beam Cell"],"picked":"SKIP","floor":35},{"not_picked":["Compile Driver+1","Skim","Redo+1"],"picked":"SKIP","floor":36},{"not_picked":["Streamline","Heatsinks","Rebound+1"],"picked":"SKIP","floor":41},{"not_picked":["Streamline","Steam","Turbo+1"],"picked":"SKIP","floor":42},{"not_picked":["Barrage","Turbo+1","Stack+1"],"picked":"SKIP","floor":46}],"player_experience":545524,"relics_obtained":[{"floor":7,"key":"MawBank"},{"floor":8,"key":"Lantern"},{"floor":9,"key":"Centennial Puzzle"},{"floor":10,"key":"MealTicket"},{"floor":24,"key":"Whetstone"},{"floor":27,"key":"Potion Belt"},{"floor":30,"key":"HornCleat"},{"floor":43,"key":"Vajra"}],"event_choices":[{"damage_healed":0,"gold_gain":0,"player_choice":"Donut","damage_taken":0,"max_hp_gain":5,"max_hp_loss":0,"event_name":"Big Fish","floor":3,"gold_loss":0},{"damage_healed":0,"gold_gain":0,"player_choice":"Lose Max HP","damage_taken":0,"relics_obtained":["Golden Idol"],"max_hp_gain":0,"max_hp_loss":6,"event_name":"Golden Idol","floor":12,"gold_loss":0},{"damage_healed":0,"gold_gain":0,"player_choice":"Got Potions","damage_taken":0,"max_hp_gain":0,"max_hp_loss":0,"event_name":"Lab","floor":13,"gold_loss":0},{"damage_healed":0,"gold_gain":0,"player_choice":"Obtained Relic","damage_taken":0,"relics_obtained":["Meat on the Bone"],"max_hp_gain":0,"max_hp_loss":0,"event_name":"Addict","floor":21,"gold_loss":85},{"damage_healed":0,"gold_gain":0,"player_choice":"Ignored","damage_taken":0,"max_hp_gain":0,"max_hp_loss":0,"event_name":"Tomb of Lord Red Mask","floor":38,"gold_loss":0},{"cards_removed":["Dualcast"],"damage_healed":0,"gold_gain":0,"player_choice":"Purged","damage_taken":0,"max_hp_gain":0,"max_hp_loss":0,"event_name":"Purifier","floor":39,"gold_loss":0},{"damage_healed":0,"gold_gain":0,"player_choice":"Max HP","damage_taken":0,"max_hp_gain":0,"max_hp_loss":4,"event_name":"Winding Halls","floor":44,"gold_loss":0},{"damage_healed":0,"gold_gain":333,"player_choice":"Gave Idol","damage_taken":0,"max_hp_gain":0,"max_hp_loss":0,"event_name":"The Moai Head","floor":45,"relics_lost":["Golden Idol"],"gold_loss":0}],"is_beta":false,"boss_relics":[{"not_picked":["SacredBark","Fusion Hammer"],"picked":"Velvet Choker"},{"not_picked":["Calling Bell","Snecko Eye"],"picked":"Pandora\u0027s Box"}],"items_purged_floors":[19],"is_endless":false,"potions_floor_spawned":[2,10,14,20,27,28,29,33,36],"killed_by":"Giant Head","ascension_level":9}}