{"host":"1cd1aqaox6jesai3","time":1609700806,"event":{"mods":["Act Like it!","Arknights The Spire","Astrologer","Bartender","BaseMod","Colored Powertips","Downfall","Googly Eyes","Hallownest","Infinite Spire","Mimic Mod","Minty Spire (QoL Compilation)","Replay The Spire","StSLib","The Bug Knight","The Construct","The Factory"],"gold_per_floor":[114,169,169,186,186,211,211,228,276,289,316,329,356,204,204,306,306,324,343,343,357,438,467,467,502,502,522,522,522,522],"floor_reached":29,"playtime":1068,"items_purged":[],"score":402,"play_id":"3be45038-b201-4a00-8835-558de53c269c","local_time":"20210103140646","is_ascension_mode":true,"campfire_choices":[{"floor":7,"key":"REST"},{"floor":15,"key":"REST"},{"floor":28,"key":"REST"}],"circlet_count":0,"master_deck":["ats:Strike G","ats:Strike S","ats:Strike V","ats:Armor Crushing Shot","ats:Defend","ats:Defend+1","ats:Defend","ats:Defend+1","ats:Emotion Absorption","ats:Neurotoxin","ats:Explosion Area Strengthen","ats:Collapsing Strike","ats:Neurotoxin","infinitespire:NeuralNetwork","ats:Poison Spread","ats:Powerful Strike+1","ats:Flexible Camouflage","ats:Consecutive Shot Auto","ats:Explosion Area Strengthen","ats:Consecutive Shot Auto","ats:Explosion Area Strengthen","Hallownest:curseDreamersLament","ats:Overload","infinitespire:NeuralNetwork","ats:Powerful Strike","Overencumbered"],"relics":["ats:Sanity","NeowsBlessing","White Beast Statue","ats:Originium","Gremlin Food","ReplayFunnel","HornCleat","Centennial Puzzle","Medical Kit","Cursed Key","Replay:Bottled Steam","HollowMod:PaleOreRelic","WingedGreaves","Toxic Egg 2"],"acts_visited":["Exordium","TheCity"],"potions_floor_usage":[10,10,11,13,13,23,23,25,27,27,29],"damage_taken":[{"damage":0,"enemies":"Small Slimes","floor":1,"turns":1},{"damage":0,"enemies":"2 Louse","floor":4,"turns":1},{"damage":0,"enemies":"Gremlin Nob","floor":6,"turns":1},{"damage":1,"enemies":"Cultist","floor":8,"turns":3},{"damage":15,"enemies":"Large Slime","floor":10,"turns":5},{"damage":26,"enemies":"3 Sentries","floor":11,"turns":5},{"damage":10,"enemies":"3 Louse","floor":12,"turns":3},{"damage":0,"enemies":"Gremlin Nob","floor":13,"turns":3},{"damage":0,"enemies":"Slime Boss","floor":16,"turns":5},{"damage":5,"enemies":"Chosen","floor":18,"turns":3},{"damage":2,"enemies":"3 Byrds","floor":19,"turns":3},{"damage":4,"enemies":"3 Cultists","floor":21,"turns":3},{"damage":14,"enemies":"Gremlin Leader","floor":23,"turns":4},{"damage":45,"enemies":"Slavers","floor":25,"turns":4},{"damage":1,"enemies":"Snecko","floor":27,"turns":4},{"damage":22,"enemies":"Snake Plant","floor":29,"turns":3}],"seed_played":"7736888321517801669","potions_obtained":[{"floor":1,"key":"EssenceOfSteel"},{"floor":2,"key":"EntropicBrew"},{"floor":4,"key":"GamblersBrew"},{"floor":11,"key":"Fire Potion"},{"floor":13,"key":"BlessingOfTheForge"},{"floor":16,"key":"EssenceOfSteel"},{"floor":23,"key":"Strength Potion"},{"floor":25,"key":"SkillPotion"},{"floor":27,"key":"Fire Potion"}],"is_trial":false,"path_per_floor":["M","?","?","M","?","E","R","M","T","M","E","M","E","$","R","B",null,"M","M","?","M","T","E","?","E","T","M","R","M"],"character_chosen":"DOCTOR_CLASS","items_purchased":["Medical Kit"],"campfire_rested":3,"item_purchase_floors":[14],"current_hp_per_floor":[72,72,72,72,53,53,72,71,71,56,30,20,20,20,41,41,72,67,65,65,61,61,47,47,2,2,1,22,0,0],"gold":522,"neow_bonus":"THREE_ENEMY_KILL","is_daily":false,"chose_seed":false,"campfire_upgraded":0,"win_rate":0.0,"timestamp":1609700806,"path_taken":["M","?","?","?","?","E","R","M","T","M","E","M","E","$","R","BOSS","M","M","?","M","?","E","?","E","T","?","R","M"],"items_purchased_type":["Relic"],"build_version":"2020-12-22","purchased_purges":0,"victory":false,"max_hp_per_floor":[72,72,72,72,72,72,72,72,72,72,72,72,72,72,72,72,72,72,72,72,72,72,72,72,72,72,72,72,72,72],"card_choices":[{"not_picked":["ats:Assault Order","ats:Directed Diagnosis"],"picked":"ats:Neurotoxin","floor":1},{"not_picked":["ats:Childhood Dance","ats:Shell Defense"],"picked":"ats:Explosion Area Strengthen","floor":2},{"not_picked":["ats:Leaping Hammer","ats:Childhood Dance"],"picked":"ats:Neurotoxin","floor":4},{"not_picked":["infinitespire:FutureSight","infinitespire:Gouge"],"picked":"infinitespire:NeuralNetwork","floor":5},{"not_picked":["ats:Automatic Cover","ats:Hook Shot","ats:Burning Ground"],"picked":"SKIP","floor":6},{"not_picked":["ats:Very Hot Blade","ats:Revitalization"],"picked":"ats:Poison Spread","floor":8},{"not_picked":["ats:Cat Scratch","ats:Flexible Camouflage"],"picked":"ats:Powerful Strike","floor":10},{"not_picked":["ats:Calcification","ats:Curse Doll"],"picked":"ats:Flexible Camouflage","floor":11},{"not_picked":["ats:Spore Proliferation","ats:Cat Scratch"],"picked":"ats:Consecutive Shot Auto","floor":12},{"not_picked":["ats:Leaping Hammer","ats:Blood Oath"],"picked":"ats:Explosion Area Strengthen","floor":13},{"not_picked":["ats:Assault Order","ats:Beaten Up","ats:LN2 Cannon"],"picked":"SKIP","floor":18},{"not_picked":["ats:Red Shift","ats:Flame Of Heaven+1"],"picked":"ats:Consecutive Shot Auto","floor":19},{"not_picked":["ats:Powerful Strike+1","ats:Collapsing Strike"],"picked":"ats:Explosion Area Strengthen","floor":21},{"not_picked":["ats:Collapsing Strike","ats:Flexible Camouflage+1"],"picked":"ats:Overload","floor":23},{"not_picked":["ats:Durian","ats:Curse Doll"],"picked":"ats:Powerful Strike","floor":25},{"not_picked":["ats:Charging Defense+1","ats:Counter Healing Mode","ats:Curse Doll+1"],"picked":"SKIP","floor":27}],"player_experience":158050,"relics_obtained":[{"floor":2,"key":"White Beast Statue"},{"floor":6,"key":"ats:Originium"},{"floor":6,"key":"Gremlin Food"},{"floor":9,"key":"ReplayFunnel"},{"floor":11,"key":"ats:Originium"},{"floor":11,"key":"HornCleat"},{"floor":13,"key":"ats:Originium"},{"floor":13,"key":"Centennial Puzzle"},{"floor":22,"key":"Replay:Bottled Steam"},{"floor":23,"key":"HollowMod:PaleOreRelic"},{"floor":25,"key":"WingedGreaves"},{"floor":26,"key":"Toxic Egg 2"}],"event_choices":[{"damage_healed":0,"gold_gain":0,"cards_transformed":["ats:Strike C"],"player_choice":"Transformed","damage_taken":0,"max_hp_gain":0,"max_hp_loss":0,"event_name":"Transmorgrifier","floor":3,"gold_loss":0,"cards_obtained":["ats:Collapsing Strike"]},{"damage_healed":0,"gold_gain":0,"player_choice":"Ignored","damage_taken":0,"max_hp_gain":0,"max_hp_loss":0,"event_name":"Ghosts","floor":20,"gold_loss":0},{"damage_healed":0,"gold_gain":0,"player_choice":"Copied","damage_taken":0,"max_hp_gain":0,"max_hp_loss":0,"event_name":"Duplicator","floor":24,"gold_loss":0,"cards_obtained":["infinitespire:NeuralNetwork"]}],"is_beta":false,"boss_relics":[{"not_picked":["Coffee Dripper","Replay:Wanted Poster"],"picked":"Cursed Key"}],"items_purged_floors":[],"is_endless":false,"potions_floor_spawned":[1,4,6,8,10,11,12,13,16,18,19,21,23,25,27],"killed_by":"Snake Plant","ascension_level":1}}