{"host":"zjc1tzo4ovig5lll","time":1609680866,"event":{"mods":["AchievementEnabler","Aspiration","BaseMod","Beaked The Cultist","Better Altar","Better Match","Better Note","Better Sensory Stone","Colored Map","Colored Powertips","Conspire","Energized Spire","Friendly Minions","GifTheSpireLib","Halation","Hermit","Hubris","Minty Spire (QoL Compilation)","Rare Cards Sparkle","Replay The Spire","StSLib","The Blue Laboratory","The Bug Knight","The Construct","The Jungle","everything is the same but u backflip on backflip","vexMod"],"gold_per_floor":[116,116,128,148,168,168,194,210,210,210,59,73,39,59,59,164,164,182,194,212,145,161,161,161,161,161,85,85,85,85],"floor_reached":29,"playtime":943,"items_purged":[],"score":261,"play_id":"6babc3aa-713a-4b15-a2ff-1392c734cb02","local_time":"20210103153426","is_ascension_mode":true,"campfire_choices":[{"data":"Dualcast","floor":6,"key":"SMITH"},{"data":"Rainbow","floor":10,"key":"SMITH"},{"data":"Static Discharge","floor":15,"key":"SMITH"},{"floor":23,"key":"REST"},{"floor":28,"key":"REST"}],"circlet_count":0,"master_deck":["Strike_B","Strike_B","Strike_B","Strike_B+1","Defend_B+1","Defend_B","Defend_B","Defend_B","Zap+1","Dualcast+1","Glacier","Conserve Battery","Conserve Battery","Rainbow+1","ReplayRNGCard","Static Discharge+1","Crystallizer+1","Chill+1","Static Discharge","Apotheosis","Blind","hubris:Sloth","Blizzard"],"relics":["Cracked Core","conspire:GiftBox","Simple Rune","energizedSpire:EnergizedDie","Blood Vial","halation:VictoryRuler"],"acts_visited":["Exordium","TheCity"],"potions_floor_usage":[],"damage_taken":[{"damage":2,"enemies":"Jaw Worm","floor":1,"turns":3},{"damage":0,"enemies":"Cultist","floor":3,"turns":3},{"damage":0,"enemies":"2 Louse","floor":4,"turns":3},{"damage":0,"enemies":"2 Fungi Beasts","floor":5,"turns":3},{"damage":22,"enemies":"Replay:BlueRogue","floor":7,"turns":11},{"damage":1,"enemies":"conspire:2 RoseBushes","floor":8,"turns":4},{"damage":2,"enemies":"Exordium Thugs","floor":12,"turns":3},{"damage":0,"enemies":"Looter","floor":14,"turns":3},{"damage":36,"enemies":"Slime Boss","floor":16,"turns":9},{"damage":8,"enemies":"Shell Parasite","floor":18,"turns":5},{"damage":15,"enemies":"Snake Plant","floor":19,"turns":4},{"damage":17,"enemies":"conspire:HollyBat","floor":20,"turns":7},{"damage":17,"enemies":"Cultist and Chosen","floor":22,"turns":6},{"damage":48,"enemies":"Slavers","floor":29,"turns":5}],"seed_played":"3430306181459572811","potions_obtained":[{"floor":3,"key":"Flashbang"},{"floor":19,"key":"Dexterity Potion"}],"is_trial":false,"path_per_floor":["M","?","M","M","M","R","E","M","T","R","$","M","$","M","R","B",null,"M","M","M","$","M","R","?","?","T","$","R","E"],"character_chosen":"DEFECT","items_purchased":["Simple Rune","Static Discharge","Static Discharge","Blizzard"],"campfire_rested":2,"item_purchase_floors":[11,13,21,27],"current_hp_per_floor":[73,73,73,73,73,73,51,50,50,50,50,48,48,48,48,12,75,67,52,35,35,18,40,40,20,20,20,42,0,0],"gold":85,"neow_bonus":"UPGRADE_CARD","is_daily":false,"chose_seed":false,"campfire_upgraded":3,"win_rate":0.0,"timestamp":1609680866,"path_taken":["M","?","M","M","?","R","E","M","T","R","?","M","$","M","R","BOSS","M","M","M","$","M","R","?","?","T","$","R","E"],"items_purchased_type":["Relic","Card","Card","Card"],"build_version":"2020-12-22","purchased_purges":0,"victory":false,"max_hp_per_floor":[75,75,75,75,75,75,75,75,75,75,75,75,75,75,75,75,75,75,75,75,75,75,75,75,75,75,75,75,75,75],"card_choices":[{"not_picked":["Steam","Turbo"],"picked":"Glacier","floor":1},{"not_picked":["ReplaySort","Stack"],"picked":"Conserve Battery","floor":3},{"not_picked":["Ball Lightning","Redo"],"picked":"Conserve Battery","floor":4},{"not_picked":["Compile Driver","Stack","Streamline"],"picked":"SKIP","floor":5},{"not_picked":["Fission","Mirror Shield"],"picked":"Rainbow","floor":7},{"not_picked":["Turbo","Cold Snap"],"picked":"ReplayRNGCard","floor":7},{"not_picked":["Coolheaded","Barrage","Redo"],"picked":"SKIP","floor":8},{"not_picked":["Compile Driver","Steam","Doom and Gloom"],"picked":"SKIP","floor":12},{"not_picked":["Undo","Gash","Compile Driver"],"picked":"SKIP","floor":14},{"not_picked":["Compile Driver+1","Steam+1"],"picked":"Crystallizer+1","floor":18},{"not_picked":["FTL+1","Rebound"],"picked":"Chill+1","floor":19},{"not_picked":["Leap","Streamline","Ball Lightning"],"picked":"SKIP","floor":20},{"not_picked":["Skim","Rebound","Coolheaded"],"picked":"SKIP","floor":22},{"not_picked":["ReplayUltimateDefense","Dark Shackles"],"picked":"Apotheosis","floor":24},{"not_picked":["Specialist","HandOfGreed"],"picked":"Blind","floor":24}],"player_experience":601065,"relics_obtained":[{"floor":7,"key":"conspire:GiftBox"},{"floor":26,"key":"halation:VictoryRuler"}],"event_choices":[{"damage_healed":0,"gold_gain":0,"player_choice":"Bought 0 Potions","damage_taken":0,"max_hp_gain":0,"max_hp_loss":0,"event_name":"The Woman in Blue","floor":2,"gold_loss":0},{"damage_healed":0,"gold_gain":2,"player_choice":"1","damage_taken":0,"max_hp_gain":0,"max_hp_loss":0,"event_name":"betterStone:BetterStone","floor":24,"gold_loss":0},{"damage_healed":0,"gold_gain":0,"player_choice":" Vial ","damage_taken":20,"relics_obtained":["Blood Vial"],"max_hp_gain":40,"max_hp_loss":20,"event_name":"betterAltar:BetterAltar","floor":25,"potions_obtained":[],"relics_lost":[],"gold_loss":0}],"is_beta":false,"boss_relics":[{"not_picked":["Coffee Dripper","Astrolabe"],"picked":"energizedSpire:EnergizedDie"}],"items_purged_floors":[],"is_endless":false,"potions_floor_spawned":[1,3,4,7,18,19],"killed_by":"Slavers","ascension_level":3}}