{"host":"8ps3pfk2b2drr3ex","time":1609698888,"event":{"mods":["2.2 Compatiblity","AchievementEnabler","Act Like it!","BaseMod","Bestiary","Better Match","BetterRewards","Card Forge","Colored Map","Colored Powertips","Conspire","Downfall","Evolution","Friendly Minions","Gensokyo","GifTheSpireLib","Gold Saver","Hallownest","Hubris","Minty Spire (QoL Compilation)","Permanent Neow","Random Character Button","Random Character Mod","Rare Cards Sparkle","Relic Filter","Replay The Spire","Shop Mod","StSLib","Stuff the Spire","The Bug Knight"],"gold_per_floor":[1212,1225,1244,1169,472,486,486,516,323,358,358,358,411,430,441,540,540,540,560,560,576,588,438,438,456,381,391,391,425,410,410,420,519,519,519,534,546,329,329,359,359,392,556,556,556,581,581,262,282,282,282,310,23,23,23,23],"floor_reached":55,"playtime":11182,"items_purged":["HollowMod:QuickDashStart","HollowMod:NailStrikeStart","HollowMod:QuickDashStart","HollowMod:QuickDashStart","HollowMod:NailStrikeStart"],"score":931,"play_id":"3ea030a1-23ff-4161-84b3-509908397037","local_time":"20210103133448","is_ascension_mode":true,"campfire_choices":[{"data":"HollowMod:BaldurShell","floor":1.0,"key":"SMITH"},{"data":"HollowMod:FocusHealStart","floor":18.0,"key":"SMITH"},{"floor":23.0,"key":"RECALL"},{"data":"HollowMod:LifebloodCore","floor":26.0,"key":"SMITH"},{"data":"HollowMod:SoulSplash","floor":35.0,"key":"SMITH"},{"data":"HollowMod:VengefulSpirit","floor":45.0,"key":"SMITH"},{"data":"HollowMod:ElderbugsWisdom","floor":54.0,"key":"SMITH"}],"circlet_count":0,"master_deck":["HollowMod:NailStrikeStart+1","HollowMod:QuickDashStart","HollowMod:FocusHealStart+1","HollowMod:PogoStrike","HollowMod:BaldurShell+1","HollowMod:SiblingsSouls","HollowMod:CloakDash","HollowMod:DungDefenderAura+1","HollowMod:VengefulSpirit+1","HollowMod:DesolateDive","HollowMod:SiblingsSouls","HollowMod:SoulVessel","HollowMod:LifebloodCore+1","HollowMod:BaldurShell","HollowMod:ShapeofUnn","HollowMod:SoulSplash+1","HollowMod:GreatSlash+1","Hallownest:attackAdjustingAction","HollowMod:HuntersJournal+1","HollowMod:SoulStrike+1","HollowMod:NewLittleFool","HollowMod:CoiledNail+1","HollowMod:BaldurShell+1","HollowMod:QuirrelsAssistance","HollowMod:ElderbugsWisdom+1","HollowMod:DashSlash"],"relics":["HollowMod:VesselMask","Hammer of Thor","Seething Fire","Anvil of the Gods","EVO:Axolotl","conspire:Dentures","Toolbox","conspire:TopHat","Blood Vial","hubris:Towel","Hallownest:DreamNailRelic","hubris:BottledRain","Busted Crown","hubris:Icosahedron","downfall:HeartBlessingGreen","downfall:HeartBlessingBlue","Guardian:PocketSentry","downfall:HeartBlessingRed","HornCleat","Replay:Wax Seal","SlaversCollar","conspire:BottledYoYo","Replay:Bottled Snecko","Whetstone","StuffTheSpire:Mouthbags","DollysMirror","Ornamental Fan","HollowMod:MillibellesNoteRelic"],"acts_visited":["Hallownest:Greenpath","Hallownest:CityofTears","TheBeyond","TheEnding"],"potions_floor_usage":[55,55],"damage_taken":[{"damage":4.0,"enemies":"Hallownest:2_Baldur","floor":2.0,"turns":6.0},{"damage":6.0,"enemies":"Hallownest:2_Tiktiks_and_1_Crawlid","floor":3.0,"turns":5.0},{"damage":0.0,"enemies":"downfall:FleeingMerchant","floor":5.0,"turns":4.0},{"damage":7.0,"enemies":"Hallownest:monsterHuskGuard","floor":6.0,"turns":6.0},{"damage":49.0,"enemies":"Hallownest:eliteCrystalGuardian","floor":8.0,"turns":10.0},{"damage":0.0,"enemies":"downfall:FleeingMerchant","floor":9.0,"turns":4.0},{"damage":3.0,"enemies":"Hallownest:eliteMossKnight","floor":10.0,"turns":9.0},{"damage":20.0,"enemies":"Hallownest:eliteCrystalGuardian","floor":13.0,"turns":11.0},{"damage":0.0,"enemies":"Hallownest:monsterAspidMother","floor":14.0,"turns":14.0},{"damage":22.0,"enemies":"Hallownest:2_Tiktiks_1_Baldur_1_Crawlid","floor":15.0,"turns":4.0},{"damage":0.0,"enemies":"downfall:Watcher","floor":16.0,"turns":17.0},{"damage":5.0,"enemies":"Hallownest:2_Mistakes","floor":19.0,"turns":11.0},{"damage":11.0,"enemies":"Hallownest:Flukemon_and_Top","floor":21.0,"turns":6.0},{"damage":19.0,"enemies":"Hallownest:Master_and_Novice","floor":22.0,"turns":5.0},{"damage":8.0,"enemies":"Hallownest:monsterShrumalOgre","floor":25.0,"turns":6.0},{"damage":7.0,"enemies":"Hallownest:3_Mistakes","floor":27.0,"turns":10.0},{"damage":18.0,"enemies":"Hallownest:eliteWatcherKnight","floor":29.0,"turns":13.0},{"damage":0.0,"enemies":"downfall:FleeingMerchant","floor":30.0,"turns":4.0},{"damage":0.0,"enemies":"Hallownest:monsterMisterMushroom","floor":31.0,"turns":9.0},{"damage":6.0,"enemies":"Hallownest:monsterShrumalOgre","floor":32.0,"turns":5.0},{"damage":4.0,"enemies":"downfall:Defect","floor":33.0,"turns":13.0},{"damage":6.0,"enemies":"Orb Walker","floor":36.0,"turns":2.0},{"damage":0.0,"enemies":"3 Shapes","floor":37.0,"turns":5.0},{"damage":0.0,"enemies":"downfall:FleeingMerchant","floor":38.0,"turns":4.0},{"damage":26.0,"enemies":"Nemesis","floor":40.0,"turns":9.0},{"damage":0.0,"enemies":"Giant Head","floor":42.0,"turns":8.0},{"damage":2.0,"enemies":"downfall:FleeingMerchant","floor":43.0,"turns":4.0},{"damage":19.0,"enemies":"Reptomancer","floor":46.0,"turns":7.0},{"damage":34.0,"enemies":"Jaw Worm Horde","floor":49.0,"turns":3.0},{"damage":15.0,"enemies":"downfall:Silent","floor":50.0,"turns":9.0},{"damage":23.0,"enemies":"downfall:CharBossMerchant","floor":52.0,"turns":11.0},{"damage":92,"enemies":"downfall:NeowBoss","floor":55,"turns":47}],"seed_played":"2917075234820292861","potions_obtained":[{"floor":3.0,"key":"ColorlessPotion"},{"floor":6.0,"key":"Elixir"},{"floor":8.0,"key":"Elixir"},{"floor":10.0,"key":"SkillPotion"},{"floor":13.0,"key":"Dexterity Potion"},{"floor":21.0,"key":"Slimebound:ThreeZeroPotion"},{"floor":29.0,"key":"DuplicationPotion"},{"floor":33.0,"key":"EssenceOfSteel"},{"floor":52.0,"key":"Regen Potion"}],"is_trial":false,"path_per_floor":["R","M","M","?","$","M","T","E","$","E","?","?","E","M","M","B",null,"R","M","?","M","M","R","T","M","R","M","T","E","$","M","M","B",null,"R","M","M","$","?","E","T","E","$","?","R","E","?","$","M","B",null,"E","$","R","B"],"character_chosen":"THE_BUGKNIGHT","items_purchased":["conspire:Dentures","Toolbox","HollowMod:DesolateDive","HollowMod:SiblingsSouls","HollowMod:SoulVessel","HollowMod:BaldurShell","HollowMod:SoulStrike","Swift Potion","HollowMod:NewLittleFool","DollysMirror","HollowMod:MillibellesNoteRelic","HollowMod:ElderbugsWisdom"],"campfire_rested":0,"item_purchase_floors":[5,5,5,5,5,9,38,38,43,48,53,53],"current_hp_per_floor":[75,75,75,75,75,74,74,40,46,53,53,53,41,69,49,51,75,75,70,70,71,60,70,70,70,70,77,77,71,73,75,71,79,85,85,79,81,83,83,65,65,67,73,73,73,62,62,62,30,17,85,68,68,68,0,0],"gold":23,"neow_bonus":"THREE_CARDS","is_daily":false,"chose_seed":false,"campfire_upgraded":6,"win_rate":0.0,"timestamp":1609698888,"path_taken":["R","M","M","?","$","M","T","E","$","E","?","?","E","?","M","BOSS","R","M","?","M","M","R","T","M","R","M","?","E","$","M","M","BOSS","R","M","?","$","?","E","T","E","$","?","R","E","?","?","M","BOSS","E","$","R","BOSS"],"items_purchased_type":["Relic","Relic","Card","Card","Card","Card","Card","Potion","Card","Relic","Relic","Card"],"build_version":"2020-12-22","purchased_purges":5,"victory":false,"max_hp_per_floor":[75,75,75,75,75,75,75,75,75,75,75,75,75,75,75,75,75,75,75,75,75,75,85,85,85,85,85,85,85,85,85,85,85,85,85,85,85,85,85,85,85,85,85,85,85,85,85,85,85,85,85,85,85,85,85,85],"card_choices":[{"not_picked":["HollowMod:GrimmsGift","HollowMod:GoodIntentions"],"picked":"HollowMod:BaldurShell","floor":0.0},{"not_picked":["HollowMod:DoubleDash","HollowMod:ChannelNail"],"picked":"HollowMod:SiblingsSouls","floor":2.0},{"not_picked":["HollowMod:GoodIntentions","HollowMod:CycloneSlash"],"picked":"HollowMod:CloakDash","floor":3.0},{"not_picked":["HollowMod:LuriensSpire+1","HollowMod:DreamGate+1"],"picked":"HollowMod:DungDefenderAura+1","floor":4.0},{"not_picked":["HollowMod:FastStrike","HollowMod:MothsMistake"],"picked":"HollowMod:VengefulSpirit","floor":5.0},{"not_picked":["HollowMod:WraithStrike","HollowMod:TaintedHusks"],"picked":"HollowMod:DashSlash","floor":6.0},{"not_picked":["HollowMod:NewJinnsSoul","HollowMod:DoubleDash"],"picked":"HollowMod:LifebloodCore","floor":8.0},{"not_picked":["HollowMod:ChannelNail","HollowMod:NewLittleFool","HollowMod:CloakDash"],"picked":"SKIP","floor":9.0},{"not_picked":["HollowMod:TaintedHusks","HollowMod:SoulSplash"],"picked":"HollowMod:ShapeofUnn","floor":10.0},{"not_picked":["HollowMod:SharpenedShadows","HollowMod:CrystalDash","HollowMod:LifebloodCocoon"],"picked":"SKIP","floor":13.0},{"not_picked":["HollowMod:SiblingsSouls","HollowMod:RecoilStrike","HollowMod:GrimmsGift"],"picked":"SKIP","floor":14.0},{"not_picked":["HollowMod:MawleksShell","HollowMod:InfectedCysts"],"picked":"HollowMod:SoulSplash","floor":15.0},{"not_picked":["HollowMod:ShapeofUnn"],"picked":"SKIP","floor":19.0},{"not_picked":["HollowMod:BlackTendrils"],"picked":"SKIP","floor":21.0},{"not_picked":["HollowMod:DashSlash"],"picked":"SKIP","floor":22.0},{"not_picked":[],"picked":"HollowMod:GreatSlash+1","floor":25.0},{"not_picked":["HollowMod:DashSlash"],"picked":"SKIP","floor":27.0},{"not_picked":["HollowMod:FallenFury"],"picked":"SKIP","floor":29.0},{"not_picked":["HollowMod:DoubleDash"],"picked":"SKIP","floor":30.0},{"not_picked":["HollowMod:DescendingDark"],"picked":"SKIP","floor":31.0},{"not_picked":[],"picked":"HollowMod:HuntersJournal+1","floor":32.0},{"not_picked":["HollowMod:CornifersMapStart+1"],"picked":"SKIP","floor":36.0},{"not_picked":["HollowMod:DescendingDark+1"],"picked":"SKIP","floor":37.0},{"not_picked":["HollowMod:DoubleDash"],"picked":"SKIP","floor":38.0},{"not_picked":["HollowMod:AbyssShriek+1"],"picked":"SKIP","floor":40.0},{"not_picked":["HollowMod:HowlingWraiths"],"picked":"SKIP","floor":42.0},{"not_picked":[],"picked":"HollowMod:CoiledNail+1","floor":46.0},{"not_picked":[],"picked":"HollowMod:QuirrelsAssistance","floor":49.0},{"not_picked":["HollowMod:WraithStrike+1"],"picked":"SKIP","floor":52.0}],"player_experience":808448,"relics_obtained":[{"floor":8.0,"key":"conspire:TopHat"},{"floor":10.0,"key":"Blood Vial"},{"floor":13.0,"key":"hubris:BottledRain"},{"floor":24.0,"key":"Guardian:PocketSentry"},{"floor":28.0,"key":"HornCleat"},{"floor":29.0,"key":"Replay:Wax Seal"},{"floor":40.0,"key":"conspire:BottledYoYo"},{"floor":41.0,"key":"Replay:Bottled Snecko"},{"floor":42.0,"key":"Whetstone"},{"floor":46.0,"key":"StuffTheSpire:Mouthbags"},{"floor":52.0,"key":"Ornamental Fan"}],"event_choices":[{"damage_healed":0.0,"max_hp_gain":0.0,"max_hp_loss":0.0,"gold_gain":0.0,"event_name":"betterMatch:BetterMatch","player_choice":"2","floor":4.0,"gold_loss":0.0,"damage_taken":0.0,"cards_obtained":["betterMatch:UncommonCard"]}],"is_beta":false,"boss_relics":[{"not_picked":["hubris:Backtick","Kintsugi"],"picked":"Busted Crown"},{"not_picked":["Runic Pyramid","Coffee Dripper"],"picked":"SlaversCollar"}],"items_purged_floors":[5,9,38,43,48],"is_endless":false,"potions_floor_spawned":[3,6,8,10,13,21,29,32,33,40,49,52],"killed_by":"downfall:NeowBoss","ascension_level":1}}