{"host":"q5vpntglr38zhb0c","time":1609675013,"event":{"mods":["BaseMod","Colored Map","DeckTracker","Keyboard Shortcuts","Minty Spire (QoL Compilation)","Permanent Neow","StSLib","SuperFastMode","everything is the same but u backflip on backflip"],"gold_per_floor":[109,123,143,14,14,14,14,58,81,93,119,149,161,192,204,314,326,352,364,389,261,285,285,160,160,234,234,5,39,60,79,79,79,79],"floor_reached":33,"playtime":693,"items_purged":["Strike_G","Strike_G","Strike_G","Strike_G"],"score":534,"play_id":"f9937d8a-381e-4768-897b-99279483ff8c","local_time":"20210103205653","is_ascension_mode":true,"campfire_choices":[{"data":"Bouncing Flask","floor":6.0,"key":"SMITH"},{"data":"Deadly Poison","floor":13.0,"key":"SMITH"},{"data":"Neutralize","floor":15.0,"key":"SMITH"},{"floor":23.0,"key":"REST"},{"floor":25.0,"key":"REST"},{"floor":32,"key":"REST"}],"circlet_count":0,"master_deck":["AscendersBane","Defend_G","Defend_G","Defend_G","Defend_G","Defend_G","Survivor","Neutralize+1","Bouncing Flask+1","Deadly Poison+1","Escape Plan","Backflip","After Image","Noxious Fumes","Backflip+1","Tactician"],"relics":["Ring of the Snake","Oddly Smooth Stone","Akabeko","Golden Idol","Turnip","MawBank","Strawberry","Fusion Hammer","Pen Nib"],"acts_visited":["Exordium","TheCity"],"potions_floor_usage":[31,33,33],"damage_taken":[{"damage":0.0,"enemies":"2 Louse","floor":1.0,"turns":3.0},{"damage":3.0,"enemies":"Jaw Worm","floor":2.0,"turns":5.0},{"damage":0.0,"enemies":"Small Slimes","floor":3.0,"turns":3.0},{"damage":36.0,"enemies":"3 Sentries","floor":8.0,"turns":12.0},{"damage":5.0,"enemies":"Gremlin Gang","floor":11.0,"turns":5.0},{"damage":0.0,"enemies":"Looter","floor":12.0,"turns":3.0},{"damage":0.0,"enemies":"Lots of Slimes","floor":14.0,"turns":1.0},{"damage":1.0,"enemies":"The Guardian","floor":16.0,"turns":9.0},{"damage":15.0,"enemies":"Shell Parasite","floor":18.0,"turns":4.0},{"damage":15.0,"enemies":"Chosen","floor":20.0,"turns":4.0},{"damage":0.0,"enemies":"Centurion and Healer","floor":22.0,"turns":9.0},{"damage":7,"enemies":"Book of Stabbing","floor":29,"turns":7},{"damage":47,"enemies":"Chosen and Byrds","floor":30,"turns":7},{"damage":0,"enemies":"3 Cultists","floor":31,"turns":6},{"damage":35,"enemies":"Automaton","floor":33,"turns":8}],"seed_played":"-5500722931582675883","potions_obtained":[{"floor":8.0,"key":"DuplicationPotion"},{"floor":11.0,"key":"AttackPotion"},{"floor":16.0,"key":"Explosive Potion"},{"floor":30,"key":"Block Potion"},{"floor":31,"key":"AttackPotion"}],"is_trial":false,"path_per_floor":["M","M","M","$","?","R","?","E","T","T","M","M","R","M","R","B",null,"M","?","M","$","M","R","$","R","T","?","$","E","M","M","R","B"],"character_chosen":"THE_SILENT","items_purchased":["Backflip","Noxious Fumes","Tactician"],"campfire_rested":3,"item_purchase_floors":[4,21,28],"current_hp_per_floor":[59,56,56,56,51,51,51,15,15,22,17,17,17,17,17,16,54,39,39,24,24,24,44,44,64,64,64,64,57,10,10,30,0,0],"gold":79,"neow_bonus":"RANDOM_COMMON_RELIC","is_daily":false,"chose_seed":false,"campfire_upgraded":3,"win_rate":0.0,"timestamp":1609675013,"path_taken":["M","M","M","$","?","R","?","E","T","?","M","M","R","M","R","BOSS","M","?","M","$","M","R","$","R","T","?","$","E","M","M","R","BOSS"],"items_purchased_type":["Card","Card","Card"],"build_version":"2020-12-22","purchased_purges":4,"victory":false,"max_hp_per_floor":[66,66,66,66,66,66,60,60,60,67,67,67,67,67,67,67,67,67,67,67,67,67,67,67,67,67,67,67,67,67,67,67,67,67],"card_choices":[{"not_picked":["Outmaneuver","Bane"],"picked":"Bouncing Flask","floor":1.0},{"not_picked":["Outmaneuver","Endless Agony"],"picked":"Deadly Poison","floor":2.0},{"not_picked":["Bane","PiercingWail"],"picked":"Escape Plan","floor":3.0},{"not_picked":["Backstab","Prepared","Eviscerate"],"picked":"SKIP","floor":8.0},{"not_picked":["All Out Attack","Dagger Spray","Bouncing Flask"],"picked":"SKIP","floor":11.0},{"not_picked":["Outmaneuver","Underhanded Strike","Cloak And Dagger"],"picked":"SKIP","floor":12.0},{"not_picked":["Acrobatics","Outmaneuver","Poisoned Stab"],"picked":"SKIP","floor":14.0},{"not_picked":["Acrobatics","Outmaneuver","Poisoned Stab"],"picked":"SKIP","floor":14.0},{"not_picked":["Doppelganger","Die Die Die"],"picked":"After Image","floor":16.0},{"not_picked":["Slice","Outmaneuver","Eviscerate+1"],"picked":"SKIP","floor":18.0},{"not_picked":["Concentrate","Dagger Spray+1","Deflect"],"picked":"SKIP","floor":20.0},{"not_picked":["Cloak And Dagger","Deflect"],"picked":"Backflip+1","floor":22.0},{"not_picked":["Poisoned Stab","Quick Slash+1","Storm of Steel"],"picked":"SKIP","floor":29},{"not_picked":["Sucker Punch","Backflip+1","Bane"],"picked":"SKIP","floor":30},{"not_picked":["Prepared","Flying Knee+1","Bane"],"picked":"SKIP","floor":31}],"player_experience":1310498,"relics_obtained":[{"floor":8.0,"key":"Turnip"},{"floor":9.0,"key":"MawBank"},{"floor":10.0,"key":"Strawberry"},{"floor":29,"key":"Pen Nib"}],"event_choices":[{"damage_healed":0.0,"max_hp_gain":0.0,"max_hp_loss":0.0,"gold_gain":0.0,"event_name":"Scrap Ooze","player_choice":"Success","floor":5.0,"gold_loss":0.0,"damage_taken":5.0,"relics_obtained":["Akabeko"]},{"damage_healed":0.0,"max_hp_gain":0.0,"max_hp_loss":6.0,"gold_gain":0.0,"event_name":"Golden Idol","player_choice":"Lose Max HP","floor":7.0,"gold_loss":0.0,"damage_taken":0.0,"relics_obtained":["Golden Idol"]},{"damage_healed":0.0,"max_hp_gain":0.0,"max_hp_loss":0.0,"gold_gain":0.0,"event_name":"Ghosts","player_choice":"Ignored","floor":19.0,"gold_loss":0.0,"damage_taken":0.0},{"cards_removed":["Strike_G"],"damage_healed":0,"gold_gain":0,"player_choice":"Elegance","damage_taken":0,"max_hp_gain":0,"max_hp_loss":0,"event_name":"Back to Basics","floor":27,"gold_loss":0}],"is_beta":false,"boss_relics":[{"not_picked":["Velvet Choker","Ectoplasm"],"picked":"Fusion Hammer"}],"items_purged_floors":[4,21,24,28],"is_endless":false,"potions_floor_spawned":[8,11,16,30,31],"killed_by":"Automaton","ascension_level":20}}