{"host":"yuhy0i501zzmn1iz","time":1609698180,"event":{"mods":["AchievementEnabler","AlwaysNeverKeys","BaseMod","Bestiary","Better Match","Better Third Choice","Curses Come First","Downfall","Minty Spire (QoL Compilation)","StSLib","The Blue Laboratory","slay the spire mod where everything is the same but ironclad has a cowboy hat"],"gold_per_floor":[115,115,80,80,98,124,124,154,154,0,18,18,18,37,37,142,142,161,161,24,24,24,52,52,78,78,96,126,126,1,12,12,109,109,126,126,144,160,35,35,64,83,109,109,109],"floor_reached":44,"playtime":1842,"items_purged":[],"score":602,"play_id":"c1f6217d-a9e3-4bb0-8834-560b72c498d7","local_time":"20210103132300","is_ascension_mode":true,"campfire_choices":[{"floor":7.0,"key":"REST"},{"data":"Dualcast","floor":13.0,"key":"SMITH"},{"data":"Go for the Eyes","floor":15.0,"key":"SMITH"},{"data":"Dramatic Entrance","floor":24.0,"key":"SMITH"},{"floor":29.0,"key":"REST"},{"data":"Double Energy","floor":32.0,"key":"SMITH"},{"floor":40,"key":"REST"}],"circlet_count":0,"master_deck":["Defend_B","Defend_B+1","Defend_B","Defend_B","Zap+1","Dualcast+1","Capacitor","Genetic Algorithm","Scrape","Steam","Enlightenment","Loop","Go for the Eyes+1","Reboot","Streamline+1","Go for the Eyes","Dramatic Entrance+1","Bite","Bite","Bite","Bite","Bite","Leap","Aggregate","Steam","Gash","Double Energy+1","Streamline+1","Meteor Strike","Steam+1","Scrape","Melter","Hologram","Sweeping Beam","FTL","Auto Shields+1","Redo"],"relics":["Cracked Core","Juzu Bracelet","War Paint","Vajra","Mercury Hourglass","White Beast Statue","Bronze Scales","Runic Pyramid","Gremlin Horn","Mummified Hand","Frozen Egg 2","Cables","CaptainsWheel","Nuclear Battery","Toy Ornithopter"],"acts_visited":["Exordium","TheCity","TheBeyond"],"potions_floor_usage":[44],"damage_taken":[{"damage":6.0,"enemies":"Jaw Worm","floor":1.0,"turns":4.0},{"damage":0.0,"enemies":"Small Slimes","floor":5.0,"turns":2.0},{"damage":47.0,"enemies":"3 Sentries","floor":6.0,"turns":9.0},{"damage":21.0,"enemies":"Gremlin Nob","floor":8.0,"turns":4.0},{"damage":2.0,"enemies":"2 Louse","floor":11.0,"turns":2.0},{"damage":0.0,"enemies":"2 Fungi Beasts","floor":14.0,"turns":2.0},{"damage":7.0,"enemies":"Slime Boss","floor":16.0,"turns":7.0},{"damage":4.0,"enemies":"Chosen","floor":18.0,"turns":3.0},{"damage":8.0,"enemies":"Gremlin Leader","floor":23.0,"turns":5.0},{"damage":30.0,"enemies":"Book of Stabbing","floor":25.0,"turns":4.0},{"damage":0.0,"enemies":"3 Byrds","floor":27.0,"turns":2.0},{"damage":23.0,"enemies":"Slavers","floor":28.0,"turns":4.0},{"damage":18.0,"enemies":"Snecko","floor":31.0,"turns":4.0},{"damage":40,"enemies":"Automaton","floor":33,"turns":10},{"damage":10,"enemies":"3 Shapes","floor":35,"turns":3},{"damage":3,"enemies":"3 Darklings","floor":37,"turns":3},{"damage":27,"enemies":"Transient","floor":38,"turns":5},{"damage":57,"enemies":"Nemesis","floor":41,"turns":5},{"damage":4,"enemies":"4 Shapes","floor":42,"turns":3},{"damage":32,"enemies":"Giant Head","floor":44,"turns":7}],"seed_played":"4002699840380610440","potions_obtained":[{"floor":6.0,"key":"blueLaboratory:FrostheartPotion"},{"floor":11.0,"key":"Ancient Potion"},{"floor":14.0,"key":"blueLaboratory:PhilterOfMotion"},{"floor":16.0,"key":"blueLaboratory:SystemWipe"},{"floor":18.0,"key":"SkillPotion"},{"floor":25.0,"key":"PotionOfCapacity"},{"floor":27.0,"key":"blueLaboratory:BubblePotion"},{"floor":28.0,"key":"blueLaboratory:FruitPunch"},{"floor":31.0,"key":"Explosive Potion"},{"floor":33,"key":"CultistPotion"},{"floor":41,"key":"LiquidBronze"}],"is_trial":false,"path_per_floor":["M","?","?","?","M","E","R","E","T","?","M","?","R","M","R","B",null,"M","?","$","?","T","E","R","E","T","M","E","R","$","M","R","B",null,"M","?","M","M","$","R","E","M","T","E"],"character_chosen":"DEFECT","items_purchased":["Go for the Eyes","Dramatic Entrance","Gash","Double Energy","Sweeping Beam","FTL"],"campfire_rested":3,"item_purchase_floors":[20,20,30,30,39,39],"current_hp_per_floor":[69,51,69,74,74,27,51,30,30,36,34,34,34,34,34,27,86,82,65,65,63,63,63,63,37,37,45,24,42,42,34,34,16,65,57,57,56,35,35,54,5,7,7,0,0],"gold":109,"neow_bonus":"RANDOM_COMMON_RELIC","is_daily":false,"chose_seed":false,"campfire_upgraded":4,"win_rate":0.0,"timestamp":1609698180,"path_taken":["M","?","?","?","M","E","R","E","T","?","M","?","R","M","R","BOSS","M","?","$","?","?","E","R","E","T","M","E","R","$","M","R","BOSS","M","?","M","M","$","R","E","M","T","E"],"items_purchased_type":["Card","Card","Card","Card","Card","Card"],"build_version":"2020-12-22","purchased_purges":0,"victory":false,"max_hp_per_floor":[75,75,75,80,80,80,80,80,80,86,86,86,86,86,86,86,86,86,91,91,63,63,63,63,63,63,63,63,63,63,65,65,65,65,65,65,65,65,65,65,65,65,65,65,65],"card_choices":[{"not_picked":["Compile Driver","Go for the Eyes"],"picked":"Capacitor","floor":1.0},{"not_picked":["Coolheaded","Redo"],"picked":"Genetic Algorithm","floor":5.0},{"not_picked":["Steam","Go for the Eyes"],"picked":"Scrape","floor":6.0},{"not_picked":["Biased Cognition","Compile Driver"],"picked":"Steam","floor":8.0},{"not_picked":["Leap","Stack"],"picked":"Loop","floor":11.0},{"not_picked":["Turbo","Loop"],"picked":"Go for the Eyes","floor":14.0},{"not_picked":["Creative AI","Core Surge"],"picked":"Reboot","floor":16.0},{"not_picked":["Stack","Undo"],"picked":"Streamline+1","floor":18.0},{"not_picked":["Barrage","Conserve Battery","Stack"],"picked":"SKIP","floor":23.0},{"not_picked":["Streamline+1","Compile Driver"],"picked":"Leap","floor":25.0},{"not_picked":["Force Field","Sweeping Beam"],"picked":"Aggregate","floor":27.0},{"not_picked":["Stack","Reboot"],"picked":"Steam","floor":28.0},{"not_picked":["Ball Lightning+1","Barrage+1"],"picked":"Streamline+1","floor":31.0},{"not_picked":["Fission","Multi-Cast"],"picked":"Meteor Strike","floor":33},{"not_picked":["Cold Snap","Heatsinks+1"],"picked":"Steam+1","floor":35},{"not_picked":["Streamline+1","Leap+1"],"picked":"Melter","floor":37},{"not_picked":["Capacitor+1","Melter"],"picked":"Hologram","floor":38},{"not_picked":["Conserve Battery+1","White Noise"],"picked":"Auto Shields+1","floor":41},{"not_picked":["Compile Driver+1","Force Field"],"picked":"Redo","floor":42}],"player_experience":259464,"relics_obtained":[{"floor":6.0,"key":"Vajra"},{"floor":8.0,"key":"Mercury Hourglass"},{"floor":9.0,"key":"White Beast Statue"},{"floor":22.0,"key":"Gremlin Horn"},{"floor":23.0,"key":"Mummified Hand"},{"floor":25.0,"key":"Frozen Egg 2"},{"floor":26.0,"key":"Cables"},{"floor":28.0,"key":"CaptainsWheel"},{"floor":41,"key":"Toy Ornithopter"}],"event_choices":[{"damage_healed":0.0,"max_hp_gain":0.0,"max_hp_loss":0.0,"gold_gain":0.0,"event_name":"betterThird:BetterScrap","player_choice":"Relic ","floor":2.0,"gold_loss":0.0,"damage_taken":18.0,"cards_obtained":["Meditate"]},{"damage_healed":18.0,"max_hp_gain":0.0,"max_hp_loss":0.0,"gold_gain":0.0,"event_name":"The Cleric","player_choice":"Healed","floor":3.0,"gold_loss":35.0,"damage_taken":0.0},{"damage_healed":0.0,"max_hp_gain":5.0,"max_hp_loss":0.0,"gold_gain":0.0,"event_name":"Big Fish","player_choice":"Donut","floor":4.0,"gold_loss":0.0,"damage_taken":0.0},{"damage_healed":0.0,"max_hp_gain":0.0,"max_hp_loss":0.0,"gold_gain":0.0,"event_name":"betterThird:BetterSerpent","player_choice":"RENOUNCE","floor":10.0,"gold_loss":154.0,"damage_taken":154.0,"cards_obtained":["Enlightenment"]},{"damage_healed":0.0,"max_hp_gain":0.0,"max_hp_loss":0.0,"gold_gain":0.0,"event_name":"WeMeetAgain","player_choice":"Gave Potion","floor":12.0,"gold_loss":0.0,"damage_taken":0.0,"relics_obtained":["Bronze Scales"]},{"damage_healed":0.0,"max_hp_gain":5.0,"max_hp_loss":0.0,"gold_gain":0.0,"event_name":"Forgotten Altar","player_choice":"Shed Blood","floor":19.0,"gold_loss":0.0,"damage_taken":22.0},{"damage_healed":0.0,"max_hp_gain":0.0,"max_hp_loss":28.0,"gold_gain":0.0,"event_name":"Vampires","player_choice":"Became a vampire","floor":21.0,"gold_loss":0.0,"damage_taken":0.0,"cards_obtained":["Bite","Bite","Bite","Bite","Bite"]},{"damage_healed":0,"gold_gain":0,"player_choice":"Copied","damage_taken":0,"max_hp_gain":0,"max_hp_loss":0,"event_name":"Duplicator","floor":36,"gold_loss":0,"cards_obtained":["Scrape"]}],"is_beta":false,"boss_relics":[{"not_picked":["SacredBark","SlaversCollar"],"picked":"Runic Pyramid"},{"not_picked":["Tiny House","Runic Dome"],"picked":"Nuclear Battery"}],"items_purged_floors":[],"is_endless":false,"potions_floor_spawned":[6,11,14,16,18,23,25,27,28,31,33,35,37,38,41,42],"killed_by":"Giant Head","ascension_level":2}}