{"host":"1tmagqyeywr2w44t","time":1609669574,"event":{"mods":["2.2 Compatiblity","BaseMod","Colored Powertips","Downfall","Marisa£¨Ùöéë¡¡Øª×âÞÞ£©","Minty Spire (QoL Compilation)","Rare Cards Sparkle","Replay The Spire","StSLib","SuperFastMode","The Cursed"],"gold_per_floor":[19,19,34,50,15,15,41,54,54,71,81,108,108,108,108,213,213,226,240,240,240,250,276,289,289,315,340,395,415,415,415,415,415,415],"floor_reached":33,"playtime":846,"items_purged":[],"score":359,"play_id":"0c3a530e-f710-496b-a0f3-c9d91c3740c7","local_time":"20210103192614","is_ascension_mode":true,"campfire_choices":[{"data":"Searing Blow","floor":6,"key":"SMITH"},{"data":"Searing Blow+1","floor":13,"key":"SMITH"},{"data":"ReplayTheSpireMod:LeadingStrike","floor":15,"key":"SMITH"},{"data":"Searing Blow+2","floor":25,"key":"SMITH"},{"data":"Searing Blow+3","floor":30,"key":"SMITH"},{"data":"Double Tap","floor":32,"key":"SMITH"}],"circlet_count":0,"master_deck":["Strike_R","Strike_R","Strike_R","Strike_R","Defend_R","Defend_R","Defend_R","Bash","Twin Strike+1","Searing Blow+4","ReplayTheSpireMod:LeadingStrike+1","Flex","Iron Wave","Pot Of Greed","Pot Of Greed","Double Tap+1","Burning Pact+1","Dropkick","ReplayTheSpireMod:LeadingStrike+1"],"relics":["Burning Blood","Snack Pack","Divine Protection","Grinning Jar","Busted Crown","ReplayTheSpireMod:Ring of Challenge","Bag of Marbles","Vajra","Strawberry"],"acts_visited":["Exordium","TheCity"],"potions_floor_usage":[11,12,22,23,27,27,33,33],"damage_taken":[{"damage":13,"enemies":"Jaw Worm","floor":1,"turns":5},{"damage":6,"enemies":"Cultist","floor":3,"turns":3},{"damage":3,"enemies":"Small Slimes","floor":4,"turns":3},{"damage":35,"enemies":"Lagavulin","floor":7,"turns":6},{"damage":11,"enemies":"3 Louse","floor":8,"turns":3},{"damage":6,"enemies":"Exordium Thugs","floor":10,"turns":5},{"damage":0,"enemies":"Exordium Wildlife","floor":11,"turns":3},{"damage":8,"enemies":"Gremlin Nob","floor":12,"turns":3},{"damage":34,"enemies":"Hexaghost","floor":16,"turns":9},{"damage":22,"enemies":"2 Thieves","floor":18,"turns":4},{"damage":5,"enemies":"Shell Parasite","floor":19,"turns":3},{"damage":25,"enemies":"Snake Plant","floor":22,"turns":3},{"damage":42,"enemies":"Slavers","floor":23,"turns":6},{"damage":0,"enemies":"Snecko","floor":24,"turns":2},{"damage":39,"enemies":"Book of Stabbing","floor":27,"turns":4},{"damage":0,"enemies":"Centurion and Healer","floor":28,"turns":3},{"damage":11,"enemies":"Snake Plant","floor":29,"turns":2},{"damage":47,"enemies":"Collector","floor":33,"turns":3}],"seed_played":"2314310664144776447","potions_obtained":[{"floor":4,"key":"SteroidPotion"},{"floor":7,"key":"champ:CounterPotion"},{"floor":8,"key":"Explosive Potion"},{"floor":12,"key":"BloodPotion"},{"floor":19,"key":"Milkshake"},{"floor":22,"key":"Energy Potion"},{"floor":24,"key":"Toxic Potion"},{"floor":29,"key":"LiquidMemories"}],"is_trial":false,"path_per_floor":["M","?","M","M","$","R","E","M","T","M","M","E","R","?","R","B",null,"M","M","?","?","M","E","M","R","T","E","M","M","R","?","R","B"],"character_chosen":"IRONCLAD","items_purchased":["ReplayTheSpireMod:LeadingStrike"],"campfire_rested":0,"item_purchase_floors":[5],"current_hp_per_floor":[73,73,73,76,76,76,47,42,42,46,52,54,54,54,54,34,80,66,71,56,56,56,24,34,34,34,14,24,21,21,21,21,0,0],"gold":415,"neow_bonus":"REMOVE_TWO","is_daily":false,"chose_seed":false,"campfire_upgraded":6,"win_rate":0.0,"timestamp":1609669574,"path_taken":["M","?","M","M","?","R","E","M","T","M","?","E","R","?","R","BOSS","M","M","?","?","M","E","?","R","T","E","M","M","R","?","R","BOSS"],"items_purchased_type":["Card"],"build_version":"2020-12-22","purchased_purges":0,"victory":false,"max_hp_per_floor":[80,80,80,80,80,80,80,80,80,80,80,80,80,80,80,80,80,80,80,85,85,85,85,85,85,85,92,92,92,92,92,92,92,92],"card_choices":[{"not_picked":["Perfected Strike","Clothesline"],"picked":"Twin Strike","floor":1},{"not_picked":["Armaments","Body Slam"],"picked":"Searing Blow","floor":3},{"not_picked":["Wild Strike","Perfected Strike","Body Slam"],"picked":"SKIP","floor":4},{"not_picked":["Clothesline","Sword Boomerang"],"picked":"Flex","floor":7},{"not_picked":["Feel No Pain","Clash","Flex"],"picked":"SKIP","floor":8},{"not_picked":["Clothesline","Demon Form"],"picked":"Iron Wave","floor":10},{"not_picked":["Defy Death","Headbutt","Iron Wave"],"picked":"SKIP","floor":11},{"not_picked":["True Grit","Rampage","Pommel Strike"],"picked":"SKIP","floor":12},{"not_picked":["Reaper","Corruption"],"picked":"Double Tap","floor":16},{"not_picked":[],"picked":"Burning Pact+1","floor":18},{"not_picked":["Thunderclap"],"picked":"SKIP","floor":19},{"not_picked":[],"picked":"Dropkick","floor":22},{"not_picked":["Exhume"],"picked":"SKIP","floor":23},{"not_picked":["Clash"],"picked":"SKIP","floor":24},{"not_picked":["Whirlwind+1"],"picked":"SKIP","floor":27},{"not_picked":["ReplayTheSpireMod:Corrosion Curse"],"picked":"SKIP","floor":28},{"not_picked":["Thunderclap"],"picked":"SKIP","floor":29}],"player_experience":274204,"relics_obtained":[{"floor":7,"key":"Snack Pack"},{"floor":9,"key":"Divine Protection"},{"floor":12,"key":"Grinning Jar"},{"floor":21,"key":"ReplayTheSpireMod:Ring of Challenge"},{"floor":23,"key":"Bag of Marbles"},{"floor":26,"key":"Vajra"},{"floor":27,"key":"Strawberry"}],"event_choices":[{"damage_healed":0,"gold_gain":0,"player_choice":"Forge","damage_taken":0,"max_hp_gain":0,"max_hp_loss":0,"event_name":"Accursed Blacksmith","floor":2,"gold_loss":0,"cards_upgraded":["Twin Strike"]},{"damage_healed":0,"gold_gain":0,"player_choice":"Ignored","damage_taken":0,"max_hp_gain":0,"max_hp_loss":0,"event_name":"Liars Game","floor":14,"gold_loss":0},{"damage_healed":0,"gold_gain":0,"player_choice":"Shed Blood","damage_taken":20,"max_hp_gain":5,"max_hp_loss":0,"event_name":"Forgotten Altar","floor":20,"gold_loss":0},{"damage_healed":0,"gold_gain":0,"player_choice":"Copied","damage_taken":0,"max_hp_gain":0,"max_hp_loss":0,"event_name":"Duplicator","floor":31,"gold_loss":0,"cards_obtained":["ReplayTheSpireMod:LeadingStrike"]}],"is_beta":false,"boss_relics":[{"not_picked":["ReplayTheSpireMod:DimensionalGlitch","Runic Pyramid"],"picked":"Busted Crown"}],"items_purged_floors":[],"is_endless":false,"potions_floor_spawned":[4,7,8,12,19,22,24,29],"killed_by":"Collector","ascension_level":4}}