{"host":"og6lam4kt3nibbw0","time":1609700608,"event":{"mods":["AchievementEnabler","BaseMod","Colored Map","DeckTracker","Highlight Path","Keyboard Shortcuts","Minty Spire (QoL Compilation)","Permanent Neow","Quick Restart","StSLib","SuperFastMode"],"gold_per_floor":[113,38,49,49,62,62,82,82,82,111,111,130,130,160,160,236,236,251,271,300,300,300,300],"floor_reached":22,"playtime":743,"items_purged":["Strike_B"],"score":388,"play_id":"7eb99b03-29ff-4702-b398-a201f2b2e11d","local_time":"20210104040328","is_ascension_mode":true,"campfire_choices":[{"data":"Electrodynamics","floor":6.0,"key":"SMITH"},{"data":"Dualcast","floor":8.0,"key":"SMITH"},{"data":"Ball Lightning","floor":11.0,"key":"SMITH"},{"data":"Creative AI","floor":13.0,"key":"SMITH"},{"floor":15.0,"key":"REST"}],"circlet_count":0,"master_deck":["AscendersBane","Strike_B","Strike_B","Strike_B","Defend_B","Defend_B","Defend_B","Zap","Dualcast+1","Electrodynamics+1","Ball Lightning+1","Coolheaded","Conserve Battery","Creative AI+1","Capacitor","Thunder Strike","Turbo","Glacier","Core Surge"],"relics":["Cracked Core","Singing Bowl","Darkstone Periapt","Bottled Lightning","SlaversCollar","Red Mask"],"acts_visited":["Exordium","TheCity"],"potions_floor_usage":[],"damage_taken":[{"damage":7.0,"enemies":"Jaw Worm","floor":1.0,"turns":3.0},{"damage":6.0,"enemies":"Cultist","floor":3.0,"turns":3.0},{"damage":3.0,"enemies":"2 Louse","floor":5.0,"turns":2.0},{"damage":7.0,"enemies":"Gremlin Gang","floor":7.0,"turns":3.0},{"damage":8.0,"enemies":"Gremlin Nob","floor":10.0,"turns":3.0},{"damage":0.0,"enemies":"2 Fungi Beasts","floor":12.0,"turns":2.0},{"damage":30.0,"enemies":"3 Sentries","floor":14.0,"turns":3.0},{"damage":5.0,"enemies":"Slime Boss","floor":16.0,"turns":6.0},{"damage":16.0,"enemies":"Chosen","floor":18.0,"turns":5.0},{"damage":34.0,"enemies":"Shell Parasite","floor":19.0,"turns":5.0},{"damage":5.0,"enemies":"Masked Bandits","floor":20.0,"turns":2.0},{"damage":0,"enemies":"Snake Plant","floor":22,"turns":1}],"seed_played":"-7075773585377491549","potions_obtained":[{"floor":5.0,"key":"SkillPotion"},{"floor":14.0,"key":"SteroidPotion"},{"floor":16.0,"key":"Weak Potion"},{"floor":20.0,"key":"BlessingOfTheForge"}],"is_trial":false,"path_per_floor":["M","$","M","?","M","R","M","R","T","E","R","M","R","E","R","B",null,"M","M","?","?","M"],"character_chosen":"DEFECT","items_purchased":[],"campfire_rested":1,"item_purchase_floors":[],"current_hp_per_floor":[57,57,51,51,48,48,41,41,41,33,33,33,33,5,24,19,54,38,6,1,1,1,1],"gold":300,"neow_bonus":"THREE_RARE_CARDS","is_daily":false,"chose_seed":false,"campfire_upgraded":4,"win_rate":0.0,"timestamp":1609700608,"path_taken":["M","$","M","?","M","R","M","R","T","E","R","?","R","E","R","BOSS","M","?","?","?","M"],"items_purchased_type":[],"build_version":"2020-12-22","purchased_purges":1,"victory":false,"max_hp_per_floor":[64,64,64,64,64,64,64,64,64,64,64,64,64,66,66,66,66,66,68,68,68,68,68],"card_choices":[{"not_picked":["Creative AI","Reboot"],"picked":"Electrodynamics","floor":0.0},{"not_picked":["Streamline","Coolheaded"],"picked":"Ball Lightning","floor":1.0},{"not_picked":["Hologram","Cold Snap"],"picked":"Coolheaded","floor":3.0},{"not_picked":["Go for the Eyes","Steam","Fusion"],"picked":"SKIP","floor":5.0},{"not_picked":["Steam","Ball Lightning"],"picked":"Conserve Battery","floor":7.0},{"not_picked":["Gash","Go for the Eyes"],"picked":"Creative AI","floor":10.0},{"not_picked":["Ball Lightning","Cold Snap"],"picked":"Capacitor","floor":12.0},{"not_picked":["Multi-Cast","Hyperbeam","Melter"],"picked":"Singing Bowl","floor":14.0},{"not_picked":["All For One","Biased Cognition"],"picked":"Thunder Strike","floor":16.0},{"not_picked":["Sweeping Beam","Go for the Eyes+1"],"picked":"Turbo","floor":18.0},{"not_picked":["Compile Driver+1","Hologram","Aggregate"],"picked":"Singing Bowl","floor":19.0},{"not_picked":["Stack","Chill"],"picked":"Glacier","floor":20.0}],"player_experience":813369,"relics_obtained":[{"floor":9.0,"key":"Singing Bowl"},{"floor":10.0,"key":"Darkstone Periapt"},{"floor":14.0,"key":"Bottled Lightning"},{"floor":20.0,"key":"Red Mask"}],"event_choices":[{"cards_removed":["Defend_B"],"damage_healed":0.0,"max_hp_gain":0.0,"max_hp_loss":0.0,"gold_gain":0.0,"event_name":"Purifier","player_choice":"Purged","floor":4.0,"gold_loss":0.0,"damage_taken":0.0},{"damage_healed":0.0,"max_hp_gain":0.0,"max_hp_loss":0.0,"gold_gain":0.0,"event_name":"Masked Bandits","player_choice":"Fought Bandits","floor":20.0,"gold_loss":0.0,"damage_taken":0.0},{"damage_healed":0,"gold_gain":0,"player_choice":"1 cards matched","damage_taken":0,"max_hp_gain":0,"max_hp_loss":0,"event_name":"Match and Keep!","floor":21,"gold_loss":0,"cards_obtained":["Core Surge"]}],"is_beta":false,"boss_relics":[{"not_picked":["Cursed Key","Philosopher\u0027s Stone"],"picked":"SlaversCollar"}],"items_purged_floors":[2],"is_endless":false,"potions_floor_spawned":[5,14,16,20],"killed_by":"Snake Plant","ascension_level":20}}