{"host":"0ydzwspkajt4brzd","time":1609655310,"event":{"mods":["AchievementEnabler","BaseMod","Colored Map","DeckTracker","Highlight Path","Minty Spire (QoL Compilation)","Quick Restart","Random Character Button","Rare Cards Sparkle"],"gold_per_floor":[113,38,38,56,81,81,115,134,159,202,221,54,78,109,109,240,240,254,278,2,17,40,54,54,95,95,128,128,151,101,101,101,230,230,243,264,1263,438,453,453,453],"floor_reached":40,"playtime":3081,"items_purged":["Strike_R","Strike_R","Strike_R","Strike_R"],"score":719,"play_id":"b52529d1-26af-4d6d-b9f7-0e796edab757","local_time":"20210102222830","is_ascension_mode":true,"campfire_choices":[{"data":"Rampage","floor":6.0,"key":"SMITH"},{"floor":15.0,"key":"REST"},{"floor":24,"key":"REST"},{"floor":28,"key":"REST"},{"floor":32,"key":"REST"}],"circlet_count":0,"master_deck":["AscendersBane","Defend_R","Defend_R","Defend_R","Defend_R","Bash","Rampage+1","Iron Wave","Whirlwind","Pommel Strike","Flame Barrier","Reckless Charge","Anger+1","Brutality","Entrench","Clothesline","Apotheosis","Blood for Blood","Ghostly Armor","Pommel Strike+1","Spot Weakness","Wild Strike+1","Spot Weakness","J.A.X.","Barricade","Rupture+1","Chrysalis","Power Through"],"relics":["Burning Blood","Golden Idol","Nunchaku","Akabeko","Strawberry","Omamori","Smiling Mask","Snecko Eye","Juzu Bracelet","Turnip","Whetstone","Mark of Pain","HandDrill","Lantern","Dream Catcher"],"acts_visited":["Exordium","TheCity","TheBeyond"],"potions_floor_usage":[21,21,25,35,40,40],"damage_taken":[{"damage":16.0,"enemies":"Jaw Worm","floor":1.0,"turns":4.0},{"damage":1.0,"enemies":"Cultist","floor":4.0,"turns":4.0},{"damage":30.0,"enemies":"Lagavulin","floor":7.0,"turns":7.0},{"damage":0.0,"enemies":"2 Louse","floor":8.0,"turns":2.0},{"damage":25.0,"enemies":"3 Sentries","floor":10.0,"turns":7.0},{"damage":2.0,"enemies":"Looter","floor":11.0,"turns":3.0},{"damage":1.0,"enemies":"Exordium Wildlife","floor":13.0,"turns":2.0},{"damage":19.0,"enemies":"Gremlin Nob","floor":14.0,"turns":4.0},{"damage":47.0,"enemies":"Slime Boss","floor":16.0,"turns":13.0},{"damage":25,"enemies":"Spheric Guardian","floor":18,"turns":4},{"damage":6,"enemies":"3 Byrds","floor":19,"turns":4},{"damage":15,"enemies":"Centurion and Healer","floor":21,"turns":4},{"damage":13,"enemies":"Sentry and Sphere","floor":22,"turns":5},{"damage":14,"enemies":"Snecko","floor":23,"turns":4},{"damage":17,"enemies":"Gremlin Leader","floor":25,"turns":7},{"damage":10,"enemies":"Book of Stabbing","floor":27,"turns":4},{"damage":20,"enemies":"Shelled Parasite and Fungi","floor":29,"turns":5},{"damage":58,"enemies":"Champ","floor":33,"turns":10},{"damage":46,"enemies":"3 Darklings","floor":35,"turns":3},{"damage":12,"enemies":"3 Shapes","floor":36,"turns":6},{"damage":18,"enemies":"Maw","floor":39,"turns":6},{"damage":56,"enemies":"Nemesis","floor":40,"turns":2}],"seed_played":"-2243696650371048910","potions_obtained":[{"floor":1.0,"key":"Strength Potion"},{"floor":4.0,"key":"FairyPotion"},{"floor":18,"key":"LiquidMemories"},{"floor":19,"key":"Swift Potion"},{"floor":23,"key":"Swift Potion"},{"floor":33,"key":"PowerPotion"}],"is_trial":false,"path_per_floor":["M","$","?","M","T","R","E","M","T","E","M","$","M","E","R","B",null,"M","M","$","M","M","M","R","E","T","E","R","M","$","?","R","B",null,"M","M","?","$","M","E"],"character_chosen":"IRONCLAD","items_purchased":["Flame Barrier","Apotheosis","Blood for Blood","Ghostly Armor","HandDrill","Lantern","Dream Catcher","Chrysalis","LiquidMemories","LiquidBronze"],"campfire_rested":4,"item_purchase_floors":[12,20,20,20,38,38,38,38,38,38],"current_hp_per_floor":[62,62,42,47,47,47,23,29,36,17,21,21,26,13,39,32,73,54,54,54,45,38,30,56,45,45,41,67,53,53,53,79,27,72,32,26,26,26,14,0,0],"gold":453,"neow_bonus":"REMOVE_CARD","is_daily":false,"chose_seed":false,"campfire_upgraded":1,"win_rate":0.0,"timestamp":1609655310,"path_taken":["M","$","?","M","?","R","E","M","T","E","?","$","M","E","R","BOSS","M","M","$","M","M","M","R","E","T","E","R","M","?","?","R","BOSS","M","M","?","$","M","E"],"items_purchased_type":["Card","Card","Card","Card","Relic","Relic","Relic","Card","Potion","Potion"],"build_version":"2020-12-22","purchased_purges":4,"victory":false,"max_hp_per_floor":[80,80,80,80,80,80,80,80,87,87,87,87,87,87,87,87,87,87,87,87,87,87,87,87,87,87,87,87,87,87,87,87,87,87,87,87,87,87,87,87,87],"card_choices":[{"not_picked":["Rage","Burning Pact"],"picked":"Rampage","floor":1.0},{"not_picked":["Wild Strike","Perfected Strike"],"picked":"Iron Wave","floor":4.0},{"not_picked":["Searing Blow","Headbutt"],"picked":"Whirlwind","floor":7.0},{"not_picked":["Flex","Dropkick"],"picked":"Pommel Strike","floor":8.0},{"not_picked":["Anger","Sword Boomerang","Sever Soul"],"picked":"SKIP","floor":10.0},{"not_picked":["Heavy Blade","Cleave","Armaments"],"picked":"SKIP","floor":11.0},{"not_picked":["Flex","Dropkick"],"picked":"Reckless Charge","floor":13.0},{"not_picked":["Sword Boomerang","Twin Strike"],"picked":"Anger","floor":14.0},{"not_picked":["Bludgeon","Juggernaut"],"picked":"Brutality","floor":16.0},{"not_picked":["Hemokinesis+1","Sever Soul"],"picked":"Entrench","floor":18},{"not_picked":["Cleave","Pommel Strike"],"picked":"Clothesline","floor":19},{"not_picked":["Burning Pact","Body Slam"],"picked":"Pommel Strike","floor":21},{"not_picked":["Thunderclap","Feed","Whirlwind"],"picked":"SKIP","floor":22},{"not_picked":["Thunderclap","Infernal Blade"],"picked":"Spot Weakness","floor":23},{"not_picked":["Hemokinesis","Rampage"],"picked":"Wild Strike+1","floor":25},{"not_picked":["Whirlwind+1","Second Wind"],"picked":"Spot Weakness","floor":27},{"not_picked":["Pommel Strike","Thunderclap","Warcry"],"picked":"SKIP","floor":29},{"not_picked":["Reaper","Offering"],"picked":"Barricade","floor":33},{"not_picked":["Clash","Dark Embrace"],"picked":"Rupture+1","floor":35},{"not_picked":["Clash","Armaments+1","Thunderclap"],"picked":"SKIP","floor":36},{"not_picked":["Sever Soul","Bloodletting+1"],"picked":"Power Through","floor":39}],"player_experience":426982,"relics_obtained":[{"floor":5.0,"key":"Nunchaku"},{"floor":7.0,"key":"Akabeko"},{"floor":9.0,"key":"Strawberry"},{"floor":10.0,"key":"Omamori"},{"floor":14.0,"key":"Smiling Mask"},{"floor":25,"key":"Juzu Bracelet"},{"floor":26,"key":"Turnip"},{"floor":27,"key":"Whetstone"}],"event_choices":[{"damage_healed":0.0,"max_hp_gain":0.0,"max_hp_loss":0.0,"gold_gain":0.0,"event_name":"Golden Idol","player_choice":"Take Damage","floor":3.0,"gold_loss":0.0,"damage_taken":20.0,"relics_obtained":["Golden Idol"]},{"damage_healed":0,"gold_gain":0,"player_choice":"Obtain J.A.X.","damage_taken":0,"max_hp_gain":0,"max_hp_loss":0,"event_name":"Drug Dealer","floor":31,"gold_loss":0,"cards_obtained":["J.A.X."]},{"damage_healed":0,"gold_gain":999,"player_choice":"Gold","damage_taken":0,"max_hp_gain":0,"max_hp_loss":0,"event_name":"MindBloom","floor":37,"gold_loss":0,"cards_obtained":["Normality","Normality"]}],"is_beta":false,"boss_relics":[{"not_picked":["Black Star","Pandora\u0027s Box"],"picked":"Snecko Eye"},{"not_picked":["Tiny House","Runic Cube"],"picked":"Mark of Pain"}],"items_purged_floors":[2,12,30,38],"is_endless":false,"potions_floor_spawned":[1,4,8,11,13,18,19,23,33,39],"killed_by":"Nemesis","ascension_level":11}}