{"host":"hm3ikmf8oxbtqms2","time":1609669549,"event":{"mods":["BaseMod","Best Route Mod","Bestiary","Better Vampires","Block Reminder","Colored Map","Colored Powertips","Curses Come First","DeckTracker","Displayed Cursed Tome","Highlight Path","Minty Spire (QoL Compilation)","Quick Restart","StSLib"],"gold_per_floor":[110,110,124,138,138,171,171,181,207,220,236,271,281,281,281,377,377,391,440,451,219,219,252,252,9,61,81,81,81,91,125,125,125,125],"floor_reached":33,"playtime":4988,"items_purged":["Defend_G"],"score":356,"play_id":"520fafb0-69f1-4b2e-84f6-f54b97f67b27","local_time":"20210103052549","is_ascension_mode":true,"campfire_choices":[{"floor":15.0,"key":"REST"},{"floor":24.0,"key":"REST"},{"floor":29.0,"key":"REST"},{"data":"Accuracy","floor":32.0,"key":"SMITH"}],"circlet_count":0,"master_deck":["Strike_G","Strike_G","Strike_G","Strike_G","Strike_G","Defend_G","Defend_G","Defend_G","Defend_G","Survivor","Neutralize+1","Dodge and Roll","Quick Slash","Flying Knee","Well Laid Plans","Prepared","Noxious Fumes","Blur","Flechettes","Cloak And Dagger+1","Die Die Die","Cloak And Dagger+1","Heel Hook+1","Bouncing Flask","Deadly Poison","Accuracy+1","Die Die Die"],"relics":["Ring of the Snake","Calipers","Orichalcum","Tiny Chest","Thread and Needle","Centennial Puzzle","Question Card","HoveringKite","Happy Flower","Oddly Smooth Stone","Ancient Tea Set","Letter Opener","Vajra","Paper Crane","Dream Catcher"],"acts_visited":["Exordium","TheCity"],"potions_floor_usage":[33],"damage_taken":[{"damage":6.0,"enemies":"2 Louse","floor":1.0,"turns":2.0},{"damage":1.0,"enemies":"Jaw Worm","floor":3.0,"turns":6.0},{"damage":0.0,"enemies":"Cultist","floor":4.0,"turns":4.0},{"damage":12.0,"enemies":"Gremlin Nob","floor":6.0,"turns":4.0},{"damage":5.0,"enemies":"3 Louse","floor":8.0,"turns":5.0},{"damage":8.0,"enemies":"Exordium Wildlife","floor":10.0,"turns":3.0},{"damage":0.0,"enemies":"Exordium Thugs","floor":11.0,"turns":4.0},{"damage":1.0,"enemies":"Lagavulin","floor":12.0,"turns":8.0},{"damage":1.0,"enemies":"Looter","floor":13.0,"turns":4.0},{"damage":12.0,"enemies":"Hexaghost","floor":16.0,"turns":11.0},{"damage":15.0,"enemies":"3 Byrds","floor":18.0,"turns":6.0},{"damage":13.0,"enemies":"Shell Parasite","floor":20.0,"turns":6.0},{"damage":17.0,"enemies":"Book of Stabbing","floor":23.0,"turns":5.0},{"damage":0.0,"enemies":"Snecko","floor":27.0,"turns":4.0},{"damage":3.0,"enemies":"Shelled Parasite and Fungi","floor":30.0,"turns":5.0},{"damage":1.0,"enemies":"Gremlin Leader","floor":31.0,"turns":6.0},{"damage":60,"enemies":"Collector","floor":33,"turns":9}],"seed_played":"4984410874800077312","potions_obtained":[{"floor":4.0,"key":"FearPotion"},{"floor":6.0,"key":"PowerPotion"},{"floor":10.0,"key":"Dexterity Potion"},{"floor":11.0,"key":"Poison Potion"},{"floor":13.0,"key":"DistilledChaos"},{"floor":20.0,"key":"LiquidBronze"},{"floor":23.0,"key":"Ancient Potion"},{"floor":31.0,"key":"DistilledChaos"}],"is_trial":false,"path_per_floor":["M","?","M","M","?","E","?","M","T","M","M","E","M","?","R","B",null,"M","T","M","$","?","E","R","$","T","M","T","R","M","E","R","B"],"character_chosen":"THE_SILENT","items_purchased":["Oddly Smooth Stone","Letter Opener"],"campfire_rested":3,"item_purchase_floors":[21,25],"current_hp_per_floor":[57,57,56,56,44,32,32,27,27,19,19,18,17,17,35,23,63,48,48,35,35,35,18,36,36,36,36,36,54,51,50,50,0,0],"gold":125,"neow_bonus":"ONE_RARE_RELIC","is_daily":false,"chose_seed":false,"campfire_upgraded":1,"win_rate":0.0,"timestamp":1609669549,"path_taken":["M","?","M","M","?","E","?","?","T","M","M","E","M","?","R","BOSS","M","?","M","?","?","E","R","$","T","?","?","R","M","E","R","BOSS"],"items_purchased_type":["Relic","Relic"],"build_version":"2020-12-22","purchased_purges":1,"victory":false,"max_hp_per_floor":[63,63,63,63,63,63,63,63,63,63,63,63,63,63,63,63,63,63,63,63,63,63,63,63,63,63,63,63,63,63,63,63,63,63],"card_choices":[{"not_picked":["Bane","Blade Dance"],"picked":"Dodge and Roll","floor":1.0},{"not_picked":["Underhanded Strike","Poisoned Stab"],"picked":"Quick Slash","floor":3.0},{"not_picked":["Riddle With Holes","Quick Slash"],"picked":"Flying Knee","floor":4.0},{"not_picked":["Setup","Sucker Punch"],"picked":"Well Laid Plans","floor":6.0},{"not_picked":["Underhanded Strike","Slice"],"picked":"Prepared","floor":8.0},{"not_picked":["Dagger Spray","Outmaneuver"],"picked":"Noxious Fumes","floor":10.0},{"not_picked":["Acrobatics","Accuracy"],"picked":"Blur","floor":11.0},{"not_picked":["Calculated Gamble","Malaise"],"picked":"Flechettes","floor":12.0},{"not_picked":["Outmaneuver","Acrobatics","Underhanded Strike"],"picked":"Cloak And Dagger","floor":13.0},{"not_picked":["Phantasmal Killer","Burst","Glass Knife"],"picked":"Die Die Die","floor":16.0},{"not_picked":["Acrobatics+1","Deflect","Leg Sweep"],"picked":"Cloak And Dagger+1","floor":18.0},{"not_picked":["Blur","Quick Slash+1","Distraction"],"picked":"Heel Hook+1","floor":20.0},{"not_picked":["Poisoned Stab","Dagger Throw","Underhanded Strike"],"picked":"Bouncing Flask","floor":23.0},{"not_picked":["Infinite Blades","Dodge and Roll","Outmaneuver"],"picked":"Deadly Poison","floor":27.0},{"not_picked":["Blade Dance","Slice+1","Infinite Blades"],"picked":"Accuracy","floor":30.0},{"not_picked":["Bullet Time","Sucker Punch","All Out Attack"],"picked":"Die Die Die","floor":31.0}],"player_experience":278295,"relics_obtained":[{"floor":6.0,"key":"Tiny Chest"},{"floor":7.0,"key":"Thread and Needle"},{"floor":9.0,"key":"Centennial Puzzle"},{"floor":12.0,"key":"Question Card"},{"floor":19.0,"key":"Happy Flower"},{"floor":23.0,"key":"Ancient Tea Set"},{"floor":26.0,"key":"Vajra"},{"floor":28.0,"key":"Paper Crane"},{"floor":31.0,"key":"Dream Catcher"}],"event_choices":[{"damage_healed":0.0,"max_hp_gain":0.0,"max_hp_loss":0.0,"gold_gain":0.0,"event_name":"Living Wall","player_choice":"Grow","floor":2.0,"gold_loss":0.0,"damage_taken":0.0,"cards_upgraded":["Neutralize"]},{"damage_healed":0.0,"max_hp_gain":0.0,"max_hp_loss":0.0,"gold_gain":0.0,"event_name":"Scrap Ooze","player_choice":"Success","floor":5.0,"gold_loss":0.0,"damage_taken":12.0,"relics_obtained":["Orichalcum"]},{"damage_healed":0.0,"max_hp_gain":0.0,"max_hp_loss":0.0,"gold_gain":0.0,"event_name":"Wheel of Change","player_choice":"Relic","floor":7.0,"gold_loss":0.0,"damage_taken":0.0},{"damage_healed":0.0,"max_hp_gain":0.0,"max_hp_loss":0.0,"gold_gain":0.0,"event_name":"Golden Wing","player_choice":"Ignored","floor":14.0,"gold_loss":0.0,"damage_taken":0.0},{"damage_healed":0.0,"max_hp_gain":0.0,"max_hp_loss":0.0,"gold_gain":0.0,"event_name":"Accursed Blacksmith","player_choice":"Forge","floor":22.0,"gold_loss":0.0,"damage_taken":0.0,"cards_upgraded":["Cloak And Dagger"]}],"is_beta":false,"boss_relics":[{"not_picked":["Sozu","Tiny House"],"picked":"HoveringKite"}],"items_purged_floors":[21],"is_endless":false,"potions_floor_spawned":[4,6,10,11,13,20,23,31],"killed_by":"Collector","ascension_level":4}}