{"host":"yvlk1m4foro8gl4v","time":1609717231,"event":{"mods":["AchievementEnabler","Act Like it!","BaseMod","Minty Spire (QoL Compilation)","Relic Stats","StSLib","The Servant 0.9.4","Uncapped"],"gold_per_floor":[114,114,114,114,127,127,170,170,170,204,204,204,204],"floor_reached":12,"playtime":211,"items_purged":[],"score":158,"play_id":"27788310-57b9-4fe0-9420-763daebf6c10","local_time":"20210103234031","is_ascension_mode":true,"campfire_choices":[{"data":"Sword Boomerang","floor":6,"key":"SMITH"},{"data":"Pommel Strike","floor":8,"key":"SMITH"}],"circlet_count":0,"master_deck":["Strike_R","Strike_R","Strike_R","Strike_R","Strike_R","Defend_R+1","Defend_R","Defend_R","Defend_R","Bash+1","Whirlwind+1","Sword Boomerang+1","Pommel Strike+1","Combust"],"relics":["Burning Blood","NeowsBlessing","Golden Idol","Happy Flower","The Courier","Smiling Mask","Shovel"],"acts_visited":["Exordium"],"potions_floor_usage":[],"damage_taken":[{"damage":0,"enemies":"Small Slimes","floor":1,"turns":1},{"damage":0,"enemies":"2 Louse","floor":5,"turns":1},{"damage":0,"enemies":"Gremlin Nob","floor":7,"turns":1},{"damage":35,"enemies":"3 Sentries","floor":10,"turns":4},{"damage":29,"enemies":"Lagavulin","floor":12,"turns":3}],"seed_played":"7465155869035730910","potions_obtained":[{"floor":1,"key":"Ancient Potion"},{"floor":10,"key":"Strength Potion"}],"is_trial":false,"path_per_floor":["M","?","?","?","M","R","E","R","T","E","?","E"],"character_chosen":"IRONCLAD","items_purchased":[],"campfire_rested":0,"item_purchase_floors":[],"current_hp_per_floor":[78,74,59,59,65,65,71,71,71,42,30,1,1],"gold":204,"neow_bonus":"THREE_ENEMY_KILL","is_daily":false,"chose_seed":false,"campfire_upgraded":2,"win_rate":0.0,"timestamp":1609717231,"path_taken":["M","?","?","?","M","R","E","R","T","E","?","E"],"items_purchased_type":[],"build_version":"2020-12-22","purchased_purges":0,"victory":false,"max_hp_per_floor":[80,74,74,74,74,74,74,74,74,74,74,74,74],"relic_stats":{"Shovel":0,"Happy Flower":[2],"counters":[5,10],"Golden Idol":19,"Smiling Mask":0,"obtain_stats":[{"Shovel":11,"NeowsBlessing":0,"Happy Flower":7,"Golden Idol":2,"The Courier":9,"Smiling Mask":10,"Burning Blood":0},{"Shovel":4,"NeowsBlessing":0,"Happy Flower":3,"Golden Idol":1,"The Courier":3,"Smiling Mask":4,"Burning Blood":0},{"Shovel":7,"NeowsBlessing":0,"Happy Flower":3,"Golden Idol":1,"The Courier":3,"Smiling Mask":7,"Burning Blood":0}],"Burning Blood":24},"card_choices":[{"not_picked":["Heavy Blade","Flex"],"picked":"Whirlwind","floor":1},{"not_picked":["Clash","Battle Trance"],"picked":"Sword Boomerang","floor":5},{"not_picked":["Dropkick","Perfected Strike"],"picked":"Pommel Strike","floor":7},{"not_picked":["Flex","Wild Strike"],"picked":"Combust","floor":10}],"player_experience":713670,"relics_obtained":[{"floor":7,"key":"Happy Flower"},{"floor":9,"key":"The Courier"},{"floor":10,"key":"Smiling Mask"}],"event_choices":[{"damage_healed":0,"gold_gain":0,"player_choice":"Lose Max HP","damage_taken":0,"relics_obtained":["Golden Idol"],"max_hp_gain":0,"max_hp_loss":6,"event_name":"Golden Idol","floor":2,"gold_loss":0},{"damage_healed":0,"gold_gain":0,"player_choice":"Entered Light","damage_taken":15,"max_hp_gain":0,"max_hp_loss":0,"event_name":"Shining Light","floor":3,"gold_loss":0,"cards_upgraded":["Bash","Defend_R"]},{"damage_healed":0,"gold_gain":0,"player_choice":"Grow","damage_taken":0,"max_hp_gain":0,"max_hp_loss":0,"event_name":"Living Wall","floor":4,"gold_loss":0,"cards_upgraded":["Whirlwind"]},{"damage_healed":0,"gold_gain":0,"player_choice":"Success","damage_taken":12,"relics_obtained":["Shovel"],"max_hp_gain":0,"max_hp_loss":0,"event_name":"Scrap Ooze","floor":11,"gold_loss":0}],"is_beta":false,"boss_relics":[],"items_purged_floors":[],"is_endless":false,"potions_floor_spawned":[1,10],"killed_by":"Lagavulin","ascension_level":9}}