{"host":"8f5cu9y0fpol72qs","time":1609637162,"event":{"mods":["AlwaysNeverKeys","BaseMod","Colored Map","Colored Powertips","Curses Come First","Highlight Path","Key Reminder","Marisa????????","Minty Spire (QoL Compilation)","StSLib"],"gold_per_floor":[116,116,132,146,32,32,42,42,119,152,209,243,256,156,156,261,261,261,261,261,241,241,241,241,241,241,241,241,241,241,241,241,241,241,241,241,241,241,241,241,241,241,241,241,241,241,241,241,241,241,241,241,37,37,37],"floor_reached":56,"playtime":4780,"items_purged":["Strike_MRS","Strike_MRS","OrrerysSun+1"],"score":1229,"play_id":"948aa99e-b672-436e-baf9-b47ae8965c92","local_time":"20210102172602","is_ascension_mode":false,"campfire_choices":[{"data":"EnergyFlow","floor":6.0,"key":"SMITH"},{"data":"MasterSpark","floor":8.0,"key":"SMITH"},{"data":"SporeBomb","floor":15.0,"key":"SMITH"},{"data":"OortCloud","floor":23.0,"key":"SMITH"},{"data":"AbsoluteMagnitude","floor":25.0,"key":"SMITH"},{"data":"StarBarrage","floor":28.0,"key":"SMITH"},{"data":"OrrerysSun","floor":30.0,"key":"SMITH"},{"data":"AsteroidBelt","floor":32.0,"key":"SMITH"},{"data":"MillisecondPulsars","floor":40.0,"key":"SMITH"},{"floor":46,"key":"RECALL"},{"data":"UpSweep","floor":49,"key":"SMITH"},{"data":"Thinking Ahead","floor":52,"key":"SMITH"}],"circlet_count":0,"master_deck":["Defend_MRS","MasterSpark+1","UpSweep+1","ChargingUp","GalacticHalo","AsteroidBelt+1","EnergyFlow+1","StarBarrage+1","SporeBomb+1","ChargeUpSpray","TreasureHunter","MagicAbsorber","EarthLightRay","OortCloud+1","AbsoluteMagnitude+1","MillisecondPulsars+1","SporeBomb+1","ShootingEcho+1","MachineGunSpark+1","ChargingUp+1","Thinking Ahead+1","AsteroidBelt+1","Parasite","EventHorizon+1","DoubleSpark+1","EnergyFlow+1"],"relics":["MiniHakkero","Akabeko","Letter Opener","AmplifyWand","Nunchaku","Bag of Marbles","Ectoplasm","Dream Catcher","Anchor","Sundial","Mango","Du-Vu Doll","Astrolabe","MagicBroom","Smiling Mask","PreservedInsect","CatCart","ClockworkSouvenir","Shuriken","Bronze Scales"],"acts_visited":["Exordium","TheCity","TheBeyond","TheEnding"],"potions_floor_usage":[44,44,50,55],"damage_taken":[{"damage":1.0,"enemies":"Jaw Worm","floor":1.0,"turns":3.0},{"damage":1.0,"enemies":"Cultist","floor":3.0,"turns":3.0},{"damage":0.0,"enemies":"2 Louse","floor":4.0,"turns":2.0},{"damage":11.0,"enemies":"Exordium Thugs","floor":7.0,"turns":5.0},{"damage":0.0,"enemies":"Lagavulin","floor":10.0,"turns":3.0},{"damage":9.0,"enemies":"Lagavulin Event","floor":11.0,"turns":5.0},{"damage":10.0,"enemies":"3 Sentries","floor":12.0,"turns":7.0},{"damage":0.0,"enemies":"Large Slime","floor":13.0,"turns":2.0},{"damage":8.0,"enemies":"Slime Boss","floor":16.0,"turns":9.0},{"damage":0.0,"enemies":"Chosen","floor":18.0,"turns":3.0},{"damage":3.0,"enemies":"3 Byrds","floor":19.0,"turns":6.0},{"damage":0.0,"enemies":"Centurion and Healer","floor":20.0,"turns":4.0},{"damage":0.0,"enemies":"3 Cultists","floor":22.0,"turns":5.0},{"damage":0.0,"enemies":"Cultist and Chosen","floor":24.0,"turns":4.0},{"damage":5.0,"enemies":"Slavers","floor":27.0,"turns":6.0},{"damage":4.0,"enemies":"Snake Plant","floor":29.0,"turns":3.0},{"damage":1.0,"enemies":"Book of Stabbing","floor":31.0,"turns":3.0},{"damage":32.0,"enemies":"Champ","floor":33.0,"turns":12.0},{"damage":7.0,"enemies":"3 Darklings","floor":35.0,"turns":4.0},{"damage":0.0,"enemies":"2 Orb Walkers","floor":38.0,"turns":5.0},{"damage":0.0,"enemies":"Orb Walker","floor":39.0,"turns":3.0},{"damage":6.0,"enemies":"Nemesis","floor":41.0,"turns":5.0},{"damage":0.0,"enemies":"Writhing Mass","floor":42.0,"turns":3.0},{"damage":0,"enemies":"Orin","floor":44,"turns":6},{"damage":16,"enemies":"3 Darklings","floor":45,"turns":4},{"damage":20,"enemies":"Spire Growth","floor":47,"turns":4},{"damage":0,"enemies":"Sphere and 2 Shapes","floor":48,"turns":3},{"damage":29,"enemies":"Donu and Deca","floor":50,"turns":6},{"damage":0,"enemies":"Shield and Spear","floor":54,"turns":3},{"damage":89,"enemies":"The Heart","floor":55,"turns":8}],"seed_played":"-7196367734132135133","potions_obtained":[{"floor":3.0,"key":"Block Potion"},{"floor":7.0,"key":"GamblersBrew"},{"floor":11.0,"key":"SpeedPotion"},{"floor":12.0,"key":"EssenceOfSteel"},{"floor":18.0,"key":"StarNLove"},{"floor":21.0,"key":"ShroomBrew"},{"floor":24.0,"key":"Explosive Potion"},{"floor":31.0,"key":"Weak Potion"},{"floor":38.0,"key":"Ancient Potion"},{"floor":42.0,"key":"Strength Potion"},{"floor":44,"key":"SkillPotion"},{"floor":48,"key":"Regen Potion"}],"is_trial":false,"path_per_floor":["M","?","M","M","$","R","M","R","T","E","?","E","M","$","R","B",null,"M","M","M","?","M","R","M","R","T","E","R","M","R","E","R","B",null,"M","?","?","?","M","R","E","M","T","?","M","R","M","M","R","B",null,"R","$","E","B",null],"character_chosen":"MARISA","items_purchased":["EnergyFlow","ClockworkSouvenir"],"campfire_rested":0,"item_purchase_floors":[5,53],"current_hp_per_floor":[53,50,49,49,49,49,38,38,38,38,29,19,19,19,19,11,75,75,72,75,75,75,75,75,75,75,74,74,70,70,87,87,57,89,86,85,75,79,83,83,79,83,83,85,69,69,53,53,53,43,85,85,85,85,44],"gold":37,"neow_bonus":"REMOVE_TWO","is_daily":false,"chose_seed":false,"campfire_upgraded":11,"win_rate":0.0,"timestamp":1609637162,"path_taken":["M","?","M","M","$","R","M","R","T","E","?","E","M","?","R","BOSS","M","M","?","?","M","R","?","R","T","E","R","M","R","E","R","BOSS","M","?","?","?","M","R","E","M","T","?","M","R","M","?","R","BOSS","R","$","E","BOSS"],"items_purchased_type":["Card","Relic"],"build_version":"2020-12-22","purchased_purges":3,"victory":true,"max_hp_per_floor":[75,75,75,75,75,75,75,75,75,75,75,75,75,75,75,75,75,75,75,75,75,75,75,75,75,75,75,75,75,75,89,89,89,89,89,85,85,85,85,85,85,85,85,85,85,85,85,85,85,85,85,85,85,85,85],"card_choices":[{"not_picked":["NonDirectionalLaser","ShootingEcho"],"picked":"ChargingUp","floor":1.0},{"not_picked":["LuminesStrike","IllusionStar"],"picked":"GalacticHalo","floor":3.0},{"not_picked":["EscapeVelocity","GravityBeat"],"picked":"AsteroidBelt","floor":4.0},{"not_picked":["MilkyWay","PowerUp"],"picked":"StarBarrage","floor":7.0},{"not_picked":["DarkSpark","DragonMeteor","OpenUniverse"],"picked":"SKIP","floor":10.0},{"not_picked":["DC","WitchLeyline"],"picked":"SporeBomb","floor":11.0},{"not_picked":["SuperNova","PowerUp"],"picked":"ChargeUpSpray","floor":12.0},{"not_picked":["UnstableBomb","PowerUp","ManaRampage"],"picked":"SKIP","floor":13.0},{"not_picked":["JA","MillisecondPulsars"],"picked":"TreasureHunter","floor":16.0},{"not_picked":["GalacticHalo","SuperPerseids"],"picked":"MagicAbsorber","floor":18.0},{"not_picked":["NonDirectionalLaser","WitchOfGreed+1"],"picked":"EarthLightRay","floor":19.0},{"not_picked":["ShootingEcho","MysteriousBeam"],"picked":"OortCloud","floor":20.0},{"not_picked":["WitchLeyline","MysteriousBeam"],"picked":"AbsoluteMagnitude","floor":22.0},{"not_picked":["Robbery","GrandCross","FairyDestructionRay"],"picked":"SKIP","floor":24.0},{"not_picked":["FairyDestructionRay+1","LuminesStrike","StarDustReverie"],"picked":"SKIP","floor":27.0},{"not_picked":["PowerUp+1","MilkyWay+1"],"picked":"OrrerysSun","floor":29.0},{"not_picked":["SuperNova","WitchOfGreed","Robbery"],"picked":"SKIP","floor":31.0},{"not_picked":["UltimateShortwave","MaximisePower"],"picked":"MillisecondPulsars","floor":33.0},{"not_picked":["DarkSpark","PowerUp"],"picked":"ChargingUp+1","floor":35.0},{"not_picked":["Enlightenment","Deep Breath"],"picked":"Thinking Ahead","floor":37.0},{"not_picked":["GravityBeat","OpenUniverse+1"],"picked":"AsteroidBelt+1","floor":38.0},{"not_picked":["GalacticHalo","6A","NonDirectionalLaser+1"],"picked":"SKIP","floor":39.0},{"not_picked":["MeteoricShower","MachineGunSpark+1","DoubleSpark"],"picked":"SKIP","floor":41.0},{"not_picked":["GasGiant","GravityBeat+1","ChargingUp"],"picked":"SKIP","floor":42.0},{"not_picked":["DC","SporeBomb","MachineGunSpark"],"picked":"SKIP","floor":45},{"not_picked":["Robbery+1","GravityBeat"],"picked":"EventHorizon+1","floor":47},{"not_picked":["DarkSpark","MilkyWay"],"picked":"DoubleSpark+1","floor":48},{"not_picked":["IllusionStar+1","MysteriousBeam+1"],"picked":"EnergyFlow+1","floor":54}],"player_experience":784725,"relics_obtained":[{"floor":9.0,"key":"Letter Opener"},{"floor":10.0,"key":"AmplifyWand"},{"floor":11.0,"key":"Nunchaku"},{"floor":12.0,"key":"Bag of Marbles"},{"floor":27.0,"key":"Dream Catcher"},{"floor":27.0,"key":"Anchor"},{"floor":31.0,"key":"Sundial"},{"floor":31.0,"key":"Mango"},{"floor":33.0,"key":"Du-Vu Doll"},{"floor":38.0,"key":"MagicBroom"},{"floor":41.0,"key":"Smiling Mask"},{"floor":43.0,"key":"PreservedInsect"},{"floor":44,"key":"CatCart"},{"floor":54,"key":"Shuriken"},{"floor":54,"key":"Bronze Scales"}],"event_choices":[{"damage_healed":0.0,"max_hp_gain":0.0,"max_hp_loss":0.0,"gold_gain":0.0,"event_name":"Scrap Ooze","player_choice":"Success","floor":2.0,"gold_loss":0.0,"damage_taken":3.0,"relics_obtained":["Akabeko"]},{"damage_healed":0.0,"max_hp_gain":0.0,"max_hp_loss":0.0,"gold_gain":0.0,"event_name":"Dead Adventurer","player_choice":"Searched \u00271\u0027 times","floor":11.0,"gold_loss":0.0,"damage_taken":0.0},{"damage_healed":0.0,"max_hp_gain":0.0,"max_hp_loss":0.0,"gold_gain":0.0,"event_name":"The Woman in Blue","player_choice":"Bought 1 Potion","floor":21.0,"gold_loss":0.0,"damage_taken":0.0},{"damage_healed":0.0,"max_hp_gain":0.0,"max_hp_loss":4.0,"gold_gain":0.0,"event_name":"Winding Halls","player_choice":"Max HP","floor":36.0,"gold_loss":0.0,"damage_taken":0.0},{"damage_healed":0.0,"max_hp_gain":0.0,"max_hp_loss":0.0,"gold_gain":0.0,"event_name":"SensoryStone","player_choice":"Memory 3","floor":37.0,"gold_loss":0.0,"damage_taken":10.0},{"damage_healed":0.0,"max_hp_gain":0.0,"max_hp_loss":0.0,"gold_gain":0.0,"event_name":"Mysterious Sphere","player_choice":"Fight","floor":38.0,"gold_loss":0.0,"damage_taken":0.0},{"damage_healed":0,"gold_gain":0,"player_choice":"Fight","damage_taken":0,"max_hp_gain":0,"max_hp_loss":0,"event_name":"OrinTheCat","floor":44,"gold_loss":0}],"is_beta":false,"boss_relics":[{"not_picked":["Busted Crown","Pandora\u0027s Box"],"picked":"Ectoplasm"},{"not_picked":["Velvet Choker","BewitchedHakkero"],"picked":"Astrolabe"}],"items_purged_floors":[5,14,53],"is_endless":false,"potions_floor_spawned":[3,7,11,12,18,24,31,38,42,44,48],"ascension_level":0}}