{"host":"k6u7q08ihsmpx7o5","time":1609699096,"event":{"mods":["BaseMod","Bestiary","Minty Spire (QoL Compilation)","StSLib"],"gold_per_floor":[99,3,0,0,0,0,0,0,0,0,0,0,0,0,0,0,0],"floor_reached":16,"playtime":996,"items_purged":[],"score":224,"play_id":"bfd1bed2-a8b1-4259-9eac-6f2386233549","local_time":"20210103193816","is_ascension_mode":true,"campfire_choices":[{"data":"Catalyst","floor":6,"key":"SMITH"},{"data":"Corpse Explosion","floor":15,"key":"SMITH"}],"circlet_count":0,"master_deck":["AscendersBane","Strike_G","Strike_G","Strike_G","Strike_G","Strike_G","Defend_G","Defend_G+1","Defend_G","Defend_G","Defend_G","Survivor","Neutralize","Acrobatics","Catalyst+1","Deadly Poison","Dagger Throw","Underhanded Strike","Backflip+1","PiercingWail","Corpse Explosion+1","Underhanded Strike+1"],"relics":["Ectoplasm","Darkstone Periapt","Art of War","Molten Egg 2"],"acts_visited":["Exordium"],"potions_floor_usage":[7,13,16],"damage_taken":[{"damage":0,"enemies":"Cultist","floor":1,"turns":4},{"damage":2,"enemies":"Jaw Worm","floor":4,"turns":4},{"damage":27,"enemies":"3 Sentries","floor":7,"turns":10},{"damage":0,"enemies":"Small Slimes","floor":8,"turns":3},{"damage":0,"enemies":"Exordium Thugs","floor":11,"turns":4},{"damage":0,"enemies":"2 Fungi Beasts","floor":12,"turns":3},{"damage":7,"enemies":"Lagavulin","floor":13,"turns":4},{"damage":0,"enemies":"3 Louse","floor":14,"turns":2},{"damage":18,"enemies":"Slime Boss","floor":16,"turns":5}],"seed_played":"-6374604125116036620","potions_obtained":[{"floor":4,"key":"DistilledChaos"},{"floor":7,"key":"BlessingOfTheForge"},{"floor":14,"key":"Swift Potion"}],"is_trial":false,"path_per_floor":["M","$","?","M","$","R","E","M","T","?","M","M","E","M","R","B"],"character_chosen":"THE_SILENT","items_purchased":["Catalyst","Deadly Poison"],"campfire_rested":0,"item_purchase_floors":[2,2],"current_hp_per_floor":[59,59,59,57,57,57,30,30,30,10,10,10,3,3,3,0,0],"gold":0,"neow_bonus":"BOSS_RELIC","is_daily":false,"chose_seed":false,"campfire_upgraded":2,"win_rate":0.0,"timestamp":1609699096,"path_taken":["M","?","?","M","$","R","E","M","T","?","M","?","E","M","R","BOSS"],"items_purchased_type":["Card","Card"],"build_version":"2020-12-22","purchased_purges":0,"victory":false,"max_hp_per_floor":[66,66,66,66,66,66,66,66,66,66,66,66,66,66,66,66,66],"card_choices":[{"not_picked":["Prepared","Deflect"],"picked":"Acrobatics","floor":1},{"not_picked":["Calculated Gamble","Dodge and Roll"],"picked":"Dagger Throw","floor":4},{"not_picked":["Unload","Dagger Throw"],"picked":"Underhanded Strike","floor":7},{"not_picked":["Outmaneuver","Prepared"],"picked":"Backflip","floor":8},{"not_picked":["Distraction","Slice"],"picked":"PiercingWail","floor":11},{"not_picked":["Slice","Tactician"],"picked":"Corpse Explosion","floor":12},{"not_picked":["Cloak And Dagger","Backflip"],"picked":"Underhanded Strike+1","floor":13},{"not_picked":["Blur","Tactician","Deflect"],"picked":"SKIP","floor":14}],"player_experience":1949310,"relics_obtained":[{"floor":7,"key":"Darkstone Periapt"},{"floor":9,"key":"Art of War"},{"floor":13,"key":"Molten Egg 2"}],"event_choices":[{"damage_healed":0,"gold_gain":0,"player_choice":"Left Gold","damage_taken":0,"max_hp_gain":0,"max_hp_loss":0,"event_name":"World of Goop","floor":3,"gold_loss":3},{"damage_healed":0,"gold_gain":0,"player_choice":"Entered Light","damage_taken":20,"max_hp_gain":0,"max_hp_loss":0,"event_name":"Shining Light","floor":10,"gold_loss":0,"cards_upgraded":["Backflip","Defend_G"]}],"is_beta":false,"boss_relics":[],"items_purged_floors":[],"is_endless":false,"potions_floor_spawned":[4,7,14],"killed_by":"Slime Boss","ascension_level":20}}