{"host":"yvlk1m4foro8gl4v","time":1609713482,"event":{"mods":["AchievementEnabler","Act Like it!","BaseMod","Minty Spire (QoL Compilation)","Relic Stats","StSLib","The Servant 0.9.4","Uncapped"],"gold_per_floor":[114,114,30,45,68,68,68,68,68,91,91,41,56,56,56],"floor_reached":14,"playtime":365,"items_purged":[],"score":116,"play_id":"d0f60242-cb24-4771-830a-71b0d9c4bcc0","local_time":"20210103223802","is_ascension_mode":true,"campfire_choices":[{"data":"Combust","floor":6,"key":"SMITH"},{"floor":11,"key":"REST"}],"circlet_count":0,"master_deck":["Strike_R","Strike_R","Strike_R","Strike_R","Strike_R","Defend_R","Defend_R","Defend_R","Defend_R","Bash","Armaments","Combust+1","Cleave","Spot Weakness","Sword Boomerang","Body Slam","Immolate"],"relics":["Philosopher\u0027s Stone","Golden Idol","Smiling Mask","Turnip"],"acts_visited":["Exordium"],"potions_floor_usage":[14,14],"damage_taken":[{"damage":4,"enemies":"2 Louse","floor":1,"turns":3},{"damage":9,"enemies":"Jaw Worm","floor":4,"turns":3},{"damage":13,"enemies":"Small Slimes","floor":5,"turns":3},{"damage":16,"enemies":"Blue Slaver","floor":10,"turns":3},{"damage":28,"enemies":"Exordium Thugs","floor":13,"turns":3},{"damage":0,"enemies":"Lagavulin","floor":14,"turns":3}],"seed_played":"7168794681639921198","potions_obtained":[{"floor":4,"key":"BlessingOfTheForge"},{"floor":10,"key":"SkillPotion"}],"is_trial":false,"path_per_floor":["M","?","$","M","M","R","?","?","T","M","R","$","M","E"],"character_chosen":"IRONCLAD","items_purchased":["Combust","Cleave","Body Slam"],"campfire_rested":1,"item_purchase_floors":[3,3,12],"current_hp_per_floor":[68,68,68,59,46,46,34,34,34,18,40,40,12,12,12],"gold":56,"neow_bonus":"BOSS_RELIC","is_daily":false,"chose_seed":false,"campfire_upgraded":1,"win_rate":0.0,"timestamp":1609713482,"path_taken":["M","?","$","M","M","R","?","?","T","M","R","?","M","E"],"items_purchased_type":["Card","Card","Card"],"build_version":"2020-12-22","purchased_purges":0,"victory":false,"max_hp_per_floor":[80,74,74,74,74,74,74,74,74,74,74,74,74,74,74],"relic_stats":{"counters":[6,18],"Golden Idol":16,"Turnip":[0],"Smiling Mask":0,"obtain_stats":[{"Golden Idol":2,"Philosopher\u0027s Stone":0,"Turnip":9,"Smiling Mask":7,"Burning Blood":0},{"Golden Idol":1,"Philosopher\u0027s Stone":0,"Turnip":3,"Smiling Mask":3,"Burning Blood":0},{"Golden Idol":3,"Philosopher\u0027s Stone":0,"Turnip":9,"Smiling Mask":9,"Burning Blood":0}]},"card_choices":[{"not_picked":["Clash","Power Through"],"picked":"Armaments","floor":1},{"not_picked":["Shockwave","Power Through"],"picked":"Spot Weakness","floor":4},{"not_picked":["Iron Wave","Flex","Evolve"],"picked":"SKIP","floor":5},{"not_picked":["Hemokinesis","True Grit"],"picked":"Sword Boomerang","floor":10},{"not_picked":["Dark Embrace","Headbutt"],"picked":"Immolate","floor":13}],"player_experience":713305,"relics_obtained":[{"floor":9,"key":"Turnip"}],"event_choices":[{"damage_healed":0,"gold_gain":0,"player_choice":"Lose Max HP","damage_taken":0,"relics_obtained":["Golden Idol"],"max_hp_gain":0,"max_hp_loss":6,"event_name":"Golden Idol","floor":2,"gold_loss":0},{"damage_healed":0,"gold_gain":0,"player_choice":"Success","damage_taken":12,"relics_obtained":["Smiling Mask"],"max_hp_gain":0,"max_hp_loss":0,"event_name":"Scrap Ooze","floor":7,"gold_loss":0},{"damage_healed":0,"gold_gain":0,"player_choice":"Ignored","damage_taken":0,"max_hp_gain":0,"max_hp_loss":0,"event_name":"Golden Wing","floor":8,"gold_loss":0}],"is_beta":false,"boss_relics":[],"items_purged_floors":[],"is_endless":false,"potions_floor_spawned":[4,10],"killed_by":"Lagavulin","ascension_level":9}}