{"host":"cwp0xoxch9uxtnfk","time":1609692314,"event":{"mods":["AchievementEnabler","BaseMod","Bestiary","Colored Map","Colored Powertips","DeckTracker","Highlight Path","Minty Spire (QoL Compilation)","Rare Cards Sparkle","Relic Sorter","Relic Stats"],"gold_per_floor":[114,126,141,157,169,169,195,195,195,208,283,303,318,95,95,197,197,209,224,242,260,160,160,177,177,177,195,195,212,137,148,148,251,251,251,60,60,60,60,60,60,77,77,77,32,43,43,43,43,43,43,76,76,76],"floor_reached":53,"playtime":5503,"items_purged":["Defend_B","Strike_B"],"score":613,"play_id":"1c671188-b405-4e57-b206-4d5b0b39e56e","local_time":"20210103164514","is_ascension_mode":false,"campfire_choices":[{"floor":6,"key":"REST"},{"floor":8,"key":"REST"},{"floor":15,"key":"REST"},{"floor":23,"key":"RECALL"},{"floor":25,"key":"REST"},{"data":"Fission","floor":28,"key":"SMITH"},{"floor":32,"key":"REST"},{"data":"Seek","floor":40,"key":"SMITH"},{"data":"Seek","floor":44,"key":"SMITH"},{"data":"Consume","floor":50,"key":"SMITH"}],"circlet_count":0,"master_deck":["Strike_B","Strike_B","Defend_B","Defend_B","Zap","Dualcast","Seek+1","Sweeping Beam","Compile Driver","Rebound","FTL","Glacier","Redo","Conserve Battery","Barrage","Fission+1","Hologram","Consume+1","Compile Driver+1","Loop+1","Writhe","Seek+1","Defragment+1","Machine Learning","Capacitor","Apotheosis","Clumsy","Conserve Battery"],"relics":["Cracked Core","Cursed Key","Lantern","Oddly Smooth Stone","Kunai","Nuclear Battery","Happy Flower","Nunchaku","Centennial Puzzle"],"acts_visited":["Exordium","TheCity","TheBeyond","TheEnding"],"potions_floor_usage":[7,16,16,16,16,16,16,20,33,33,35],"damage_taken":[{"damage":0,"enemies":"2 Louse","floor":1,"turns":2},{"damage":0,"enemies":"Cultist","floor":2,"turns":3},{"damage":1,"enemies":"Jaw Worm","floor":3,"turns":3},{"damage":11,"enemies":"Large Slime","floor":4,"turns":5},{"damage":9,"enemies":"Blue Slaver","floor":5,"turns":3},{"damage":44,"enemies":"Gremlin Nob","floor":7,"turns":5},{"damage":3,"enemies":"Red Slaver","floor":10,"turns":4},{"damage":4,"enemies":"Large Slime","floor":12,"turns":4},{"damage":1,"enemies":"Exordium Wildlife","floor":13,"turns":3},{"damage":25,"enemies":"The Guardian","floor":16,"turns":15},{"damage":11,"enemies":"3 Byrds","floor":18,"turns":6},{"damage":0,"enemies":"Spheric Guardian","floor":19,"turns":3},{"damage":1,"enemies":"Centurion and Healer","floor":20,"turns":8},{"damage":5,"enemies":"Sentry and Sphere","floor":21,"turns":10},{"damage":15,"enemies":"Snecko","floor":24,"turns":7},{"damage":0,"enemies":"Centurion and Healer","floor":27,"turns":7},{"damage":20,"enemies":"Shelled Parasite and Fungi","floor":29,"turns":11},{"damage":6,"enemies":"Snecko","floor":31,"turns":6},{"damage":21,"enemies":"Automaton","floor":33,"turns":12},{"damage":5,"enemies":"3 Darklings","floor":35,"turns":4},{"damage":0,"enemies":"3 Shapes","floor":42,"turns":3},{"damage":0,"enemies":"3 Darklings","floor":46,"turns":5},{"damage":24,"enemies":"Time Eater","floor":48,"turns":13},{"damage":34,"enemies":"Shield and Spear","floor":52,"turns":12},{"damage":56,"enemies":"The Heart","floor":53,"turns":3}],"seed_played":"-8941679920297583829","potions_obtained":[{"floor":1,"key":"SpeedPotion"},{"floor":4,"key":"DuplicationPotion"},{"floor":12,"key":"EntropicBrew"},{"floor":13,"key":"SkillPotion"},{"floor":19,"key":"PowerPotion"},{"floor":24,"key":"SteroidPotion"},{"floor":27,"key":"SmokeBomb"},{"floor":31,"key":"GamblersBrew"},{"floor":42,"key":"Fire Potion"}],"is_trial":false,"path_per_floor":["M","M","M","M","M","R","E","R","T","M","?","M","M","$","R","B",null,"M","M","M","M","$","R","M","R","T","M","R","M","?","M","R","B",null,"M","$","?","?","?","R","?","M","T","R","$","M","?","B",null,"R","$","E","B"],"character_chosen":"DEFECT","items_purchased":["Lantern","Capacitor","Happy Flower","Conserve Battery"],"campfire_rested":5,"item_purchase_floors":[14,36,36,45],"current_hp_per_floor":[54,54,53,42,33,55,11,33,33,30,23,19,18,18,40,15,75,64,64,63,58,58,58,43,65,65,65,65,45,45,39,61,40,75,70,70,70,70,70,70,70,70,70,70,70,70,70,46,71,71,71,37,0,0],"gold":76,"neow_bonus":"THREE_RARE_CARDS","is_daily":false,"chose_seed":false,"campfire_upgraded":4,"win_rate":0.0,"timestamp":1609692314,"path_taken":["M","M","M","M","M","R","E","R","T","M","?","?","M","$","R","BOSS","M","M","M","M","$","R","M","R","T","M","R","M","?","M","R","BOSS","M","$","?","?","?","R","?","M","T","R","$","?","?","BOSS","R","$","E","BOSS"],"items_purchased_type":["Relic","Card","Relic","Card"],"build_version":"2020-12-22","purchased_purges":2,"victory":false,"max_hp_per_floor":[75,75,75,75,75,75,75,75,75,75,75,75,75,75,75,75,75,75,75,75,75,75,75,75,75,75,75,75,75,75,75,75,75,75,75,75,75,75,75,75,71,71,71,71,71,71,71,71,71,71,71,71,71,71],"relic_stats":{"Nunchaku":[7],"Centennial Puzzle":[3],"Happy Flower":[12],"counters":[25,156],"Kunai":[50],"Cursed Key":2,"obtain_stats":[{"Lantern":14,"Nunchaku":43,"Centennial Puzzle":52,"Happy Flower":36,"Oddly Smooth Stone":7,"Kunai":9,"Cracked Core":0,"Cursed Key":17,"Nuclear Battery":34},{"Lantern":9,"Nunchaku":21,"Centennial Puzzle":24,"Happy Flower":20,"Oddly Smooth Stone":6,"Kunai":6,"Cracked Core":0,"Cursed Key":10,"Nuclear Battery":19},{"Lantern":32,"Nunchaku":123,"Centennial Puzzle":153,"Happy Flower":120,"Oddly Smooth Stone":21,"Kunai":21,"Cracked Core":0,"Cursed Key":47,"Nuclear Battery":116}]},"card_choices":[{"not_picked":["Thunder Strike","Core Surge"],"picked":"Seek","floor":0},{"not_picked":["Genetic Algorithm","Stack"],"picked":"Sweeping Beam","floor":1},{"not_picked":["Turbo","Gash"],"picked":"Compile Driver","floor":2},{"not_picked":["Lockon","Melter"],"picked":"Rebound","floor":3},{"not_picked":["Force Field","Lockon","Streamline"],"picked":"SKIP","floor":4},{"not_picked":["Go for the Eyes","Amplify"],"picked":"FTL","floor":5},{"not_picked":["Heatsinks","Streamline"],"picked":"Glacier","floor":7},{"not_picked":["Gash","Turbo"],"picked":"Redo","floor":10},{"not_picked":["Force Field","Static Discharge"],"picked":"Conserve Battery","floor":12},{"not_picked":["Creative AI","Redo"],"picked":"Barrage","floor":13},{"not_picked":["Machine Learning","Rainbow"],"picked":"Fission","floor":16},{"not_picked":["Coolheaded","Skim"],"picked":"Hologram","floor":18},{"not_picked":["Redo","Steam Power","Compile Driver"],"picked":"SKIP","floor":19},{"not_picked":["Cold Snap","Hello World"],"picked":"Consume","floor":20},{"not_picked":["FTL","Barrage"],"picked":"Compile Driver+1","floor":21},{"not_picked":["Heatsinks+1","Beam Cell"],"picked":"Loop+1","floor":24},{"not_picked":["Consume+1","Cold Snap"],"picked":"Seek","floor":27},{"not_picked":["Beam Cell+1","Conserve Battery+1"],"picked":"Defragment+1","floor":29},{"not_picked":["Undo","Gash+1","Sweeping Beam"],"picked":"SKIP","floor":31},{"not_picked":["Meteor Strike","Amplify"],"picked":"Machine Learning","floor":33},{"not_picked":["Deep Breath","Discovery"],"picked":"Apotheosis","floor":39},{"not_picked":["Storm","FTL+1","Consume"],"picked":"SKIP","floor":42},{"not_picked":["Hologram","Beam Cell","BootSequence+1"],"picked":"SKIP","floor":46},{"not_picked":["Fusion+1","Beam Cell","Rebound"],"picked":"SKIP","floor":52}],"player_experience":155899,"relics_obtained":[{"floor":7,"key":"Oddly Smooth Stone"},{"floor":9,"key":"Kunai"},{"floor":43,"key":"Nunchaku"},{"floor":52,"key":"Centennial Puzzle"}],"event_choices":[{"damage_healed":0,"gold_gain":75,"player_choice":"Touch","damage_taken":7,"max_hp_gain":0,"max_hp_loss":0,"event_name":"FaceTrader","floor":11,"gold_loss":0},{"cards_removed":["Strike_B"],"damage_healed":0,"gold_gain":0,"player_choice":"Gave Gold","damage_taken":0,"max_hp_gain":0,"max_hp_loss":0,"event_name":"Beggar","floor":30,"gold_loss":75},{"cards_removed":["Defend_B"],"damage_healed":0,"gold_gain":0,"player_choice":"Removed Skill","damage_taken":0,"max_hp_gain":0,"max_hp_loss":0,"event_name":"Falling","floor":37,"gold_loss":0},{"damage_healed":0,"gold_gain":0,"player_choice":"Ignored","damage_taken":0,"max_hp_gain":0,"max_hp_loss":0,"event_name":"Tomb of Lord Red Mask","floor":38,"gold_loss":0},{"damage_healed":0,"gold_gain":0,"player_choice":"Memory 1","damage_taken":0,"max_hp_gain":0,"max_hp_loss":0,"event_name":"SensoryStone","floor":39,"gold_loss":0},{"damage_healed":0,"gold_gain":0,"player_choice":"Max HP","damage_taken":0,"max_hp_gain":0,"max_hp_loss":4,"event_name":"Winding Halls","floor":41,"gold_loss":0},{"damage_healed":0,"gold_gain":0,"player_choice":"Took Portal","damage_taken":0,"max_hp_gain":0,"max_hp_loss":0,"event_name":"SecretPortal","floor":47,"gold_loss":0}],"is_beta":false,"boss_relics":[{"not_picked":["Velvet Choker","Astrolabe"],"picked":"Cursed Key"},{"not_picked":["FrozenCore","Black Star"],"picked":"Nuclear Battery"}],"items_purged_floors":[14,22],"is_endless":false,"potions_floor_spawned":[1,4,12,13,19,24,27,31,42],"killed_by":"The Heart","ascension_level":0}}