{"host":"llzd2mhoan31wdzy","time":1609634838,"event":{"mods":["BaseMod","Colored Map","Keyboard Shortcuts","Minty Spire (QoL Compilation)","StSLib","SuperFastMode"],"gold_per_floor":[362,376,32,132,143,143,177,177,177,177,177,188,208,228,228,327,327],"floor_reached":16,"playtime":209,"items_purged":["Pain"],"score":220,"play_id":"4eeaaf92-49ea-423c-ba81-04f34630177e","local_time":"20210103094718","is_ascension_mode":true,"campfire_choices":[{"floor":6,"key":"REST"},{"floor":8,"key":"REST"},{"floor":11,"key":"REST"},{"floor":15,"key":"REST"}],"circlet_count":0,"master_deck":["Strike_R","Strike_R","Strike_R","Strike_R","Strike_R","Defend_R","Defend_R","Defend_R","Defend_R","Bash","Apotheosis","Cleave","Wild Strike","Uppercut","Flex"],"relics":["Burning Blood","Unceasing Top","Singing Bowl","Self Forming Clay"],"acts_visited":["Exordium"],"potions_floor_usage":[5,16,16],"damage_taken":[{"damage":19,"enemies":"Small Slimes","floor":1,"turns":4},{"damage":15,"enemies":"Cultist","floor":2,"turns":4},{"damage":12,"enemies":"Jaw Worm","floor":5,"turns":3},{"damage":53,"enemies":"Gremlin Nob","floor":7,"turns":5},{"damage":0,"enemies":"2 Fungi Beasts","floor":12,"turns":2},{"damage":15,"enemies":"3 Louse","floor":13,"turns":4},{"damage":20,"enemies":"Gremlin Gang","floor":14,"turns":5},{"damage":56,"enemies":"Slime Boss","floor":16,"turns":9}],"seed_played":"6329992938256486331","potions_obtained":[{"floor":1,"key":"Swift Potion"},{"floor":12,"key":"FearPotion"},{"floor":13,"key":"CultistPotion"},{"floor":16,"key":"FairyPotion"}],"is_trial":false,"path_per_floor":["M","M","$","?","M","R","E","R","T","?","R","M","M","M","R","B"],"character_chosen":"IRONCLAD","items_purchased":["Apotheosis","Cleave","Wild Strike"],"campfire_rested":4,"item_purchase_floors":[3,3,3],"current_hp_per_floor":[59,50,50,50,44,68,21,45,45,27,51,59,52,40,65,15,15],"gold":327,"neow_bonus":"TWO_FIFTY_GOLD","is_daily":false,"chose_seed":false,"campfire_upgraded":0,"win_rate":0.0,"timestamp":1609634838,"path_taken":["M","M","$","?","?","R","E","R","T","?","R","M","M","M","R","BOSS"],"items_purchased_type":["Card","Card","Card"],"build_version":"2020-12-22","purchased_purges":1,"victory":false,"max_hp_per_floor":[80,80,80,80,80,80,80,80,80,80,80,82,84,86,86,86,86],"card_choices":[{"not_picked":["Searing Blow","Reckless Charge","Thunderclap"],"picked":"SKIP","floor":1},{"not_picked":["True Grit","Anger","Clothesline"],"picked":"SKIP","floor":2},{"not_picked":["Sever Soul","Wild Strike"],"picked":"Uppercut","floor":5},{"not_picked":["Sentinel","Uppercut"],"picked":"Flex","floor":7},{"not_picked":["Perfected Strike","Body Slam","Disarm"],"picked":"Singing Bowl","floor":12},{"not_picked":["Sever Soul","Intimidate","Burning Pact"],"picked":"Singing Bowl","floor":13},{"not_picked":["Heavy Blade","Clothesline","Rage"],"picked":"Singing Bowl","floor":14}],"player_experience":402831,"relics_obtained":[{"floor":7,"key":"Unceasing Top"},{"floor":9,"key":"Singing Bowl"}],"event_choices":[{"damage_healed":0,"gold_gain":100,"player_choice":"Pray","damage_taken":0,"max_hp_gain":0,"max_hp_loss":0,"event_name":"Golden Shrine","floor":4,"gold_loss":0},{"damage_healed":0,"gold_gain":0,"player_choice":"Success","damage_taken":18,"relics_obtained":["Self Forming Clay"],"max_hp_gain":0,"max_hp_loss":0,"event_name":"Scrap Ooze","floor":10,"gold_loss":0}],"is_beta":false,"boss_relics":[],"items_purged_floors":[3],"is_endless":false,"potions_floor_spawned":[1,12,13,16],"killed_by":"Slime Boss","ascension_level":9}}