{"host":"hfxp6ue4pvwo3fit","time":1609661834,"event":{"mods":["AchievementEnabler","BaseMod","Colored Map","Colored Powertips","Highlight Path","Minty Spire (QoL Compilation)","Relic Stats","StSLib","SuperFastMode"],"gold_per_floor":[117,267,53,53,68,99,99,132,132,132,144,144,144,155,155,155,155],"floor_reached":16,"playtime":330,"items_purged":["Doubt"],"score":216,"play_id":"8c8eda33-0a2e-41bd-8000-e7696f8e82a4","local_time":"20210103021714","is_ascension_mode":true,"campfire_choices":[{"floor":7,"key":"REST"},{"floor":10,"key":"REST"},{"data":"True Grit","floor":12,"key":"SMITH"},{"data":"Whirlwind","floor":15,"key":"SMITH"}],"circlet_count":0,"master_deck":["AscendersBane","Strike_R","Strike_R","Strike_R","Strike_R","Strike_R","Defend_R","Defend_R","Defend_R","Defend_R","Bash","Disarm","Combust","True Grit+1","Whirlwind+1","Sentinel","Pommel Strike","Berserk+1","Shrug It Off"],"relics":["Runic Cube","Frozen Egg 2","Gambling Chip","Nunchaku","Ornamental Fan"],"acts_visited":["Exordium"],"potions_floor_usage":[],"damage_taken":[{"damage":6,"enemies":"Jaw Worm","floor":1,"turns":5},{"damage":8,"enemies":"Cultist","floor":5,"turns":4},{"damage":38,"enemies":"Gremlin Nob","floor":6,"turns":4},{"damage":39,"enemies":"3 Sentries","floor":8,"turns":6},{"damage":0,"enemies":"2 Louse","floor":11,"turns":5},{"damage":12,"enemies":"Looter","floor":14,"turns":2},{"damage":34,"enemies":"The Guardian","floor":16,"turns":2}],"seed_played":"7670240198041237204","potions_obtained":[{"floor":5,"key":"SmokeBomb"}],"is_trial":false,"path_per_floor":["M","?","$","?","M","E","R","E","T","R","M","R","T","M","R","B"],"character_chosen":"IRONCLAD","items_purchased":["Combust","True Grit"],"campfire_rested":2,"item_purchase_floors":[3,3],"current_hp_per_floor":[62,62,62,67,59,21,45,6,6,30,30,30,30,18,18,0,0],"gold":155,"neow_bonus":"BOSS_RELIC","is_daily":false,"chose_seed":false,"campfire_upgraded":2,"win_rate":0.0,"timestamp":1609661834,"path_taken":["M","?","$","?","M","E","R","E","T","R","M","R","?","M","R","BOSS"],"items_purchased_type":["Card","Card"],"build_version":"2020-12-22","purchased_purges":1,"victory":false,"max_hp_per_floor":[75,75,75,80,80,80,80,80,80,80,80,80,80,80,80,80,80],"relic_stats":{"Nunchaku":[1],"counters":[7,28],"Ornamental Fan":[8],"Gambling Chip":[8],"obtain_stats":[{"Nunchaku":9,"Ornamental Fan":13,"Gambling Chip":8,"Frozen Egg 2":6,"Burning Blood":0,"Runic Cube":0},{"Nunchaku":4,"Ornamental Fan":5,"Gambling Chip":4,"Frozen Egg 2":3,"Burning Blood":0,"Runic Cube":0},{"Nunchaku":19,"Ornamental Fan":24,"Gambling Chip":19,"Frozen Egg 2":13,"Burning Blood":0,"Runic Cube":0}],"Runic Cube":[22]},"card_choices":[{"not_picked":["Iron Wave","Rampage"],"picked":"Disarm","floor":1},{"not_picked":["Second Wind","Perfected Strike"],"picked":"Whirlwind","floor":5},{"not_picked":["Body Slam","Intimidate"],"picked":"Sentinel","floor":6},{"not_picked":["Havoc","Whirlwind"],"picked":"Pommel Strike","floor":8},{"not_picked":["Clash","True Grit"],"picked":"Berserk+1","floor":11},{"not_picked":["Iron Wave","Searing Blow"],"picked":"Shrug It Off","floor":14}],"player_experience":469060,"relics_obtained":[{"floor":6,"key":"Frozen Egg 2"},{"floor":8,"key":"Gambling Chip"},{"floor":9,"key":"Nunchaku"},{"floor":13,"key":"Ornamental Fan"}],"event_choices":[{"damage_healed":0,"gold_gain":150,"player_choice":"AGREE","damage_taken":0,"max_hp_gain":0,"max_hp_loss":0,"event_name":"Liars Game","floor":2,"gold_loss":0,"cards_obtained":["Doubt"]},{"damage_healed":0,"gold_gain":0,"player_choice":"Donut","damage_taken":0,"max_hp_gain":5,"max_hp_loss":0,"event_name":"Big Fish","floor":4,"gold_loss":0}],"is_beta":false,"boss_relics":[],"items_purged_floors":[3],"is_endless":false,"potions_floor_spawned":[5],"killed_by":"The Guardian","ascension_level":20}}