{"host":"3zqlgdr138v4qupe","time":1609680272,"event":{"mods":["BaseMod","Hermit","Minty Spire (QoL Compilation)","StSLib","The Cursed","The Poker Player"],"gold_per_floor":[109,59,59,72,89,122,136,171,171,234,247,247,247,266,266,368,368,386,386,374,374,124,150,249,262,344,344,344,344,358,371,371,467,467,479,479,1478,1495,731,731,766,821,821,201,218,218,252,252,252,252],"floor_reached":51,"playtime":2467,"items_purged":["Normality","Normality"],"score":883,"play_id":"6e18a65f-aa85-417e-aa90-6b467b8cb296","local_time":"20210103222432","is_ascension_mode":false,"campfire_choices":[{"floor":15,"key":"REST"},{"data":"After Image","floor":27,"key":"SMITH"},{"data":"Distraction","floor":32,"key":"SMITH"},{"data":"Adrenaline","floor":40,"key":"SMITH"},{"data":"After Image","floor":46,"key":"SMITH"},{"data":"Blade Dance","floor":49,"key":"SMITH"}],"circlet_count":0,"master_deck":["Strike_G+1","Strike_G","Strike_G","Defend_G","Defend_G","Defend_G","Defend_G","Defend_G","Survivor+1","Neutralize","Deadly Poison","Sucker Punch","Crippling Poison+1","A Thousand Cuts","Deflect","Terror+1","Distraction+1","After Image+1","Prepared","After Image+1","PiercingWail+1","Blade Dance","Night Terror","Blade Dance","Outmaneuver","Backflip","Adrenaline+1","Blade Dance+1","Prepared+1","Calculated Gamble+1","Blade Dance","Infinite Blades","Quick Slash+1"],"relics":["Ring of the Snake","NeowsBlessing","Centennial Puzzle","Pear","Gremlin Horn","Paper Crane","Meat on the Bone","HoveringKite","Matryoshka","War Paint","Mercury Hourglass","Ornamental Fan","WristBlade","Frozen Eye","InkBottle","WingedGreaves","Shuriken","Calipers","MawBank","Bag of Preparation","ClockworkSouvenir","Letter Opener","Mummified Hand"],"acts_visited":["Exordium","TheCity","TheBeyond"],"potions_floor_usage":[6,8,16,20,30,33,33,33,33,42,50,50,50],"damage_taken":[{"damage":0,"enemies":"Small Slimes","floor":1,"turns":1},{"damage":0,"enemies":"2 Louse","floor":4,"turns":1},{"damage":0,"enemies":"Cultist","floor":5,"turns":1},{"damage":19,"enemies":"Lagavulin","floor":6,"turns":6},{"damage":0,"enemies":"2 Fungi Beasts","floor":7,"turns":5},{"damage":12,"enemies":"Gremlin Nob","floor":8,"turns":5},{"damage":17,"enemies":"Gremlin Nob","floor":10,"turns":5},{"damage":0,"enemies":"3 Louse","floor":11,"turns":2},{"damage":0,"enemies":"Blue Slaver","floor":14,"turns":4},{"damage":16,"enemies":"Hexaghost","floor":16,"turns":12},{"damage":10,"enemies":"Shell Parasite","floor":18,"turns":8},{"damage":16,"enemies":"2 Thieves","floor":20,"turns":4},{"damage":21,"enemies":"Gremlin Leader","floor":23,"turns":6},{"damage":21,"enemies":"Sentry and Sphere","floor":25,"turns":10},{"damage":2,"enemies":"Snecko","floor":30,"turns":4},{"damage":10,"enemies":"Snake Plant","floor":31,"turns":5},{"damage":8,"enemies":"Automaton","floor":33,"turns":10},{"damage":4,"enemies":"3 Darklings","floor":35,"turns":4},{"damage":1,"enemies":"3 Shapes","floor":38,"turns":4},{"damage":8,"enemies":"Reptomancer","floor":41,"turns":3},{"damage":14,"enemies":"2 Orb Walkers","floor":42,"turns":4},{"damage":0,"enemies":"Transient","floor":45,"turns":5},{"damage":4,"enemies":"Giant Head","floor":47,"turns":5},{"damage":0,"enemies":"Awakened One","floor":50,"turns":4}],"seed_played":"1328168555155847358","potions_obtained":[{"floor":4,"key":"GamblersBrew"},{"floor":7,"key":"Block Potion"},{"floor":10,"key":"ColorlessPotion"},{"floor":11,"key":"Fire Potion"},{"floor":16,"key":"Ancient Potion"},{"floor":23,"key":"SpeedPotion"},{"floor":29,"key":"DistilledChaos"},{"floor":29,"key":"EntropicBrew"},{"floor":29,"key":"Weak Potion"},{"floor":31,"key":"Fire Potion"},{"floor":33,"key":"SmokeBomb"},{"floor":35,"key":"PowerPotion"},{"floor":38,"key":"SkillPotion"}],"is_trial":false,"path_per_floor":["M","?","?","M","M","E","M","E","T","?","M","?","?","M","R","B",null,"M","?","M","?","$","E","?","M","T","R","?","?","M","M","R","B",null,"M","?","?","M","$","R","E","?","T","$","M","R","E","?","R","B",null],"character_chosen":"THE_SILENT","items_purchased":["Matryoshka","Frozen Eye","InkBottle","WingedGreaves","Infinite Blades","ClockworkSouvenir","Letter Opener","AttackPotion"],"campfire_rested":1,"item_purchase_floors":[22,39,39,39,44,44,44,44],"current_hp_per_floor":[70,70,70,70,70,51,51,49,49,32,32,25,9,21,45,41,80,70,70,54,54,54,45,45,36,36,36,36,36,46,48,48,52,80,76,76,76,75,75,75,67,53,53,53,53,53,49,49,49,49],"gold":252,"neow_bonus":"THREE_ENEMY_KILL","is_daily":false,"chose_seed":false,"campfire_upgraded":5,"win_rate":0.0,"timestamp":1609680272,"path_taken":["M","?","?","M","?","E","M","E","T","?","M","?","?","M","R","BOSS","M","?","?","?","$","E","?","M","T","R","?","?","?","M","R","BOSS","M","?","?","M","$","R","E","?","T","$","M","R","E","?","R","BOSS"],"items_purchased_type":["Relic","Relic","Relic","Relic","Card","Relic","Relic","Potion"],"build_version":"2020-12-22","purchased_purges":2,"victory":true,"max_hp_per_floor":[70,70,70,70,70,70,70,80,80,80,80,80,80,80,80,80,80,80,80,80,80,80,80,80,80,80,80,80,80,80,80,80,80,80,80,80,80,80,80,80,80,80,80,80,80,80,80,80,80,80],"card_choices":[{"not_picked":["Dagger Throw","Backflip"],"picked":"Deadly Poison","floor":1},{"not_picked":["Predator","Dagger Throw"],"picked":"Sucker Punch","floor":4},{"not_picked":["Deadly Poison","Dodge and Roll"],"picked":"Crippling Poison","floor":5},{"not_picked":["Flying Knee","Sucker Punch"],"picked":"A Thousand Cuts","floor":6},{"not_picked":["Dagger Throw","Underhanded Strike"],"picked":"Dagger Spray","floor":7},{"not_picked":["Poisoned Stab","Predator"],"picked":"Deflect","floor":8},{"not_picked":["Dagger Throw","Venomology"],"picked":"Terror","floor":10},{"not_picked":["Expertise","Predator"],"picked":"Distraction","floor":11},{"not_picked":["Well Laid Plans","Escape Plan","Riddle With Holes"],"picked":"SKIP","floor":14},{"not_picked":["Die Die Die","Bullet Time"],"picked":"After Image","floor":16},{"not_picked":["Poisoned Stab+1","Dagger Throw"],"picked":"Prepared","floor":18},{"not_picked":["Quick Slash","Dagger Spray+1"],"picked":"PiercingWail+1","floor":20},{"not_picked":["All Out Attack","Slice"],"picked":"Night Terror","floor":23},{"not_picked":["Dodge and Roll","Masterful Stab"],"picked":"Blade Dance","floor":25},{"not_picked":["Choke","Deadly Poison"],"picked":"Outmaneuver","floor":30},{"not_picked":["Noxious Fumes","Slice"],"picked":"Backflip","floor":31},{"not_picked":["Tools of the Trade","Malaise"],"picked":"Adrenaline","floor":33},{"not_picked":["Eviscerate+1","Flying Knee"],"picked":"Blade Dance","floor":35},{"not_picked":["Dagger Spray+1","Sucker Punch+1"],"picked":"Prepared+1","floor":38},{"not_picked":["Underhanded Strike","PiercingWail+1"],"picked":"Calculated Gamble+1","floor":41},{"not_picked":["Outmaneuver","Backstab+1"],"picked":"Blade Dance","floor":42},{"not_picked":["Riddle With Holes","Flechettes","Underhanded Strike+1"],"picked":"SKIP","floor":45},{"not_picked":["Dagger Spray+1","Wraith Form v2"],"picked":"Quick Slash+1","floor":47}],"player_experience":19656,"relics_obtained":[{"floor":6,"key":"Centennial Puzzle"},{"floor":8,"key":"Pear"},{"floor":9,"key":"Gremlin Horn"},{"floor":23,"key":"War Paint"},{"floor":26,"key":"Mercury Hourglass"},{"floor":26,"key":"Ornamental Fan"},{"floor":41,"key":"Shuriken"},{"floor":42,"key":"Calipers"},{"floor":43,"key":"MawBank"},{"floor":43,"key":"Bag of Preparation"},{"floor":47,"key":"Mummified Hand"}],"event_choices":[{"cards_removed":["Strike_G"],"damage_healed":0,"gold_gain":0,"player_choice":"Card Removal","damage_taken":0,"max_hp_gain":0,"max_hp_loss":0,"event_name":"The Cleric","floor":2,"gold_loss":50},{"damage_healed":0,"gold_gain":0,"player_choice":"Bought 0 Potions","damage_taken":0,"max_hp_gain":0,"max_hp_loss":0,"event_name":"The Woman in Blue","floor":3,"gold_loss":0},{"damage_healed":0,"gold_gain":0,"player_choice":"Searched \u00272\u0027 times","damage_taken":0,"relics_obtained":["Paper Crane"],"max_hp_gain":0,"max_hp_loss":0,"event_name":"Dead Adventurer","floor":10,"gold_loss":0},{"damage_healed":0,"gold_gain":0,"player_choice":"Success","damage_taken":7,"relics_obtained":["Meat on the Bone"],"max_hp_gain":0,"max_hp_loss":0,"event_name":"Scrap Ooze","floor":12,"gold_loss":0},{"damage_healed":0,"gold_gain":0,"player_choice":"Entered Light","damage_taken":16,"max_hp_gain":0,"max_hp_loss":0,"event_name":"Shining Light","floor":13,"gold_loss":0,"cards_upgraded":["Terror","Strike_G"]},{"damage_healed":0,"gold_gain":0,"player_choice":"Copied","damage_taken":0,"max_hp_gain":0,"max_hp_loss":0,"event_name":"Duplicator","floor":19,"gold_loss":0,"cards_obtained":["After Image"]},{"damage_healed":0,"gold_gain":0,"player_choice":"Read","damage_taken":0,"max_hp_gain":0,"max_hp_loss":0,"event_name":"The Library","floor":21,"gold_loss":0,"cards_obtained":["Blade Dance"]},{"damage_healed":0,"gold_gain":99,"player_choice":"Stole From Cult","damage_taken":0,"max_hp_gain":0,"max_hp_loss":0,"event_name":"Nest","floor":24,"gold_loss":0},{"cards_removed":["Strike_G"],"damage_healed":0,"gold_gain":0,"player_choice":"Elegance","damage_taken":0,"max_hp_gain":0,"max_hp_loss":0,"event_name":"Back to Basics","floor":28,"gold_loss":0},{"damage_healed":0,"gold_gain":0,"player_choice":"Got Potions","damage_taken":0,"max_hp_gain":0,"max_hp_loss":0,"event_name":"Lab","floor":29,"gold_loss":0},{"damage_healed":0,"gold_gain":0,"player_choice":"Ignored","damage_taken":0,"max_hp_gain":0,"max_hp_loss":0,"event_name":"Tomb of Lord Red Mask","floor":36,"gold_loss":0},{"damage_healed":0,"gold_gain":999,"player_choice":"Gold","damage_taken":0,"max_hp_gain":0,"max_hp_loss":0,"event_name":"MindBloom","floor":37,"gold_loss":0,"cards_obtained":["Normality","Normality"]},{"damage_healed":0,"gold_gain":0,"player_choice":"Fight","damage_taken":0,"max_hp_gain":0,"max_hp_loss":0,"event_name":"Mysterious Sphere","floor":42,"gold_loss":0},{"cards_removed":["Dagger Spray"],"damage_healed":0,"gold_gain":0,"player_choice":"Removed Attack","damage_taken":0,"max_hp_gain":0,"max_hp_loss":0,"event_name":"Falling","floor":48,"gold_loss":0}],"is_beta":false,"boss_relics":[{"not_picked":["SacredBark","Snecko Eye"],"picked":"HoveringKite"},{"not_picked":["Coffee Dripper","Black Star"],"picked":"WristBlade"}],"items_purged_floors":[39,44],"is_endless":false,"potions_floor_spawned":[4,7,10,11,16,23,31,33,35,38],"ascension_level":0}}