{"host":"dhyczjm99amxd3qx","time":1609643406,"event":{"mods":["BaseMod","Colored Map","Googly Eyes","Highlight Path","Minty Spire (QoL Compilation)","Quick Restart","StSLib"],"gold_per_floor":[117,137,147,158,158,158,158,183,207,207,221,221,221,255,255,355,355,374,374,374,344,359,359,394,424,424,424,424],"floor_reached":27,"playtime":2906,"items_purged":[],"score":350,"play_id":"1a3173a4-217a-4a26-9d77-c62acaa38ab2","local_time":"20210102221006","is_ascension_mode":true,"campfire_choices":[{"floor":6.0,"key":"REST"},{"data":"Well Laid Plans","floor":10.0,"key":"SMITH"},{"floor":13.0,"key":"REST"},{"data":"Tools of the Trade","floor":15.0,"key":"SMITH"},{"data":"Blade Dance","floor":23,"key":"SMITH"}],"circlet_count":0,"master_deck":["Strike_G+1","Strike_G+1","Strike_G+1","Strike_G+1","Defend_G+1","Defend_G+1","Defend_G+1","Defend_G+1","Survivor","Neutralize+1","Poisoned Stab","Blade Dance+1","Well Laid Plans+1","Prepared+1","Deadly Poison+1","Well Laid Plans","Tools of the Trade+1","Burst","Poisoned Stab"],"relics":["Ring of the Snake","Snake Skull","Orichalcum","Ancient Tea Set","WingedGreaves","Busted Crown","Nunchaku","PreservedInsect","Du-Vu Doll"],"acts_visited":["Exordium","TheCity"],"potions_floor_usage":[18,24,24,25,27],"damage_taken":[{"damage":2.0,"enemies":"Small Slimes","floor":1.0,"turns":5.0},{"damage":1.0,"enemies":"2 Louse","floor":2.0,"turns":4.0},{"damage":0.0,"enemies":"Cultist","floor":3.0,"turns":3.0},{"damage":11.0,"enemies":"Exordium Thugs","floor":4.0,"turns":4.0},{"damage":4.0,"enemies":"Lagavulin","floor":8.0,"turns":7.0},{"damage":3.0,"enemies":"Large Slime","floor":11.0,"turns":4.0},{"damage":6.0,"enemies":"3 Sentries","floor":14.0,"turns":8.0},{"damage":10.0,"enemies":"The Guardian","floor":16.0,"turns":9.0},{"damage":5,"enemies":"3 Byrds","floor":18,"turns":6},{"damage":16,"enemies":"2 Thieves","floor":22,"turns":4},{"damage":7,"enemies":"Book of Stabbing","floor":24,"turns":5},{"damage":19,"enemies":"Slavers","floor":25,"turns":7},{"damage":29,"enemies":"Gremlin Leader","floor":27,"turns":3}],"seed_played":"456010392398988251","potions_obtained":[{"floor":1.0,"key":"FearPotion"},{"floor":3.0,"key":"CultistPotion"},{"floor":14.0,"key":"SpeedPotion"},{"floor":16.0,"key":"Ancient Potion"},{"floor":21,"key":"CultistPotion"},{"floor":21,"key":"CunningPotion"},{"floor":22,"key":"LiquidMemories"},{"floor":24,"key":"Dexterity Potion"},{"floor":25,"key":"LiquidBronze"}],"is_trial":false,"path_per_floor":["M","M","M","M","?","R","?","E","T","R","M","?","R","E","R","B",null,"M","?","?","?","M","R","E","E","T","E"],"character_chosen":"THE_SILENT","items_purchased":[],"campfire_rested":2,"item_purchase_floors":[],"current_hp_per_floor":[43,42,42,31,19,40,40,36,36,36,33,19,40,34,34,24,59,54,54,70,70,54,54,47,28,28,0,0],"gold":424,"neow_bonus":"REMOVE_TWO","is_daily":false,"chose_seed":false,"campfire_upgraded":3,"win_rate":0.0,"timestamp":1609643406,"path_taken":["M","M","M","M","?","R","?","E","T","R","M","?","R","E","R","BOSS","M","?","?","?","?","R","E","E","T","E"],"items_purchased_type":[],"build_version":"2020-12-22","purchased_purges":0,"victory":false,"max_hp_per_floor":[70,70,70,70,70,70,70,70,70,70,70,70,70,70,70,70,70,70,70,70,70,70,70,70,70,70,70,70],"card_choices":[{"not_picked":["Eviscerate","Slice"],"picked":"Poisoned Stab","floor":1.0},{"not_picked":["Endless Agony","Concentrate"],"picked":"Blade Dance","floor":2.0},{"not_picked":["Heel Hook","Dagger Throw"],"picked":"Well Laid Plans","floor":3.0},{"not_picked":["Underhanded Strike","Deflect"],"picked":"Prepared","floor":4.0},{"not_picked":["Expertise","Reflex"],"picked":"Deadly Poison","floor":8.0},{"not_picked":["Heel Hook","Quick Slash"],"picked":"Well Laid Plans","floor":11.0},{"not_picked":["Blur","Slice"],"picked":"Tools of the Trade","floor":14.0},{"not_picked":["Die Die Die","Phantasmal Killer"],"picked":"Burst","floor":16.0},{"not_picked":["Dodge and Roll"],"picked":"SKIP","floor":18},{"not_picked":["Quick Slash+1"],"picked":"SKIP","floor":22},{"not_picked":["Flying Knee"],"picked":"SKIP","floor":24},{"not_picked":[],"picked":"Poisoned Stab","floor":25}],"player_experience":290053,"relics_obtained":[{"floor":8.0,"key":"Orichalcum"},{"floor":9.0,"key":"Ancient Tea Set"},{"floor":14.0,"key":"WingedGreaves"},{"floor":24,"key":"Nunchaku"},{"floor":25,"key":"PreservedInsect"},{"floor":26,"key":"Du-Vu Doll"}],"event_choices":[{"damage_healed":0.0,"max_hp_gain":0.0,"max_hp_loss":0.0,"gold_gain":0.0,"event_name":"Scrap Ooze","player_choice":"Success","floor":5.0,"gold_loss":0.0,"damage_taken":12.0,"relics_obtained":["Snake Skull"]},{"damage_healed":0.0,"max_hp_gain":0.0,"max_hp_loss":0.0,"gold_gain":0.0,"event_name":"Living Wall","player_choice":"Grow","floor":7.0,"gold_loss":0.0,"damage_taken":0.0,"cards_upgraded":["Neutralize"]},{"damage_healed":0.0,"max_hp_gain":0.0,"max_hp_loss":0.0,"gold_gain":0.0,"event_name":"Shining Light","player_choice":"Entered Light","floor":12.0,"gold_loss":0.0,"damage_taken":14.0,"cards_upgraded":["Deadly Poison","Prepared"]},{"damage_healed":0,"gold_gain":0,"player_choice":"Simplicity","damage_taken":0,"max_hp_gain":0,"max_hp_loss":0,"event_name":"Back to Basics","floor":19,"gold_loss":0,"cards_upgraded":["Strike_G","Strike_G","Strike_G","Strike_G","Defend_G","Defend_G","Defend_G","Defend_G"]},{"damage_healed":23,"gold_gain":0,"player_choice":"Heal","damage_taken":0,"max_hp_gain":0,"max_hp_loss":0,"event_name":"The Library","floor":20,"gold_loss":0},{"damage_healed":0,"gold_gain":0,"player_choice":"Bought 2 Potions","damage_taken":0,"max_hp_gain":0,"max_hp_loss":0,"event_name":"The Woman in Blue","floor":21,"gold_loss":0}],"is_beta":false,"boss_relics":[{"not_picked":["Philosopher\u0027s Stone","SacredBark"],"picked":"Busted Crown"}],"items_purged_floors":[],"is_endless":false,"potions_floor_spawned":[1,3,14,16,22,24,25],"killed_by":"Gremlin Leader","ascension_level":7}}