{"host":"g8a0qo0vjtg6u5wv","time":1609658726,"event":{"mods":["BaseMod","Colored Map","Custom Start","KOR Keyword Fix","Minty Spire (QoL Compilation)","StSLib","SuperFastMode","The Jungle"],"gold_per_floor":[115,134,134,134,30,62,62,90,90,117,133,20,36,46,46,46,46],"floor_reached":16,"playtime":389,"items_purged":["Defend_B"],"score":196,"play_id":"62762a31-8978-41c1-bd8a-4e879a0c107a","local_time":"20210103162526","is_ascension_mode":true,"campfire_choices":[{"data":"Defragment","floor":7,"key":"SMITH"},{"data":"Loop","floor":15,"key":"SMITH"}],"circlet_count":0,"master_deck":["Strike_B+1","Strike_B","Strike_B","Defend_B","Defend_B+1","Defend_B","Zap","Dualcast","Chill","Coolheaded+1","Skim","Defragment+1","Turbo+1","Leap","Compile Driver","Loop+1","Capacitor"],"relics":["Cracked Core","NeowsBlessing","Bronze Scales","MealTicket","Ornamental Fan","War Paint"],"acts_visited":["Exordium"],"potions_floor_usage":[8,10],"damage_taken":[{"damage":0,"enemies":"Jaw Worm","floor":1,"turns":1},{"damage":0,"enemies":"Small Slimes","floor":2,"turns":1},{"damage":0,"enemies":"Lagavulin","floor":6,"turns":1},{"damage":13,"enemies":"3 Sentries","floor":8,"turns":8},{"damage":16,"enemies":"Lagavulin","floor":10,"turns":4},{"damage":0,"enemies":"2 Louse","floor":11,"turns":2},{"damage":4,"enemies":"Gremlin Gang","floor":13,"turns":5},{"damage":4,"enemies":"Looter","floor":14,"turns":3},{"damage":35,"enemies":"Slime Boss","floor":16,"turns":10}],"seed_played":"4281447583049131078","potions_obtained":[{"floor":2,"key":"BlessingOfTheForge"},{"floor":6,"key":"Explosive Potion"},{"floor":8,"key":"PotionOfCapacity"},{"floor":10,"key":"Ancient Potion"}],"is_trial":false,"path_per_floor":["M","M","?","?","$","E","R","E","T","E","M","$","M","M","R","B"],"character_chosen":"DEFECT","items_purchased":["Defragment","Turbo","Capacitor"],"campfire_rested":0,"item_purchase_floors":[5,5,12],"current_hp_per_floor":[68,68,53,53,53,53,53,40,40,24,24,39,35,31,31,0,0],"gold":46,"neow_bonus":"THREE_ENEMY_KILL","is_daily":false,"chose_seed":false,"campfire_upgraded":2,"win_rate":0.0,"timestamp":1609658726,"path_taken":["M","M","?","?","$","E","R","E","T","E","?","$","M","M","R","BOSS"],"items_purchased_type":["Card","Card","Card"],"build_version":"2020-12-22","purchased_purges":1,"victory":false,"max_hp_per_floor":[75,75,75,75,75,75,75,75,75,75,75,75,75,75,75,75,75],"card_choices":[{"not_picked":["Beam Cell","Leap"],"picked":"Chill","floor":1},{"not_picked":["Turbo","Barrage"],"picked":"Coolheaded","floor":2},{"not_picked":["Reinforced Body","Fission"],"picked":"Leap","floor":6},{"not_picked":["Gash","Turbo"],"picked":"Compile Driver","floor":8},{"not_picked":["Rip and Tear","Go for the Eyes"],"picked":"Loop","floor":10},{"not_picked":["Tempest","Turbo","Go for the Eyes"],"picked":"SKIP","floor":11},{"not_picked":["Redo","Genetic Algorithm","Reinforced Body"],"picked":"SKIP","floor":13},{"not_picked":["Compile Driver","Turbo","Redo"],"picked":"SKIP","floor":14}],"player_experience":546300,"relics_obtained":[{"floor":6,"key":"Bronze Scales"},{"floor":8,"key":"MealTicket"},{"floor":9,"key":"Ornamental Fan"},{"floor":10,"key":"War Paint"}],"event_choices":[{"damage_healed":0,"gold_gain":0,"player_choice":"Entered Light","damage_taken":15,"max_hp_gain":0,"max_hp_loss":0,"event_name":"Shining Light","floor":3,"gold_loss":0,"cards_upgraded":["Coolheaded","Strike_B"]},{"damage_healed":0,"gold_gain":0,"cards_transformed":["Strike_B"],"player_choice":"Change","damage_taken":0,"max_hp_gain":0,"max_hp_loss":0,"event_name":"Living Wall","floor":4,"gold_loss":0,"cards_obtained":["Skim"]}],"is_beta":false,"boss_relics":[],"items_purged_floors":[12],"is_endless":false,"potions_floor_spawned":[2,6,8,10],"killed_by":"Slime Boss","ascension_level":7}}