{"host":"w3q5ijqu8eoknil3","time":1609652486,"event":{"mods":["AchievementEnabler","BaseMod","Block Reminder","Colored Powertips","Minty Spire (QoL Compilation)","Quick Restart","Relic Stats","ojb\u0027s Better Paths Mod","ojb\u0027s Info Mod","slay the spire mod where everything is the same but ironclad has a cowboy hat"],"gold_per_floor":[111,111,111,111,122,122,139,178,178,178,128,165,189,189,189],"floor_reached":14,"playtime":342,"items_purged":["Strike_G"],"score":172,"play_id":"496d6c98-2ff9-4f87-9b35-2a276a25f6a3","local_time":"20210103054126","is_ascension_mode":true,"campfire_choices":[{"data":"Sucker Punch","floor":6,"key":"SMITH"},{"floor":10,"key":"REST"}],"circlet_count":0,"master_deck":["AscendersBane","Strike_G","Strike_G","Strike_G","Strike_G","Defend_G","Defend_G","Defend_G","Defend_G","Defend_G","Survivor","Neutralize","Blade Dance","Sucker Punch+1","Adrenaline","Blur","Cloak And Dagger","Predator"],"relics":["Ring of the Snake","NeowsBlessing","Smiling Mask","CeramicFish","The Courier","Oddly Smooth Stone"],"acts_visited":["Exordium"],"potions_floor_usage":[8,13,14],"damage_taken":[{"damage":0,"enemies":"2 Louse","floor":1,"turns":2},{"damage":0,"enemies":"Small Slimes","floor":5,"turns":1},{"damage":0,"enemies":"Jaw Worm","floor":7,"turns":1},{"damage":29,"enemies":"Lagavulin","floor":8,"turns":8},{"damage":31,"enemies":"3 Sentries","floor":12,"turns":13},{"damage":0,"enemies":"2 Fungi Beasts","floor":13,"turns":2},{"damage":17,"enemies":"Gremlin Nob","floor":14,"turns":3}],"seed_played":"1719362759058184849","potions_obtained":[{"floor":5,"key":"Block Potion"},{"floor":12,"key":"Explosive Potion"},{"floor":13,"key":"Fire Potion"}],"is_trial":false,"path_per_floor":["M","?","?","?","M","R","M","E","T","R","$","E","M","E"],"character_chosen":"THE_SILENT","items_purchased":[],"campfire_rested":1,"item_purchase_floors":[],"current_hp_per_floor":[59,59,59,48,48,48,48,19,19,38,38,7,7,0,0],"gold":189,"neow_bonus":"THREE_ENEMY_KILL","is_daily":false,"chose_seed":false,"campfire_upgraded":1,"win_rate":0.0,"timestamp":1609652486,"path_taken":["M","?","?","?","?","R","M","E","T","R","$","E","M","E"],"items_purchased_type":[],"build_version":"2020-12-22","purchased_purges":1,"victory":false,"max_hp_per_floor":[66,66,66,66,66,66,66,66,66,66,66,66,66,66,66],"relic_stats":{"counters":[7,30],"CeramicFish":27,"Smiling Mask":10,"obtain_stats":[{"NeowsBlessing":0,"CeramicFish":8,"Oddly Smooth Stone":12,"The Courier":9,"Smiling Mask":4,"Ring of the Snake":0},{"NeowsBlessing":0,"CeramicFish":4,"Oddly Smooth Stone":5,"The Courier":4,"Smiling Mask":1,"Ring of the Snake":0},{"NeowsBlessing":0,"CeramicFish":12,"Oddly Smooth Stone":25,"The Courier":12,"Smiling Mask":2,"Ring of the Snake":0}],"Ring of the Snake":[14]},"card_choices":[{"not_picked":["Masterful Stab","Backflip"],"picked":"Blade Dance","floor":1},{"not_picked":["Dodge and Roll","Blade Dance"],"picked":"Sucker Punch","floor":5},{"not_picked":["Reflex","Deflect"],"picked":"Adrenaline","floor":7},{"not_picked":["Underhanded Strike","Slice"],"picked":"Blur","floor":8},{"not_picked":["Quick Slash","Bane"],"picked":"Cloak And Dagger","floor":12},{"not_picked":["Flechettes","Poisoned Stab"],"picked":"Predator","floor":13}],"player_experience":978467,"relics_obtained":[{"floor":8,"key":"CeramicFish"},{"floor":9,"key":"The Courier"},{"floor":12,"key":"Oddly Smooth Stone"}],"event_choices":[{"damage_healed":0,"gold_gain":0,"player_choice":"Ignored","damage_taken":0,"max_hp_gain":0,"max_hp_loss":0,"event_name":"Shining Light","floor":2,"gold_loss":0},{"damage_healed":0,"gold_gain":0,"player_choice":"Ignored","damage_taken":0,"max_hp_gain":0,"max_hp_loss":0,"event_name":"Liars Game","floor":3,"gold_loss":0},{"damage_healed":0,"gold_gain":0,"player_choice":"Success","damage_taken":11,"relics_obtained":["Smiling Mask"],"max_hp_gain":0,"max_hp_loss":0,"event_name":"Scrap Ooze","floor":4,"gold_loss":0}],"is_beta":false,"boss_relics":[],"items_purged_floors":[11],"is_endless":false,"potions_floor_spawned":[5,12,13],"killed_by":"Gremlin Nob","ascension_level":15}}