{"host":"c1ih99nde5rm1bm8","time":1609681909,"event":{"mods":["ATMod(∞¢Ë™Mod)","Act Like it!","BaseMod","Colored Powertips","FoggyMod","Gensokyo","Highlight Path","Marisa£®ÏF”Í°°ƒß¿Ì…≥£©","Minty Spire (QoL Compilation)","MostiFishMod","Quick Restart","Reimu£®≤©¿ˆ¡È√Œ£©","Remilia£®¿Ÿ√◊¿Ú—«£©","StSLib","The Servant 0.9.4","UnlockEverythingMod","Waifu the Spire","Yakumo Yukari mod","Youmu£®ªÍ∆«—˝√Œ£©","Yuri Mod","Yuyuko","noobMod","°æ“≈ŒÔø®≈∆°øREMEMod"],"gold_per_floor":[150,150,150,204,129,310,272,272,325,325,325,275,450,450,450,835,835,892,892,892,892,892,1085,1085,1263,1290,1290,1290,1290,1468,1468,1468,1893,1893,2022,2022,2022,2022,0,209,209,394,394,669,669,944,944,944,944,1194,1194,1194,1194,1534,1659],"floor_reached":56,"playtime":910,"items_purged":["Mirror_WaveAndshot_purple","Mirror_WaveAndshot_purple"],"score":1963,"play_id":"8d279f1e-05dd-49d4-8d97-93c2d57f6969","local_time":"20210103215149","daily_mods":["Draft","Shiny","Specialized","Vintage","ControlledChaos","Colorless Cards","Heirloom","Time Dilation","Flight","Cursed Run","Elite Swarm","Lethality","Midas","Terminal","Binary"],"is_ascension_mode":false,"campfire_choices":[{"floor":15.0,"key":"RECALL"},{"data":"1","floor":32,"key":"LIFT"},{"data":"2","floor":49,"key":"LIFT"},{"data":"3","floor":52,"key":"LIFT"}],"circlet_count":0,"master_deck":["Demon Form","Wraith Form v2+1","Echo Form","DevaForm","BatForm","FlawlessForm","yuri:DragonForm","yuri:GhostForm","Mirror_WaveAndshot_purple","Mirror_WaveAndshot_purple","Umbrella_purple","ExistenceContinue_purple","WorldDissolvedintheRealm_purple","Charmbait_purple","Extrememeaning_purpleEX","Mind Blast+1","Mirror_FormAndEmptin_purple","Umbrella_purple","Mirror_Drifter_purple","OmniscientAndOmnipotent_Monster_purple","Boundary_of_Extermination_purpleEX","Good Instincts","Mirror_FormAndEmptin_purple","AT_OneInchPunch","Mirror_WaveAndshot_purple","Secret Technique","Shallow_ocean_purpleEX+1","Worldmountain_purple","D_absorption_purple","Fantasy_PerpetualMotionMachine_purple","REME_ProfessionalPlagiarism","Pain","Doubt","Know_ledgeAbilityRealm_purple","WangLiang_LineAndCurveDreams_purple","Secret Technique","Doubt","Mind Blast","REME_BuildACard","Boundary_DreamRealityDamnation_purple","Anti_communist_purple","Fantasy_PerpetualMotionMachine_purple","AdvanceAttack_purple","Normality","REME_Flogging","Boundary_DynamicStaticEquilibrium_purple","Photoelasticity_Doppler_Effect_purple","Sadistic Nature","Writhe","Charmbait_purple","StateDuplicate_purple","MostiFishMod:PerfectForm","Pride","AT_BreakingExtremeWeapon","RitualDagger","REME_WheelOfFate","Shame","Gensokyo:ImpossibleRequest","Fancifulhole_purple","SharpContractionReality_purple","Shallow_ocean_purpleEX","Clumsy","MostiFishMod:OneDayCity","Anti_communist_purple+1","OpenedBox_purple+1","WorldDissolvedintheRealm_purple","Charmbait_purple","RealityDreamConfluencek_purple+1","REME_AllRoundStrike","SfantasyHide_purple","WorldDissolvedintheRealm_purple","MostiFishMod:StoryBook","ExternalForce_HighSpeedFlying_purple","MonsterNeedle_purple","The Bomb","MostiFishMod:MusicBox","Decay","Umbrella_purple+1","MeetDecomposer_purple","Doubt","Charmbait_purple","SharpContractionReality_purple","CommonSense_AntiCommonSense_purple","Nest_LightFlightworm_purple","WasteWire_Metro_purple","MostiFishMod:ElfcollectionBox+1","Regret","MostiFishMod:JungleRules+1","Boundary_LightAndDark_purple+1","Fantasy_PerpetualMotionMachine_purple","ExistenceContinue_purple","REME_MagicPocketWatch+1","Dark Shackles+1","Regret","REME_BuildACard+1","Yakumo_Ran_purple+1","Fantasy_PerpetualMotionMachine_purple","MostiFishMod:JungleRules+1","REME_PuzzleBox+1","Writhe"],"relics":["Cursed Key","Darkstone Periapt","Du-Vu Doll","Frozen Eye","Busted Crown","DaveBox","ice","REME_ComplimentaryCards","AT_ATBox","DiscerningMonocle","AT_TheCollector","AntiCross","SynthV:TestCard","MealTicket","CultistMask","Lizard Tail","AT_SunfireAegis","Nunchaku","Membership Card","WarpedTongs","Juzu Bracelet","PreservedInsect","DaCapo","Cauldron","Bag of Preparation","Vajra","TheEssenceOfRealm","Blue Candle","AT_ForceNature","Technique","BloodWine","REME_PuzzleBoxRelic","Bag of Marbles","Bronze Scales","Dodecahedron","RuthlessExorcism:ReiMu","FossilizedHelix","Anchor","REME_CardOfGreed","GreatHeart","yuri:PortableGlitches","Girya","AT_BellDemon","Potion Belt","Ginger","AT_MibuBalloonWealth","MetatronsCube","ScarletDevilRocket","CrazyTorch:ReiMu","ChiXiaoBlade","AT_BellowingDragoncrestRing","AT_SilvercatRing","AT_EbonyIvory","AT_DeathDance","Orrery","Orichalcum","HandDrill","SynthV:C4","Red Mask","AT_TimeSand","REME_IWantAll","BionicSphere","AT_RedTearstoneRing","Ice Cream","DianDianMeat","CaptainsWheel","Toxic Egg 2","REME_LimitBreaker","SynthV","Happy Flower","ImprovedEquipment","TimeFreeze","Thread and Needle","Oddly Smooth Stone","Lee\u0027s Waffle","OriginationStaff","Turnip"],"acts_visited":["Exordium","TheCity","TheBeyond","TheEnding"],"potions_floor_usage":[],"damage_taken":[{"damage":0.0,"enemies":"2 Louse","floor":1.0,"turns":1.0},{"damage":0.0,"enemies":"Jaw Worm","floor":4.0,"turns":1.0},{"damage":0.0,"enemies":"Lagavulin","floor":6.0,"turns":2.0},{"damage":3.0,"enemies":"The Guardian","floor":16.0,"turns":3.0},{"damage":0,"enemies":"3 Byrds","floor":18,"turns":1},{"damage":0,"enemies":"Gremlin Leader","floor":23,"turns":1},{"damage":0,"enemies":"Slavers","floor":25,"turns":1},{"damage":0,"enemies":"Gremlin Leader","floor":30,"turns":1},{"damage":0,"enemies":"Automaton","floor":33,"turns":1},{"damage":0,"enemies":"3 Shapes","floor":35,"turns":1},{"damage":0,"enemies":"Nemesis","floor":40,"turns":1},{"damage":0,"enemies":"2 Orb Walkers","floor":42,"turns":1},{"damage":0,"enemies":"Mind Bloom Boss Battle","floor":44,"turns":1},{"damage":0,"enemies":"Donu and Deca","floor":50,"turns":1},{"damage":0,"enemies":"Shield and Spear","floor":54,"turns":1},{"damage":0,"enemies":"The Heart","floor":55,"turns":3}],"seed_played":"-8563125037268042842","potions_obtained":[{"floor":6.0,"key":"GrandPatriotsElixir:ReiMu"},{"floor":10.0,"key":"Fruit Juice"},{"floor":10.0,"key":"CultistPotion"},{"floor":10.0,"key":"PowerPotion"},{"floor":18,"key":"DuplicationPotion"},{"floor":35,"key":"ColorlessPotion"},{"floor":40,"key":"CultistPotion"}],"is_trial":true,"path_per_floor":["M","?","?","M","?","E","$","?","T","$","$","?","?","$","R","B",null,"M","$","?","$","?","E","?","E","T","?","?","T","E","$","R","B",null,"M","$","$","?","?","E","?","?","T","?","$","?","$","?","R","B",null,"R","$","E","B",null],"character_chosen":"Youkari","items_purchased":["AT_SunfireAegis","Nunchaku","Membership Card","Shallow_ocean_purpleEX","Worldmountain_purple","D_absorption_purple","Fantasy_PerpetualMotionMachine_purple","REME_ProfessionalPlagiarism","LiquidBronze","GamblersBrew","PreservedInsect","DaCapo","Cauldron","Bag of Preparation","Vajra","TheEssenceOfRealm","Know_ledgeAbilityRealm_purple","WangLiang_LineAndCurveDreams_purple","Secret Technique","Blue Candle","AT_ForceNature","Technique","Mind Blast","REME_BuildACard","Boundary_DreamRealityDamnation_purple","Anti_communist_purple","Fantasy_PerpetualMotionMachine_purple","AdvanceAttack_purple","Bag of Marbles","Bronze Scales","Dodecahedron","Boundary_DynamicStaticEquilibrium_purple","Photoelasticity_Doppler_Effect_purple","Sadistic Nature","FossilizedHelix","Anchor","REME_CardOfGreed","Charmbait_purple","StateDuplicate_purple","MostiFishMod:PerfectForm","Ginger","AT_MibuBalloonWealth","MetatronsCube","SharpContractionReality_purple","Shallow_ocean_purpleEX","AT_EbonyIvory","AT_DeathDance","Orrery","REME_AllRoundStrike","SfantasyHide_purple","WorldDissolvedintheRealm_purple","Orichalcum","HandDrill","SynthV:C4","MostiFishMod:StoryBook","ExternalForce_HighSpeedFlying_purple","MonsterNeedle_purple","Toxic Egg 2","REME_LimitBreaker","SynthV","CommonSense_AntiCommonSense_purple","Nest_LightFlightworm_purple","WasteWire_Metro_purple","MostiFishMod:ElfcollectionBox+1","Happy Flower","ImprovedEquipment","TimeFreeze","MostiFishMod:JungleRules+1","Boundary_LightAndDark_purple+1","Fantasy_PerpetualMotionMachine_purple","ExistenceContinue_purple","Thread and Needle","Oddly Smooth Stone","Lee\u0027s Waffle","REME_BuildACard+1","Yakumo_Ran_purple+1","Fantasy_PerpetualMotionMachine_purple"],"campfire_rested":0,"item_purchase_floors":[7,7,7,7,7,7,7,7,7,7,10,10,10,11,11,11,11,11,11,14,14,14,14,14,14,14,14,14,19,19,19,19,19,19,21,21,21,21,21,21,31,31,31,31,31,36,36,36,36,36,36,37,37,37,37,37,37,45,45,45,45,45,45,45,47,47,47,47,47,47,47,53,53,53,53,53,53],"current_hp_per_floor":[68,61,61,61,61,63,62,67,72,76,75,74,79,78,77,80,81,80,79,84,83,88,87,81,81,87,87,87,93,92,91,90,95,94,93,92,91,90,89,88,93,94,99,103,120,132,169,195,194,213,212,211,265,303,327],"gold":1659,"neow_bonus":"","is_daily":false,"chose_seed":false,"campfire_upgraded":0,"win_rate":0.0,"timestamp":1609681909,"path_taken":["M","?","?","?","?","E","?","?","T","$","$","?","?","$","R","BOSS","M","$","?","$","?","E","?","E","T","?","?","?","E","?","R","BOSS","M","$","$","?","?","E","?","?","T","?","?","?","$","?","R","BOSS","R","$","E","BOSS"],"items_purchased_type":["Relic","Relic","Relic","Card","Card","Card","Card","Card","Potion","Potion","Relic","Relic","Relic","Relic","Relic","Relic","Card","Card","Card","Relic","Relic","Relic","Card","Card","Card","Card","Card","Card","Relic","Relic","Relic","Card","Card","Card","Relic","Relic","Relic","Card","Card","Card","Relic","Relic","Relic","Card","Card","Relic","Relic","Relic","Card","Card","Card","Relic","Relic","Relic","Card","Card","Card","Relic","Relic","Relic","Card","Card","Card","Card","Relic","Relic","Relic","Card","Card","Card","Card","Relic","Relic","Relic","Card","Card","Card"],"build_version":"2020-12-22","purchased_purges":2,"victory":true,"max_hp_per_floor":[68,67,66,65,64,63,62,67,72,76,75,74,79,78,77,82,81,80,79,84,83,88,87,86,85,90,89,88,93,92,91,90,95,94,93,92,91,90,89,88,93,94,99,103,120,132,169,195,194,213,212,211,265,303,327],"card_choices":[{"not_picked":["StateDuplicate_purple","Mirror_FormAndEmptin_purple"],"picked":"Umbrella_purple","floor":0.0},{"not_picked":["RuleDissolution_purple","MostiFishMod:ButterFly"],"picked":"Mirror_WaveAndshot_purple","floor":0.0},{"not_picked":["Deep Breath","Trip"],"picked":"ExistenceContinue_purple","floor":0.0},{"not_picked":["RuleDissolution_purple","SfantasyHide_purple"],"picked":"WorldDissolvedintheRealm_purple","floor":0.0},{"not_picked":["Umbrella_purple","DimensionStaggered_purple"],"picked":"Charmbait_purple","floor":0.0},{"not_picked":["Umbrella_purple","StateErode_purple"],"picked":"Mirror_FormAndEmptin_purple","floor":0.0},{"not_picked":["SharpContractionReality_purple","DimensionStaggered_purple"],"picked":"Extrememeaning_purpleEX","floor":0.0},{"not_picked":["StateErode_purple","DimensionStaggered_purple"],"picked":"Mind Blast","floor":0.0},{"not_picked":["SfantasyHide_purple","WingOfChimera_purple"],"picked":"Mirror_FormAndEmptin_purple","floor":0.0},{"not_picked":["StateErode_purple","Realm_recovery_purpleEX"],"picked":"Umbrella_purple","floor":0.0},{"not_picked":["MetroBOOM_purple","Mirror_FormAndEmptin_purple"],"picked":"Mirror_Drifter_purple","floor":0.0},{"not_picked":["Line_surface_state_purple","Deep Breath"],"picked":"OmniscientAndOmnipotent_Monster_purple","floor":0.0},{"not_picked":["Dramatic Entrance","DimensionStaggered_purple"],"picked":"Boundary_of_Extermination_purpleEX","floor":0.0},{"not_picked":["Umbrella_purple","OmniscientAndOmnipotent_Monster_purple"],"picked":"Good Instincts","floor":0.0},{"not_picked":["OpenedBox_purple","ExternalForce_HighSpeedFlying_purple"],"picked":"Mirror_FormAndEmptin_purple","floor":0.0},{"not_picked":["Sadistic Nature"],"picked":"Secret Technique","floor":6.0},{"not_picked":["Chrysalis"],"picked":"REME_Flogging","floor":16.0},{"not_picked":["MostiFishMod:BrokenBlackCloak"],"picked":"AT_BreakingExtremeWeapon","floor":23},{"not_picked":["Magnetism"],"picked":"REME_WheelOfFate","floor":25},{"not_picked":["AT_FamilyPortrait"],"picked":"Fancifulhole_purple","floor":30},{"not_picked":["WasteWire_Metro_purple"],"picked":"MostiFishMod:OneDayCity","floor":33},{"not_picked":["StateDuplicate_purple"],"picked":"Anti_communist_purple+1","floor":36},{"not_picked":["Finesse+1"],"picked":"OpenedBox_purple+1","floor":36},{"not_picked":["MeetDecomposer_purple+1"],"picked":"WorldDissolvedintheRealm_purple","floor":36},{"not_picked":["REME_ShortnessOfBreath"],"picked":"Charmbait_purple","floor":36},{"not_picked":["Photoelasticity_Doppler_Effect_purple+1"],"picked":"RealityDreamConfluencek_purple+1","floor":36},{"not_picked":["The Bomb","MostiFishMod:MusicBox"],"picked":"Singing Bowl","floor":40},{"not_picked":["Umbrella_purple+1","MeetDecomposer_purple"],"picked":"Singing Bowl","floor":42},{"not_picked":["Charmbait_purple","SharpContractionReality_purple"],"picked":"Singing Bowl","floor":44},{"not_picked":["REME_MagicPocketWatch+1","Dark Shackles+1"],"picked":"Singing Bowl","floor":48},{"not_picked":["MostiFishMod:JungleRules+1","REME_PuzzleBox+1"],"picked":"Singing Bowl","floor":54}],"player_experience":54870,"relics_obtained":[{"floor":1.0,"key":"AntiCross"},{"floor":1.0,"key":"SynthV:TestCard"},{"floor":4.0,"key":"MealTicket"},{"floor":6.0,"key":"Lizard Tail"},{"floor":9.0,"key":"Juzu Bracelet"},{"floor":18,"key":"REME_PuzzleBoxRelic"},{"floor":23,"key":"yuri:PortableGlitches"},{"floor":25,"key":"Girya"},{"floor":26,"key":"AT_BellDemon"},{"floor":30,"key":"Potion Belt"},{"floor":33,"key":"CrazyTorch:ReiMu"},{"floor":35,"key":"AT_BellowingDragoncrestRing"},{"floor":35,"key":"AT_SilvercatRing"},{"floor":40,"key":"AT_TimeSand"},{"floor":40,"key":"REME_IWantAll"},{"floor":42,"key":"BionicSphere"},{"floor":42,"key":"AT_RedTearstoneRing"},{"floor":43,"key":"Ice Cream"},{"floor":44,"key":"DianDianMeat"},{"floor":44,"key":"CaptainsWheel"},{"floor":54,"key":"OriginationStaff"},{"floor":54,"key":"Turnip"}],"event_choices":[{"damage_healed":0.0,"max_hp_gain":0.0,"max_hp_loss":0.0,"gold_gain":0.0,"event_name":"The Woman in Blue","player_choice":"Bought 0 Potions","floor":3.0,"gold_loss":0.0,"damage_taken":0.0},{"damage_healed":0.0,"max_hp_gain":0.0,"max_hp_loss":0.0,"gold_gain":0.0,"event_name":"FaceTrader","player_choice":"Trade","floor":5.0,"gold_loss":0.0,"damage_taken":0.0,"relics_obtained":["CultistMask"]},{"damage_healed":0.0,"max_hp_gain":0.0,"max_hp_loss":0.0,"gold_gain":0.0,"event_name":"Accursed Blacksmith","player_choice":"Rummage","floor":8.0,"gold_loss":0.0,"damage_taken":0.0,"relics_obtained":["WarpedTongs"],"cards_obtained":["Pain"]},{"cards_removed":["Mirror_WaveAndshot_purple"],"damage_healed":0.0,"max_hp_gain":0.0,"max_hp_loss":0.0,"gold_gain":0.0,"event_name":"The Cleric","player_choice":"Card Removal","floor":12.0,"gold_loss":50.0,"damage_taken":0.0},{"damage_healed":0.0,"max_hp_gain":0.0,"max_hp_loss":0.0,"gold_gain":175.0,"event_name":"Liars Game","player_choice":"AGREE","floor":13.0,"gold_loss":0.0,"damage_taken":0.0,"cards_obtained":["Doubt"]},{"damage_healed":0,"gold_gain":0,"player_choice":"Opened","damage_taken":0,"relics_obtained":["RuthlessExorcism:ReiMu"],"max_hp_gain":0,"max_hp_loss":0,"event_name":"The Mausoleum","floor":20,"gold_loss":0,"cards_obtained":["Writhe"]},{"damage_healed":0,"gold_gain":0,"player_choice":"Joined the Cult","damage_taken":6,"max_hp_gain":0,"max_hp_loss":0,"event_name":"Nest","floor":24,"gold_loss":0,"cards_obtained":["RitualDagger"]},{"damage_healed":0,"gold_gain":0,"player_choice":"Ignored","damage_taken":0,"max_hp_gain":0,"max_hp_loss":0,"event_name":"Vampires","floor":27,"gold_loss":0},{"cards_removed":["Mirror_WaveAndshot_purple"],"damage_healed":0,"gold_gain":0,"player_choice":"Elegance","damage_taken":0,"max_hp_gain":0,"max_hp_loss":0,"event_name":"Back to Basics","floor":28,"gold_loss":0},{"cards_removed":["Mirror_FormAndEmptin_purple"],"damage_healed":0,"gold_gain":0,"player_choice":"Removed Skill","damage_taken":0,"max_hp_gain":0,"max_hp_loss":0,"event_name":"Falling","floor":38,"gold_loss":0},{"damage_healed":0,"gold_gain":0,"player_choice":"Paid","damage_taken":0,"relics_obtained":["Red Mask"],"max_hp_gain":0,"max_hp_loss":0,"event_name":"Tomb of Lord Red Mask","floor":39,"gold_loss":2022},{"damage_healed":0,"gold_gain":0,"player_choice":"Cursed","damage_taken":0,"max_hp_gain":0,"max_hp_loss":0,"event_name":"Wheel of Change","floor":41,"gold_loss":0,"cards_obtained":["Decay"]},{"damage_healed":0,"gold_gain":0,"player_choice":"Fight","damage_taken":0,"max_hp_gain":0,"max_hp_loss":0,"event_name":"Mysterious Sphere","floor":42,"gold_loss":0},{"damage_healed":0,"gold_gain":0,"player_choice":"Fight","damage_taken":0,"max_hp_gain":0,"max_hp_loss":0,"event_name":"MindBloom","floor":44,"gold_loss":0},{"damage_healed":0,"gold_gain":275,"player_choice":"Desecrate","damage_taken":0,"max_hp_gain":0,"max_hp_loss":0,"event_name":"Golden Shrine","floor":46,"gold_loss":0,"cards_obtained":["Regret"]},{"damage_healed":0,"gold_gain":0,"player_choice":"Memory 1","damage_taken":0,"max_hp_gain":0,"max_hp_loss":0,"event_name":"SensoryStone","floor":48,"gold_loss":0}],"is_beta":false,"boss_relics":[{"not_picked":["REME_LowDesire","ShadowXiaoBlade"],"picked":"BloodWine"},{"not_picked":["RhineCircuit","TimeKeys"],"picked":"ChiXiaoBlade"}],"items_purged_floors":[7,19],"is_endless":false,"potions_floor_spawned":[6,18,23,35,40,42,44],"ascension_level":0}}