{"host":"i2ir6b55gxkcwpt4","time":1609696794,"event":{"mods":["BaseMod","Colored Map","Colored Powertips","KinomotoSakuraMod(ƒæ÷Æ±æ”£)","Marisa£®ÏF”Í°°ƒß¿Ì…≥£©","Minty Spire (QoL Compilation)","Reimu£®≤©¿ˆ¡È√Œ£©","Remilia£®¿Ÿ√◊¿Ú—«£©"],"gold_per_floor":[109,109,69,88,98,98,98,23,23,37,53,53,7,24,24,128,128,142,161,185,296,321,361,373,411,423,14,14,29,29,45,45,143,143,160,160,172,189,232,232,243,273,344,372,385,385,385,15,15,15],"floor_reached":51,"playtime":7099,"items_purged":["Regret"],"score":994,"play_id":"2280a523-c589-4b71-a350-9288772d375b","local_time":"20210104015954","is_ascension_mode":false,"campfire_choices":[{"data":"ClowCardTheFreeze","floor":7.0,"key":"SMITH"},{"data":"ClowCardTheSand","floor":12.0,"key":"SMITH"},{"floor":15.0,"key":"REST"},{"floor":28,"key":"REST"},{"data":"Chrysalis","floor":30,"key":"SMITH"},{"data":"ClowCardTheLight","floor":32,"key":"SMITH"},{"data":"ClowCardTheNothing","floor":40,"key":"SMITH"},{"floor":46,"key":"RECALL"},{"data":"ClowCardTheShot","floor":49,"key":"SMITH"}],"circlet_count":30,"master_deck":["SakuraCardTheArrow+","SakuraCardTheShadow+","SpellCardSeal","SpellCardRelease","ClowCardTheFreeze+1","ClowCardTheIllusion","Madness+1","ClowCardTheSand+1","ClowCardTheErase","ClowCardTheChange","ClowCardTheShot+1","ClowCardTheDash","ClowCardTheDash+1","ClowCardTheWood+1","ClowCardTheWatery","ClowCardTheMirror","ClowCardTheSand","ClowCardTheDream","ClowCardTheVoice+1","Chrysalis+1","ClowCardTheJump+1","ClowCardTheFly+1","ClowCardTheLight+1","ClowCardTheFirey","ClowCardTheSnow","ClowCardTheDream","ClowCardTheSleep","ClowCardTheDash","ClowCardTheFloat+1","ClowCardTheMove","ClowCardTheSong+1","ClowCardTheNothing+1","ClowCardTheShadow","ClowCardTheBubbles+1","ClowCardTheStorm+1","ClowCardTheMist+1","Parasite","ClowCardTheLittle+1","Master of Strategy","ClowCardTheDream"],"relics":["KSMOD_SealedBook","KSMOD_SealedWand","Circlet","Nunchaku","PaintedHorse:ReiMu","KSMOD_RollerSkates","Gremlin Horn","Astrolabe","MawBank","Dream Catcher","Red Mask","FossilizedHelix","KSMOD_TomoyosHeart","Pandora\u0027s Box","Mango","Lantern","Ornamental Fan","KSMOD_Cerberus","Medical Kit"],"acts_visited":["Exordium","TheCity","TheBeyond"],"potions_floor_usage":[42],"damage_taken":[{"damage":0.0,"enemies":"2 Louse","floor":1.0,"turns":2.0},{"damage":4.0,"enemies":"Jaw Worm","floor":4.0,"turns":4.0},{"damage":0.0,"enemies":"Cultist","floor":5.0,"turns":3.0},{"damage":0.0,"enemies":"Exordium Wildlife","floor":10.0,"turns":3.0},{"damage":0.0,"enemies":"3 Louse","floor":11.0,"turns":2.0},{"damage":9.0,"enemies":"Blue Slaver","floor":14.0,"turns":3.0},{"damage":0.0,"enemies":"Slime Boss","floor":16.0,"turns":5.0},{"damage":0,"enemies":"Spheric Guardian","floor":18,"turns":4},{"damage":4,"enemies":"Shell Parasite","floor":19,"turns":4},{"damage":0,"enemies":"Shelled Parasite and Fungi","floor":20,"turns":4},{"damage":4,"enemies":"Snake Plant","floor":22,"turns":4},{"damage":13,"enemies":"Book of Stabbing","floor":23,"turns":5},{"damage":0,"enemies":"Masked Bandits","floor":25,"turns":3},{"damage":0,"enemies":"Snecko","floor":29,"turns":5},{"damage":0,"enemies":"Sentry and Sphere","floor":31,"turns":3},{"damage":0,"enemies":"Collector","floor":33,"turns":8},{"damage":0,"enemies":"3 Shapes","floor":35,"turns":4},{"damage":0,"enemies":"Orb Walker","floor":37,"turns":4},{"damage":0,"enemies":"Maw","floor":38,"turns":5},{"damage":0,"enemies":"KSMOD_TheNothingMonster","floor":39,"turns":4},{"damage":0,"enemies":"Jaw Worm Horde","floor":41,"turns":3},{"damage":0,"enemies":"Nemesis","floor":42,"turns":2},{"damage":0,"enemies":"Giant Head","floor":44,"turns":2},{"damage":0,"enemies":"Writhing Mass","floor":45,"turns":3},{"damage":0,"enemies":"Awakened One","floor":50,"turns":8}],"seed_played":"-4459376009725379211","potions_obtained":[{"floor":1.0,"key":"DuplicationPotion"},{"floor":10.0,"key":"Regen Potion"},{"floor":11.0,"key":"FairyPotion"},{"floor":20,"key":"SteroidPotion"},{"floor":22,"key":"FearPotion"},{"floor":23,"key":"KSMOD_MagickBottle"},{"floor":38,"key":"Strength Potion"},{"floor":42,"key":"Fruit Juice"}],"is_trial":false,"path_per_floor":["M","?","?","M","M","?","R","$","T","M","M","R","$","M","R","B",null,"M","M","M","?","M","E","?","?","T","$","R","M","R","M","R","B",null,"M","?","M","M","?","R","M","E","T","E","M","R","?","$","R","B",null],"character_chosen":"KINOMOTOSAKURA","items_purchased":["ClowCardTheChange","KSMOD_TomoyosHeart","Chrysalis","Medical Kit","Master of Strategy","ClowCardTheDream"],"campfire_rested":2,"item_purchase_floors":[13,27,27,48,48,48],"current_hp_per_floor":[70,70,70,66,66,54,54,54,54,54,54,54,54,49,70,70,70,70,66,66,66,62,49,49,49,49,49,70,70,70,70,70,70,70,70,70,84,84,84,84,84,89,89,89,89,89,89,89,89,89],"gold":15,"neow_bonus":"","is_daily":false,"chose_seed":false,"campfire_upgraded":6,"win_rate":0.0,"timestamp":1609696794,"path_taken":["M","?","?","M","M","?","R","$","T","M","M","R","?","M","R","BOSS","M","M","M","?","M","E","?","?","T","?","R","M","R","?","R","BOSS","M","?","?","?","?","R","M","E","T","E","M","R","?","$","R","BOSS"],"items_purchased_type":["Card","Relic","Card","Relic","Card","Card"],"build_version":"2020-12-22","purchased_purges":1,"victory":true,"max_hp_per_floor":[70,70,70,70,70,70,70,70,70,70,70,70,70,70,70,70,70,70,70,70,70,70,70,70,70,70,70,70,70,70,70,70,70,70,70,70,84,84,84,84,84,89,89,89,89,89,89,89,89,89],"card_choices":[{"not_picked":["MeatLantern","Scorched"],"picked":"Freischutz","floor":1.0},{"not_picked":["ClowCardTheVoice","ClowCardTheLock"],"picked":"ClowCardTheShadow","floor":1.0},{"not_picked":["ClowCardTheFly","ClowCardTheFirey"],"picked":"ClowCardTheFreeze","floor":4.0},{"not_picked":["ClowCardTheVoice","ClowCardTheFly"],"picked":"ClowCardTheIllusion","floor":5.0},{"not_picked":["SingingMachine","Funeral"],"picked":"FairyFestival","floor":10.0},{"not_picked":["ClowCardTheFloat","ClowCardTheBig"],"picked":"ClowCardTheSand","floor":10.0},{"not_picked":["ClowCardTheArrow","ClowCardTheSnow"],"picked":"ClowCardTheErase","floor":11.0},{"not_picked":["ClowCardTheArrow","ClowCardTheMirror"],"picked":"ClowCardTheShot","floor":14.0},{"not_picked":["ClowCardTheTime","ClowCardTheReturn"],"picked":"ClowCardTheDash","floor":16.0},{"not_picked":["ClowCardTheEarthy","ClowCardTheSilent"],"picked":"ClowCardTheWatery","floor":18},{"not_picked":["ClowCardTheLock","ClowCardTheLibra"],"picked":"ClowCardTheMirror","floor":19},{"not_picked":["ClowCardTheFreeze","ClowCardTheGlow+1"],"picked":"ClowCardTheSand","floor":20},{"not_picked":["ClowCardTheSand","ClowCardTheCloud"],"picked":"ClowCardTheDream","floor":22},{"not_picked":["ClowCardTheDream","ClowCardTheMirror+1"],"picked":"ClowCardTheVoice+1","floor":23},{"not_picked":["ClowCardTheShadow","ClowCardTheChange"],"picked":"ClowCardTheArrow+1","floor":25},{"not_picked":["ClowCardTheMaze","ClowCardTheIllusion"],"picked":"ClowCardTheJump+1","floor":28},{"not_picked":["ClowCardTheLittle+1","ClowCardTheEarthy"],"picked":"ClowCardTheFly+1","floor":29},{"not_picked":["ClowCardTheFirey","ClowCardThePower"],"picked":"ClowCardTheLight","floor":31},{"not_picked":["ClowCardTheLight","ClowCardTheDark"],"picked":"ClowCardTheCreate","floor":33},{"not_picked":["ClowCardTheErase","ClowCardTheSilent"],"picked":"ClowCardTheFloat+1","floor":35},{"not_picked":["ClowCardTheSweet","ClowCardTheSong"],"picked":"ClowCardTheMove","floor":37},{"not_picked":["ClowCardTheDream+1","ClowCardThePower"],"picked":"ClowCardTheSong+1","floor":38},{"not_picked":["ClowCardTheSleep+1","ClowCardTheShot"],"picked":"ClowCardTheShadow","floor":39},{"not_picked":["ClowCardTheJump","ClowCardTheShot"],"picked":"ClowCardTheBubbles+1","floor":41},{"not_picked":["ClowCardTheDark","ClowCardTheIllusion+1"],"picked":"ClowCardTheStorm+1","floor":42},{"not_picked":["ClowCardTheFirey+1","ClowCardTheMaze"],"picked":"ClowCardTheMist+1","floor":44},{"not_picked":["ClowCardTheMist","ClowCardTheLibra"],"picked":"ClowCardTheLittle+1","floor":45}],"player_experience":66457,"relics_obtained":[{"floor":1.0,"key":"LetterFromLob"},{"floor":9.0,"key":"Gremlin Horn"},{"floor":19,"key":"MawBank"},{"floor":23,"key":"Dream Catcher"},{"floor":25,"key":"Red Mask"},{"floor":26,"key":"FossilizedHelix"},{"floor":37,"key":"Mango"},{"floor":42,"key":"Lantern"},{"floor":43,"key":"Ornamental Fan"},{"floor":44,"key":"KSMOD_Cerberus"}],"event_choices":[{"damage_healed":0.0,"max_hp_gain":0.0,"max_hp_loss":0.0,"gold_gain":0.0,"event_name":"Big Fish","player_choice":"Box","floor":2.0,"gold_loss":0.0,"damage_taken":0.0,"relics_obtained":["Nunchaku"],"cards_obtained":["Regret"]},{"damage_healed":0.0,"max_hp_gain":0.0,"max_hp_loss":0.0,"gold_gain":0.0,"event_name":"yidonshenshe","player_choice":"»˚«Æ","floor":3.0,"gold_loss":40.0,"damage_taken":0.0,"relics_obtained":["PaintedHorse:ReiMu"]},{"damage_healed":0.0,"max_hp_gain":0.0,"max_hp_loss":0.0,"gold_gain":0.0,"event_name":"Scrap Ooze","player_choice":"Success","floor":6.0,"gold_loss":0.0,"damage_taken":12.0,"relics_obtained":["KSMOD_RollerSkates"]},{"damage_healed":0,"gold_gain":99,"player_choice":"Stole From Cult","damage_taken":0,"max_hp_gain":0,"max_hp_loss":0,"event_name":"Nest","floor":21,"gold_loss":0},{"damage_healed":0,"gold_gain":0,"player_choice":"Ignored","damage_taken":0,"max_hp_gain":0,"max_hp_loss":0,"event_name":"Ghosts","floor":24,"gold_loss":0},{"damage_healed":0,"gold_gain":0,"player_choice":"Fought Bandits","damage_taken":0,"max_hp_gain":0,"max_hp_loss":0,"event_name":"Masked Bandits","floor":25,"gold_loss":0},{"damage_healed":0,"gold_gain":0,"player_choice":"Bought 0 Potions","damage_taken":0,"max_hp_gain":0,"max_hp_loss":0,"event_name":"The Woman in Blue","floor":36,"gold_loss":0},{"damage_healed":0,"gold_gain":0,"player_choice":"Upgraded","damage_taken":0,"max_hp_gain":0,"max_hp_loss":0,"event_name":"Upgrade Shrine","floor":47,"gold_loss":0,"cards_upgraded":["Madness"]}],"is_beta":false,"boss_relics":[{"not_picked":["Coffee Dripper","Empty Cage"],"picked":"Astrolabe"},{"not_picked":["Fusion Hammer","Tiny House"],"picked":"Pandora\u0027s Box"}],"items_purged_floors":[8],"is_endless":false,"potions_floor_spawned":[1,10,11,20,22,23,25,35,38,41,42],"ascension_level":0}}