{"host":"cyiefo55v5hz1ih5","time":1609632726,"event":{"mods":["2.2 Compatiblity","AchievementEnabler","BaseMod","GifTheSpireLib","Hubris","Minty Spire (QoL Compilation)","Replay The Spire","Spicy Shops","StSLib","The Animator"],"gold_per_floor":[115,142,142,228,228,258,258,274,298,310,334,368,368,385,385,486,486,502,601,601,601,110,110,110,110],"floor_reached":24,"playtime":2123,"items_purged":["animator:Strike"],"score":214,"play_id":"d194e53f-be18-4ede-b21a-3421ebcb0b50","local_time":"20210102191206","is_ascension_mode":true,"campfire_choices":[{"floor":7,"key":"REST"},{"floor":15,"key":"REST"},{"floor":23,"key":"REST"}],"circlet_count":0,"master_deck":["animator:Strike_Fate+1","animator:Defend_Fate","animator:Defend","animator:Defend","animator:Defend+1","animator:Alexander","animator:Rider","animator:Lancer","animator:YachiyoNanami","animator:WinryRockbell","animator:RinTohsaka","animator:Caster","animator:Assassin","animator:Ainz","animator:EmiyaShirou"],"relics":["animator:LivingPicture","animator:TheMissingPiece","Pet Ghost","animator:Buoy","ReplayTheSpireMod:TigerMarble","Philosopher\u0027s Stone","Membership Card","hubris:Potato","Dream Catcher","Bronze Scales"],"acts_visited":["Exordium","TheCity"],"potions_floor_usage":[6,6,6,12,14,18],"damage_taken":[{"damage":0,"enemies":"Small Slimes","floor":1,"turns":4},{"damage":1,"enemies":"Jaw Worm","floor":2,"turns":4},{"damage":16,"enemies":"Lagavulin","floor":6,"turns":7},{"damage":6,"enemies":"Cultist","floor":8,"turns":4},{"damage":8,"enemies":"Large Slime","floor":10,"turns":10},{"damage":1,"enemies":"Exordium Thugs","floor":11,"turns":5},{"damage":7,"enemies":"Gremlin Nob","floor":12,"turns":5},{"damage":0,"enemies":"Blue Slaver","floor":14,"turns":1},{"damage":21,"enemies":"Slime Boss","floor":16,"turns":11},{"damage":27,"enemies":"3 Byrds","floor":18,"turns":9},{"damage":14,"enemies":"Gremlin Leader","floor":24,"turns":3}],"seed_played":"152210848372043456","potions_obtained":[{"floor":2,"key":"FearPotion"},{"floor":4,"key":"GamblersBrew"},{"floor":5,"key":"Regen Potion"},{"floor":5,"key":"Energy Potion"},{"floor":6,"key":"Block Potion"},{"floor":11,"key":"Fire Potion"},{"floor":14,"key":"Strength Potion"},{"floor":18,"key":"Fire Potion"}],"is_trial":false,"path_per_floor":["M","M","?","?","?","E","R","M","T","M","M","E","?","M","R","B",null,"M","?","?","?","$","R","E"],"character_chosen":"THE_ANIMATOR","items_purchased":["Membership Card","hubris:Potato","Dream Catcher","Bronze Scales"],"campfire_rested":3,"item_purchase_floors":[22,22,22,22],"current_hp_per_floor":[66,65,52,36,36,35,54,49,49,41,40,33,33,33,53,32,67,41,41,41,29,29,50,36,36],"gold":110,"neow_bonus":"REMOVE_CARD","is_daily":false,"chose_seed":false,"campfire_upgraded":0,"win_rate":0.0,"timestamp":1609632726,"path_taken":["M","M","?","?","?","E","R","?","T","M","M","E","?","M","R","BOSS","M","?","?","?","$","R","E"],"items_purchased_type":["Relic","Relic","Relic","Relic"],"build_version":"2020-12-22","purchased_purges":1,"victory":false,"max_hp_per_floor":[66,66,66,66,66,66,66,67,67,67,67,67,67,67,67,67,67,68,68,68,73,73,73,73,73],"card_choices":[{"not_picked":["animator:Azekura","animator:Shalltear","animator:SuzuneAmano"],"picked":"SKIP","floor":1},{"not_picked":["animator:Alexander","animator:ElricEdward"],"picked":"animator:Lancer","floor":2},{"not_picked":["animator:MamiTomoe","animator:Aisha"],"picked":"animator:YachiyoNanami","floor":4},{"not_picked":["animator:Entoma","animator:MumenRider"],"picked":"animator:WinryRockbell","floor":6},{"not_picked":["animator:Alexander","animator:Assassin"],"picked":"animator:RinTohsaka","floor":8},{"not_picked":["animator:Sebas","animator:Rider","animator:OrikoMikuni"],"picked":"SKIP","floor":10},{"not_picked":["animator:Emonzaemon","animator:ZankiKiguchi"],"picked":"animator:Caster","floor":11},{"not_picked":["animator:Laby","animator:Elsword","animator:Emonzaemon"],"picked":"SKIP","floor":12},{"not_picked":["animator:HomuraAkemi","animator:Kyubey"],"picked":"animator:Ainz","floor":16},{"not_picked":["animator:Togame","animator:Sebas"],"picked":"animator:EmiyaShirou","floor":18}],"player_experience":672276,"relics_obtained":[{"floor":4,"key":"Pet Ghost"},{"floor":6,"key":"animator:Buoy"},{"floor":12,"key":"ReplayTheSpireMod:TigerMarble"}],"event_choices":[{"damage_healed":0,"gold_gain":0,"player_choice":"Entered Light","damage_taken":13,"max_hp_gain":0,"max_hp_loss":0,"event_name":"Shining Light","floor":3,"gold_loss":0,"cards_upgraded":["animator:Strike_Fate","animator:Defend"]},{"damage_healed":0,"gold_gain":0,"player_choice":"Got Potions","damage_taken":0,"max_hp_gain":0,"max_hp_loss":0,"event_name":"Lab","floor":5,"gold_loss":0},{"damage_healed":0,"gold_gain":0,"cards_transformed":["animator:Strike"],"player_choice":"Transformed","damage_taken":0,"max_hp_gain":0,"max_hp_loss":0,"event_name":"Transmorgrifier","floor":13,"gold_loss":0,"cards_obtained":["animator:Assassin"]},{"damage_healed":0,"gold_gain":99,"player_choice":"Stole From Cult","damage_taken":0,"max_hp_gain":0,"max_hp_loss":0,"event_name":"Nest","floor":19,"gold_loss":0},{"damage_healed":0,"gold_gain":0,"player_choice":"Ignored","damage_taken":0,"max_hp_gain":0,"max_hp_loss":0,"event_name":"Vampires","floor":20,"gold_loss":0},{"damage_healed":0,"gold_gain":0,"player_choice":"Shed Blood","damage_taken":17,"max_hp_gain":5,"max_hp_loss":0,"event_name":"Forgotten Altar","floor":21,"gold_loss":0}],"is_beta":false,"boss_relics":[{"not_picked":["Replay:Drink Me","Busted Crown"],"picked":"Philosopher\u0027s Stone"}],"items_purged_floors":[22],"is_endless":false,"potions_floor_spawned":[2,6,11,14,18],"killed_by":"Gremlin Leader","ascension_level":1}}