{"host":"2461dio7vetlq1z3","time":1609682713,"event":{"mods":["2.2 Compatiblity","AchievementEnabler","Aspiration","BaseMod","Better Third Choice","Friendly Minions","Minty Spire (QoL Compilation)","Relic Stats","Spicy Shops","StSLib","Waifu the Spire"],"gold_per_floor":[114,133,58,133,133,133,144,158,158,158,158],"floor_reached":10,"playtime":352,"items_purged":[],"score":116,"play_id":"da45fa77-fa1b-4c30-899d-7489f72b4dc8","local_time":"20210103150513","is_ascension_mode":true,"campfire_choices":[{"data":"Chaos","floor":6,"key":"SMITH"}],"circlet_count":0,"master_deck":["AscendersBane","Strike_B","Strike_B","Strike_B","Defend_B","Defend_B","Defend_B","Defend_B","Zap","Dualcast","Sunder+1","Chaos+1","Loop","Sweeping Beam"],"relics":["Cracked Core","aspiration:Nostalgia","Ring of the Snake","aspiration:FaultyCoupler"],"acts_visited":["Exordium"],"potions_floor_usage":[10],"damage_taken":[{"damage":14,"enemies":"Jaw Worm","floor":1,"turns":4},{"damage":0,"enemies":"Small Slimes","floor":2,"turns":3},{"damage":0,"enemies":"Cultist","floor":7,"turns":3},{"damage":8,"enemies":"Blue Slaver","floor":8,"turns":3},{"damage":36,"enemies":"Gremlin Nob","floor":10,"turns":3}],"seed_played":"-405584982371783408","potions_obtained":[{"floor":1,"key":"AttackPotion"},{"floor":2,"key":"Regen Potion"},{"floor":7,"key":"Explosive Potion"}],"is_trial":false,"path_per_floor":["M","M","?","?","?","R","M","M","T","E"],"character_chosen":"DEFECT","items_purchased":[],"campfire_rested":0,"item_purchase_floors":[],"current_hp_per_floor":[50,50,50,39,39,39,39,31,31,0,0],"gold":158,"neow_bonus":"NOSTALGIA","is_daily":false,"chose_seed":false,"campfire_upgraded":1,"win_rate":0.0,"timestamp":1609682713,"path_taken":["M","M","?","?","?","R","?","M","T","E"],"items_purchased_type":[],"build_version":"2020-12-22","purchased_purges":0,"victory":false,"max_hp_per_floor":[71,71,71,71,71,71,71,71,71,71,71],"relic_stats":{"counters":[5,16],"obtain_stats":[{"aspiration:Nostalgia":0,"Cracked Core":0,"Ring of the Snake":0,"aspiration:FaultyCoupler":9},{"aspiration:Nostalgia":0,"Cracked Core":0,"Ring of the Snake":0,"aspiration:FaultyCoupler":4},{"aspiration:Nostalgia":0,"Cracked Core":0,"Ring of the Snake":0,"aspiration:FaultyCoupler":13}],"Ring of the Snake":[10]},"card_choices":[{"not_picked":["Coolheaded","Compile Driver"],"picked":"Sunder","floor":1},{"not_picked":["Lockon","Hologram"],"picked":"Chaos","floor":2},{"not_picked":["Gash","Leap"],"picked":"Loop","floor":7},{"not_picked":["Stack","Fusion"],"picked":"Sweeping Beam","floor":8}],"player_experience":1033775,"relics_obtained":[{"floor":9,"key":"aspiration:FaultyCoupler"}],"event_choices":[{"cards_removed":["Strike_B"],"damage_healed":0,"gold_gain":0,"player_choice":"Card Removal","damage_taken":0,"max_hp_gain":0,"max_hp_loss":0,"event_name":"The Cleric","floor":3,"gold_loss":75},{"damage_healed":0,"gold_gain":75,"player_choice":"Gold","damage_taken":11,"max_hp_gain":0,"max_hp_loss":0,"event_name":"betterThird:BetterGoop","floor":4,"gold_loss":0},{"damage_healed":0,"gold_gain":0,"player_choice":"Grow","damage_taken":0,"max_hp_gain":0,"max_hp_loss":0,"event_name":"Living Wall","floor":5,"gold_loss":0,"cards_upgraded":["Sunder"]}],"is_beta":false,"boss_relics":[],"items_purged_floors":[],"is_endless":false,"potions_floor_spawned":[1,2,7],"killed_by":"Gremlin Nob","ascension_level":20}}