{"host":"1eo5f82aifdzd7pr","time":1609694803,"event":{"mods":["AchievementEnabler","BaseMod","Colored Map","Colored Powertips","DeckTracker","Marisa????????","Minty Spire (QoL Compilation)","StSLib","SuperFastMode"],"gold_per_floor":[115,129,148,148,161,161,161,161,184,30,43,43,77,77,77,77,77],"floor_reached":16,"playtime":550,"items_purged":["Strike_P"],"score":220,"play_id":"7e413822-c3a7-420d-9097-530ac4dae51f","local_time":"20210103192643","is_ascension_mode":true,"campfire_choices":[{"data":"Eruption","floor":6.0,"key":"SMITH"},{"data":"Vigilance","floor":8,"key":"SMITH"},{"data":"Wallop","floor":12,"key":"SMITH"},{"data":"DeceiveReality","floor":15,"key":"SMITH"}],"circlet_count":0,"master_deck":["AscendersBane","Strike_P","Strike_P","Defend_P","Defend_P","Defend_P","Defend_P","Eruption+1","Vigilance+1","Wallop+1","ThirdEye","DeceiveReality+1"],"relics":["PureWater","Toy Ornithopter","Tiny Chest"],"acts_visited":["Exordium"],"potions_floor_usage":[7,13],"damage_taken":[{"damage":2.0,"enemies":"Jaw Worm","floor":1.0,"turns":4.0},{"damage":2.0,"enemies":"2 Louse","floor":2.0,"turns":4.0},{"damage":0.0,"enemies":"Cultist","floor":3.0,"turns":3.0},{"damage":9.0,"enemies":"Large Slime","floor":5.0,"turns":5.0},{"damage":0,"enemies":"3 Sentries","floor":7,"turns":2},{"damage":0,"enemies":"Exordium Thugs","floor":11,"turns":4},{"damage":9,"enemies":"Lagavulin","floor":13,"turns":6},{"damage":59,"enemies":"Hexaghost","floor":16,"turns":14}],"seed_played":"-6802695153011116607","potions_obtained":[{"floor":2.0,"key":"EntropicBrew"},{"floor":11,"key":"Energy Potion"}],"is_trial":false,"path_per_floor":["M","M","M","?","M","R","E","R","T","$","M","R","E","$","R","B"],"character_chosen":"WATCHER","items_purchased":["Wallop"],"campfire_rested":0,"item_purchase_floors":[10],"current_hp_per_floor":[65,63,63,63,54,54,54,54,54,54,54,54,50,50,50,0,0],"gold":77,"neow_bonus":"TEN_PERCENT_HP_BONUS","is_daily":false,"chose_seed":false,"campfire_upgraded":4,"win_rate":0.0,"timestamp":1609694803,"path_taken":["M","M","M","?","M","R","E","R","T","$","M","R","E","$","R","BOSS"],"items_purchased_type":["Card"],"build_version":"2020-12-22","purchased_purges":1,"victory":false,"max_hp_per_floor":[74,74,74,74,74,74,74,74,74,74,74,74,74,74,74,74,74],"card_choices":[{"not_picked":["BowlingBash","SashWhip","Worship"],"picked":"SKIP","floor":1.0},{"not_picked":["Indignation","Perseverance","Halt"],"picked":"SKIP","floor":2.0},{"not_picked":["JustLucky","FollowUp","Evaluate"],"picked":"SKIP","floor":3.0},{"not_picked":["Indignation","PathToVictory","Consecrate"],"picked":"SKIP","floor":5.0},{"not_picked":["JustLucky","Swivel"],"picked":"ThirdEye","floor":11},{"not_picked":["Protect","Ragnarok"],"picked":"DeceiveReality","floor":13}],"player_experience":763446,"relics_obtained":[{"floor":9,"key":"Toy Ornithopter"},{"floor":13,"key":"Tiny Chest"}],"event_choices":[{"cards_removed":["Strike_P"],"damage_healed":0.0,"max_hp_gain":0.0,"max_hp_loss":0.0,"gold_gain":0.0,"event_name":"Living Wall","player_choice":"Forget","floor":4.0,"gold_loss":0.0,"damage_taken":0.0}],"is_beta":false,"boss_relics":[],"items_purged_floors":[10],"is_endless":false,"potions_floor_spawned":[2,7,11],"killed_by":"Hexaghost","ascension_level":20}}