{"host":"5c1rfni4ms1ztn71","time":1609645255,"event":{"mods":["AchievementEnabler","BaseMod","ChefMod","Downfall","Duelist Mod","Hermit","Hubris","Infinite Spire","Jorbs\u0027s Wanderer Trilogy","Marisa????????","Minty Spire (QoL Compilation)","Potionbrewer","Replay The Spire","SOS???????","Somnambulant","StSLib","Td1madao Mod","The Administrix","The Animator","The Bladedancer","The Bug Knight","The Construct","The Cursed","The Death Knight","The Disciple","The Forsaken","The Hierophant","The Mystic","The Necromancer","The Poker Player","The Runesmith","The Senshi","The Servant 0.9.4","The Wild Card","???Mod??????Boss"],"gold_per_floor":[139,139,139,158,174,174,174],"floor_reached":6,"playtime":1191,"items_purged":[],"score":36,"play_id":"6d942e6c-7616-42e5-83c0-4176a7fce97c","local_time":"20210102224055","is_ascension_mode":false,"campfire_choices":[],"circlet_count":0,"master_deck":["theDuelist:BeaverWarrior","theDuelist:BeaverWarrior","theDuelist:CastleWalls","theDuelist:CastleWalls","theDuelist:FinalFlame","theDuelist:GiantSoldier","theDuelist:GiantSoldier","theDuelist:ScrapFactory","theDuelist:Sparks","theDuelist:Sparks","theDuelist:Tuningware","theDuelist:WormApocalypse","theDuelist:CurseArmaments","theForsaken:PlagueCurse","theDuelist:DoubleTool","theDuelist:Predaponics"],"relics":["theDuelist:MillenniumPuzzle","theDuelist:CardPoolRelic","theDuelist:CardPoolBasicRelic","theDuelist:BoosterPackPoolRelic","theDuelist:CardPoolAddRelic","theDuelist:CardPoolMinusRelic","theDuelist:CardPoolSaveRelic","theDuelist:CardPoolOptionsRelic","theForsaken:PlagueMask"],"acts_visited":["Exordium"],"potions_floor_usage":[6],"damage_taken":[{"damage":0,"enemies":"2 Louse","floor":1,"turns":3},{"damage":6,"enemies":"Small Slimes","floor":4,"turns":4},{"damage":7,"enemies":"Cultist","floor":5,"turns":5},{"damage":92,"enemies":"Gremlin Nob","floor":6,"turns":7}],"seed_played":"-9104548665810775500","potions_obtained":[{"floor":4,"key":"theDuelist:FireBottle"}],"is_trial":false,"path_per_floor":["M","?","?","M","M","E"],"character_chosen":"THE_DUELIST","items_purchased":[],"campfire_rested":0,"item_purchase_floors":[],"current_hp_per_floor":[80,92,92,86,79,0,0],"gold":174,"neow_bonus":"THREE_CARDS","is_daily":false,"chose_seed":false,"campfire_upgraded":0,"win_rate":0.0,"timestamp":1609645255,"path_taken":["M","?","?","M","M","E"],"items_purchased_type":[],"build_version":"2020-12-22","purchased_purges":0,"victory":false,"max_hp_per_floor":[80,92,92,92,92,92,92],"card_choices":[{"not_picked":["theDuelist:BigFire","theDuelist:RainbowNeos"],"picked":"theDuelist:Tuningware","floor":0},{"not_picked":["theDuelist:CoreBlaster","theDuelist:PowerKaishin","theDuelist:ScrapFactory","theDuelist:OnslaughtFireKings"],"picked":"theDuelist:WormApocalypse","floor":1},{"not_picked":["theDuelist:RainbowNeos","theDuelist:MagnumShield","theDuelist:SpiritHarp","theDuelist:InfernoFireBlast"],"picked":"theDuelist:DoubleTool","floor":4},{"not_picked":["theDuelist:MeteorDestruction","theDuelist:Hinotama","theDuelist:Invigoration","theDuelist:Downbeat"],"picked":"theDuelist:Predaponics","floor":5}],"player_experience":37200,"relics_obtained":[],"event_choices":[{"damage_healed":0,"gold_gain":0,"player_choice":"Worship - 20% roll at +12 Max HP","duelist":true,"damage_taken":0,"max_hp_gain":0,"max_hp_loss":0,"event_name":"Tomb of the Nameless","floor":2,"gold_loss":0},{"damage_healed":0,"gold_gain":0,"player_choice":"Obtain Plague Curse","damage_taken":0,"max_hp_gain":0,"max_hp_loss":0,"event_name":"Plague Doctor","floor":3,"gold_loss":0,"cards_obtained":["theForsaken:PlagueCurse"]}],"is_beta":false,"boss_relics":[],"items_purged_floors":[],"is_endless":false,"potions_floor_spawned":[4],"killed_by":"Gremlin Nob","ascension_level":0}}