{"host":"w4b7hmige5bnqipq","time":1609635312,"event":{"mods":["2.2 Compatiblity","BaseMod","Colored Map","DeckTracker","Keyboard Shortcuts","Minty Spire (QoL Compilation)","Permanent Neow","Rare Cards Sparkle","SuperFastMode","everything is the same but u backflip on backflip","slay the spire mod where everything is the same but ironclad has a cowboy hat"],"gold_per_floor":[116,191,191,191,214,214,245,245,245,295,295,309,347,372,372,466,466,490,505,525,163,182,182,206,206,232,357,87,87,131,155,155,248,248,263,329,348,362,202,202,202],"floor_reached":40,"playtime":1389,"items_purged":["Strike_R"],"score":882,"play_id":"0017ba4c-9804-4346-a839-b8d010f9af6f","local_time":"20210103095512","is_ascension_mode":true,"campfire_choices":[{"data":"Hemokinesis","floor":6.0,"key":"SMITH"},{"data":"Bash","floor":8.0,"key":"SMITH"},{"data":"Evolve","floor":11.0,"key":"SMITH"},{"data":"Shrug It Off","floor":15.0,"key":"SMITH"},{"data":"Blood for Blood","floor":23.0,"key":"SMITH"},{"data":"Pommel Strike","floor":29.0,"key":"SMITH"},{"data":"Burning Pact","floor":32,"key":"SMITH"}],"circlet_count":0,"master_deck":["AscendersBane","Strike_R","Strike_R","Defend_R","Defend_R","Defend_R","Bash+1","Hemokinesis+1","Evolve+1","Pommel Strike+1","Battle Trance","Shrug It Off+1","Exhume","Blood for Blood+1","Power Through","Shrug It Off","Feed+1","Warcry","Metallicize","Wild Strike+1","Burning Pact+1","Reckless Charge+1","Impervious","Barricade","Double Tap"],"relics":["Black Blood","NeowsBlessing","Golden Idol","Happy Flower","Meat on the Bone","Ginger","Philosopher\u0027s Stone","Molten Egg 2","Regal Pillow","Charon\u0027s Ashes","White Beast Statue","Paper Frog","Gremlin Horn","Turnip"],"acts_visited":["Exordium","TheCity","TheBeyond"],"potions_floor_usage":[31,33,33,36,36,38,38,40],"damage_taken":[{"damage":0.0,"enemies":"Small Slimes","floor":1.0,"turns":1.0},{"damage":0.0,"enemies":"2 Louse","floor":5.0,"turns":1.0},{"damage":0.0,"enemies":"3 Sentries","floor":7.0,"turns":2.0},{"damage":8.0,"enemies":"Cultist","floor":12.0,"turns":3.0},{"damage":12.0,"enemies":"Gremlin Nob","floor":13.0,"turns":3.0},{"damage":10.0,"enemies":"Blue Slaver","floor":14.0,"turns":2.0},{"damage":39.0,"enemies":"Slime Boss","floor":16.0,"turns":5.0},{"damage":36.0,"enemies":"Spheric Guardian","floor":18.0,"turns":5.0},{"damage":14.0,"enemies":"2 Thieves","floor":19.0,"turns":4.0},{"damage":32.0,"enemies":"Snecko","floor":20.0,"turns":4.0},{"damage":13.0,"enemies":"Centurion and Healer","floor":22.0,"turns":6.0},{"damage":20.0,"enemies":"Snake Plant","floor":24.0,"turns":4.0},{"damage":24.0,"enemies":"Colosseum Slavers","floor":27.0,"turns":4.0},{"damage":11.0,"enemies":"Colosseum Nobs","floor":27.0,"turns":5.0},{"damage":10.0,"enemies":"Gremlin Leader","floor":30.0,"turns":6.0},{"damage":11,"enemies":"Snecko","floor":31,"turns":5},{"damage":50,"enemies":"Automaton","floor":33,"turns":8},{"damage":5,"enemies":"Orb Walker","floor":35,"turns":3},{"damage":36,"enemies":"2 Orb Walkers","floor":36,"turns":5},{"damage":9,"enemies":"3 Shapes","floor":37,"turns":3},{"damage":33,"enemies":"Transient","floor":38,"turns":6},{"damage":61,"enemies":"Nemesis","floor":40,"turns":8}],"seed_played":"7869199623628784112","potions_obtained":[{"floor":5.0,"key":"CultistPotion"},{"floor":13.0,"key":"GamblersBrew"},{"floor":16.0,"key":"SkillPotion"},{"floor":19.0,"key":"SpeedPotion"},{"floor":24.0,"key":"Fruit Juice"},{"floor":30.0,"key":"PowerPotion"},{"floor":31,"key":"SkillPotion"},{"floor":33,"key":"SkillPotion"},{"floor":35,"key":"SkillPotion"},{"floor":36,"key":"AttackPotion"},{"floor":37,"key":"Regen Potion"},{"floor":38,"key":"AttackPotion"}],"is_trial":false,"path_per_floor":["M","?","?","?","M","R","E","R","T","?","R","M","E","M","R","B",null,"M","M","M","$","M","R","M","?","T","?","$","R","E","M","R","B",null,"M","?","M","M","$","E"],"character_chosen":"IRONCLAD","items_purchased":["Molten Egg 2","Paper Frog","Double Tap"],"campfire_rested":0,"item_purchase_floors":[21,28,39],"current_hp_per_floor":[74,63,63,37,43,43,49,49,49,42,42,52,46,54,54,33,65,47,51,37,37,42,42,40,40,40,41,41,41,49,53,53,21,68,75,63,66,60,60,0,0],"gold":202,"neow_bonus":"THREE_ENEMY_KILL","is_daily":false,"chose_seed":false,"campfire_upgraded":7,"win_rate":0.0,"timestamp":1609635312,"path_taken":["M","?","?","?","M","R","E","R","T","?","R","?","E","M","R","BOSS","M","M","M","$","M","R","M","?","T","?","?","R","E","M","R","BOSS","M","?","M","M","$","E"],"items_purchased_type":["Relic","Relic","Card"],"build_version":"2020-12-22","purchased_purges":1,"victory":false,"max_hp_per_floor":[75,75,75,75,75,75,75,75,75,75,75,75,75,75,75,75,75,75,75,75,75,75,75,75,75,75,75,75,75,75,84,84,84,84,84,84,84,84,84,84,84],"card_choices":[{"not_picked":["Clash","Heavy Blade","Clothesline"],"picked":"SKIP","floor":1.0},{"not_picked":["Clash","Warcry"],"picked":"Hemokinesis","floor":5.0},{"not_picked":["Heavy Blade","Flame Barrier"],"picked":"Evolve","floor":7.0},{"not_picked":["Entrench","Body Slam"],"picked":"Pommel Strike","floor":12.0},{"not_picked":["Seeing Red","Cleave"],"picked":"Battle Trance","floor":13.0},{"not_picked":["Rupture","Headbutt"],"picked":"Shrug It Off","floor":14.0},{"not_picked":["Feed","Reaper"],"picked":"Exhume","floor":16.0},{"not_picked":["Headbutt","Infernal Blade","Fire Breathing"],"picked":"SKIP","floor":18.0},{"not_picked":["Body Slam","Rupture"],"picked":"Blood for Blood","floor":19.0},{"not_picked":["Rampage+1","Burning Pact"],"picked":"Power Through","floor":20.0},{"not_picked":["Havoc","Disarm+1"],"picked":"Shrug It Off","floor":22.0},{"not_picked":["Perfected Strike+1","Shrug It Off"],"picked":"Feed+1","floor":24.0},{"not_picked":["Hemokinesis+1","Thunderclap+1"],"picked":"Wild Strike+1","floor":27.0},{"not_picked":["True Grit","Evolve"],"picked":"Burning Pact","floor":30.0},{"not_picked":["Sword Boomerang+1","Spot Weakness"],"picked":"Reckless Charge+1","floor":31},{"not_picked":["Reaper+1","Limit Break"],"picked":"Impervious","floor":33},{"not_picked":["Combust","Wild Strike+1","Sword Boomerang+1"],"picked":"SKIP","floor":35},{"not_picked":["Clothesline+1","Twin Strike+1","Iron Wave+1"],"picked":"SKIP","floor":37},{"not_picked":["Thunderclap+1","Perfected Strike+1"],"picked":"Barricade","floor":38}],"player_experience":454699,"relics_obtained":[{"floor":7.0,"key":"Happy Flower"},{"floor":9.0,"key":"Meat on the Bone"},{"floor":13.0,"key":"Ginger"},{"floor":26.0,"key":"Regal Pillow"},{"floor":27.0,"key":"Charon\u0027s Ashes"},{"floor":27.0,"key":"White Beast Statue"},{"floor":30.0,"key":"Gremlin Horn"},{"floor":36,"key":"Turnip"}],"event_choices":[{"damage_healed":0.0,"max_hp_gain":0.0,"max_hp_loss":0.0,"gold_gain":75.0,"event_name":"World of Goop","player_choice":"Gather Gold","floor":2.0,"gold_loss":0.0,"damage_taken":11.0},{"cards_removed":["Strike_R"],"damage_healed":0.0,"max_hp_gain":0.0,"max_hp_loss":0.0,"gold_gain":0.0,"event_name":"Living Wall","player_choice":"Forget","floor":3.0,"gold_loss":0.0,"damage_taken":0.0},{"damage_healed":0.0,"max_hp_gain":0.0,"max_hp_loss":0.0,"gold_gain":0.0,"event_name":"Golden Idol","player_choice":"Take Damage","floor":4.0,"gold_loss":0.0,"damage_taken":26.0,"relics_obtained":["Golden Idol"]},{"damage_healed":0.0,"max_hp_gain":0.0,"max_hp_loss":0.0,"gold_gain":50.0,"event_name":"FaceTrader","player_choice":"Touch","floor":10.0,"gold_loss":0.0,"damage_taken":7.0},{"damage_healed":0.0,"max_hp_gain":0.0,"max_hp_loss":0.0,"gold_gain":0.0,"cards_transformed":["Strike_R","Defend_R"],"event_name":"Drug Dealer","player_choice":"Became Test Subject","floor":25.0,"gold_loss":0.0,"damage_taken":0.0,"cards_obtained":["Warcry","Metallicize"]},{"damage_healed":0.0,"max_hp_gain":0.0,"max_hp_loss":0.0,"gold_gain":0.0,"event_name":"Colosseum","player_choice":"Fight","floor":27.0,"gold_loss":0.0,"damage_taken":0.0},{"damage_healed":0.0,"max_hp_gain":0.0,"max_hp_loss":0.0,"gold_gain":0.0,"event_name":"Colosseum","player_choice":"Fought Nobs","floor":27.0,"gold_loss":0.0,"damage_taken":0.0},{"damage_healed":0,"gold_gain":0,"player_choice":"Fight","damage_taken":0,"max_hp_gain":0,"max_hp_loss":0,"event_name":"Mysterious Sphere","floor":36,"gold_loss":0}],"is_beta":false,"boss_relics":[{"not_picked":["Pandora\u0027s Box","Cursed Key"],"picked":"Philosopher\u0027s Stone"},{"not_picked":["Snecko Eye","Empty Cage"],"picked":"Black Blood"}],"items_purged_floors":[21],"is_endless":false,"potions_floor_spawned":[5,13,16,19,24,30,31,33,35,36,37,38],"killed_by":"Nemesis","ascension_level":20}}