{"host":"3iouabftir4t7z56","time":1609692902,"event":{"mods":["2.2 Compatiblity","Act Like it!","BaseMod","Colored Map","Hallownest","Minty Spire (QoL Compilation)","StSLib","The Bug Knight"],"gold_per_floor":[18,18,18,18,36,66,66,66,91,103,114,114,140,140,140,140,140],"floor_reached":16,"playtime":1083,"items_purged":[],"score":108,"play_id":"0bbfa7b6-b8a6-4f49-a724-677352440d3c","local_time":"20210103175502","is_ascension_mode":false,"campfire_choices":[{"data":"HollowMod:FocusHealStart","floor":7,"key":"SMITH"},{"data":"HollowMod:Weaversong","floor":15,"key":"SMITH"}],"circlet_count":0,"master_deck":["HollowMod:NailStrikeStart","HollowMod:NailStrikeStart","HollowMod:NailStrikeStart","HollowMod:NailStrikeStart","HollowMod:QuickDashStart","HollowMod:QuickDashStart","HollowMod:QuickDashStart","HollowMod:QuickDashStart","HollowMod:FocusHealStart+1","HollowMod:PogoStrike","HollowMod:LifebloodCore","HollowMod:GreatSlash+1","HollowMod:ShadowDash","HollowMod:Weaversong+1"],"relics":["HollowMod:VesselMask","Toy Ornithopter","Hallownest:DreamNailRelic","Blood Vial","Hallownest:TeacherSealRelic","Peace Pipe"],"acts_visited":["Hallownest:Greenpath"],"potions_floor_usage":[6,13,13],"damage_taken":[{"damage":8,"enemies":"Hallownest:2_MossCreeps","floor":1,"turns":6},{"damage":3,"enemies":"2_ Uuma","floor":5,"turns":2},{"damage":4,"enemies":"Hallownest:eliteMossKnight","floor":6,"turns":8},{"damage":4,"enemies":"Hallownest:2_Tiktiks_and_1_Crawlid","floor":10,"turns":1},{"damage":3,"enemies":"Hallownest:MossCreep_and_Mosskin","floor":11,"turns":4},{"damage":41,"enemies":"Hallownest:eliteCrystalGuardian","floor":13,"turns":4},{"damage":109,"enemies":"Hallownest:BossHornet","floor":16,"turns":11}],"seed_played":"7524993956085374572","potions_obtained":[{"floor":1,"key":"BlessingOfTheForge"},{"floor":6,"key":"FearPotion"},{"floor":10,"key":"Fire Potion"}],"is_trial":false,"path_per_floor":["M","$","?","?","M","E","R","?","T","M","M","?","E","?","R","B"],"character_chosen":"THE_BUGKNIGHT","items_purchased":[],"campfire_rested":0,"item_purchase_floors":[],"current_hp_per_floor":[73,73,73,73,70,75,75,75,75,71,75,75,50,68,68,0,0],"gold":140,"neow_bonus":"THREE_RARE_CARDS","is_daily":false,"chose_seed":false,"campfire_upgraded":2,"win_rate":0.0,"timestamp":1609692902,"path_taken":["M","$","?","?","M","E","R","?","T","?","M","?","E","?","R","BOSS"],"items_purchased_type":[],"build_version":"2020-12-22","purchased_purges":0,"victory":false,"max_hp_per_floor":[75,75,75,75,75,75,75,75,75,75,75,75,75,75,75,75,75],"card_choices":[{"not_picked":["HollowMod:MidwifesHunger","HollowMod:Hiveblood"],"picked":"HollowMod:LifebloodCore","floor":0},{"not_picked":["HollowMod:DoubleDash","HollowMod:HowlingWraiths"],"picked":"HollowMod:GreatSlash","floor":1},{"not_picked":["HollowMod:BrokenVessel","HollowMod:DesolateDive","HollowMod:ChannelNail"],"picked":"SKIP","floor":5},{"not_picked":["HollowMod:SiblingsSouls","HollowMod:Grubsong","HollowMod:ChannelNail"],"picked":"SKIP","floor":6},{"not_picked":["HollowMod:PureNailStrike","HollowMod:DashSlash","HollowMod:GrimmsGift"],"picked":"SKIP","floor":10},{"not_picked":["HollowMod:DashSlash","HollowMod:SoulStrike"],"picked":"HollowMod:ShadowDash","floor":11},{"not_picked":["HollowMod:MantisMark","HollowMod:VengefulVoid"],"picked":"HollowMod:Weaversong","floor":13}],"player_experience":600583,"relics_obtained":[{"floor":6,"key":"Toy Ornithopter"},{"floor":9,"key":"Blood Vial"},{"floor":13,"key":"Peace Pipe"}],"event_choices":[],"is_beta":false,"boss_relics":[],"items_purged_floors":[],"is_endless":false,"potions_floor_spawned":[1,6,10],"killed_by":"Hallownest:BossHornet","ascension_level":0}}