{"host":"w3q5ijqu8eoknil3","time":1609637668,"event":{"mods":["AchievementEnabler","BaseMod","Block Reminder","Colored Powertips","Minty Spire (QoL Compilation)","Quick Restart","Relic Stats","ojb\u0027s Better Paths Mod","ojb\u0027s Info Mod","slay the spire mod where everything is the same but ironclad has a cowboy hat"],"gold_per_floor":[99,99,99,99,99,99,99,99,99,99,99,99,99,99,99,99,99,99,99,99,99,54,54,54,54,54,54,54,54,54,54,54,54,54,54,54,54,54,0,0,0,0,0,0,0,0,0,0,0,0,0],"floor_reached":50,"playtime":2588,"items_purged":[],"score":1073,"play_id":"af18e4a3-3cce-455f-a299-c1d364602cae","local_time":"20210103013428","is_ascension_mode":true,"campfire_choices":[{"data":"Leg Sweep","floor":6,"key":"SMITH"},{"floor":15,"key":"REST"},{"data":"Bouncing Flask","floor":24,"key":"SMITH"},{"floor":30,"key":"REST"},{"data":"Noxious Fumes","floor":32,"key":"SMITH"},{"floor":40,"key":"RECALL"},{"floor":49,"key":"REST"}],"circlet_count":0,"master_deck":["AscendersBane","Defend_G","Defend_G","Defend_G","Defend_G","Defend_G","Survivor","Neutralize","Leg Sweep+1","Blade Dance","Deadly Poison","Dodge and Roll","Dagger Spray","Noxious Fumes+1","Catalyst+1","Predator","Bouncing Flask+1","Poisoned Stab","Deflect","Bullet Time","Skewer+1","Venomology+1","Sucker Punch+1","Masterful Stab+1","Dash","PiercingWail","Blur+1","Crippling Poison","Footwork","Catalyst","Corpse Explosion","Outmaneuver","Well Laid Plans","Backflip","Backflip+1","Backflip+1","Dash","Deadly Poison+1"],"relics":["Ectoplasm","Orichalcum","Question Card","Letter Opener","Eternal Feather","Astrolabe","Bronze Scales","Du-Vu Doll","Dream Catcher","StrikeDummy","SacredBark","Red Mask","Shovel","Frozen Egg 2","Ancient Tea Set"],"acts_visited":["Exordium","TheCity","TheBeyond"],"potions_floor_usage":[3,7,11,11,13,22,23,23,25,28,31,31,35,37,38,41,47,47,47,48,48,50,50],"damage_taken":[{"damage":0,"enemies":"2 Louse","floor":1,"turns":2},{"damage":0,"enemies":"Cultist","floor":2,"turns":5},{"damage":2,"enemies":"Jaw Worm","floor":3,"turns":4},{"damage":0,"enemies":"Large Slime","floor":5,"turns":7},{"damage":7,"enemies":"3 Sentries","floor":7,"turns":6},{"damage":0,"enemies":"Red Slaver","floor":8,"turns":3},{"damage":2,"enemies":"2 Fungi Beasts","floor":10,"turns":4},{"damage":22,"enemies":"Gremlin Nob","floor":11,"turns":4},{"damage":16,"enemies":"Gremlin Nob","floor":13,"turns":5},{"damage":6,"enemies":"3 Louse","floor":14,"turns":3},{"damage":10,"enemies":"Slime Boss","floor":16,"turns":7},{"damage":3,"enemies":"Chosen","floor":18,"turns":4},{"damage":12,"enemies":"2 Thieves","floor":22,"turns":4},{"damage":24,"enemies":"Gremlin Leader","floor":23,"turns":6},{"damage":22,"enemies":"Book of Stabbing","floor":25,"turns":4},{"damage":11,"enemies":"Snecko","floor":28,"turns":4},{"damage":12,"enemies":"Slavers","floor":29,"turns":4},{"damage":7,"enemies":"Sentry and Sphere","floor":31,"turns":5},{"damage":29,"enemies":"Collector","floor":33,"turns":6},{"damage":3,"enemies":"3 Darklings","floor":35,"turns":2},{"damage":4,"enemies":"Orb Walker","floor":37,"turns":3},{"damage":2,"enemies":"Spire Growth","floor":38,"turns":4},{"damage":2,"enemies":"Giant Head","floor":41,"turns":6},{"damage":44,"enemies":"3 Darklings","floor":42,"turns":6},{"damage":8,"enemies":"Maw","floor":45,"turns":8},{"damage":41,"enemies":"Reptomancer","floor":47,"turns":8},{"damage":33,"enemies":"Spire Growth","floor":48,"turns":5},{"damage":52,"enemies":"Awakened One","floor":50,"turns":5}],"seed_played":"69680394899443807","potions_obtained":[{"floor":2,"key":"AttackPotion"},{"floor":3,"key":"Explosive Potion"},{"floor":8,"key":"Fire Potion"},{"floor":10,"key":"BlessingOfTheForge"},{"floor":11,"key":"Ancient Potion"},{"floor":18,"key":"SpeedPotion"},{"floor":23,"key":"BlessingOfTheForge"},{"floor":25,"key":"Block Potion"},{"floor":29,"key":"LiquidMemories"},{"floor":33,"key":"Explosive Potion"},{"floor":42,"key":"EntropicBrew"},{"floor":47,"key":"Block Potion"},{"floor":48,"key":"Weak Potion"}],"is_trial":false,"path_per_floor":["M","M","M","?","M","R","E","M","T","M","?","?","E","M","R","B",null,"M","?","?","?","M","E","R","E","T","?","M","E","R","M","R","B",null,"M","?","M","M","?","R","E","M","T","T","M","$","E","M","R","B"],"character_chosen":"THE_SILENT","items_purchased":[],"campfire_rested":3,"item_purchase_floors":[],"current_hp_per_floor":[59,59,57,57,57,57,50,50,50,48,26,26,10,4,35,25,56,53,53,53,53,41,17,32,10,10,10,19,7,41,34,52,23,55,52,52,48,46,46,64,62,18,18,18,10,10,11,12,52,0,0],"gold":0,"neow_bonus":"BOSS_RELIC","is_daily":false,"chose_seed":false,"campfire_upgraded":3,"win_rate":0.0,"timestamp":1609637668,"path_taken":["M","M","M","?","M","R","E","M","T","?","?","?","E","M","R","BOSS","M","?","?","?","?","E","R","E","T","?","M","E","R","M","R","BOSS","M","?","M","M","?","R","E","M","T","?","M","?","E","?","R","BOSS"],"items_purchased_type":[],"build_version":"2020-12-22","purchased_purges":0,"victory":false,"max_hp_per_floor":[66,66,66,66,66,66,66,66,66,66,66,66,66,66,66,66,66,66,66,66,66,66,66,66,66,66,66,66,66,66,66,66,66,66,66,66,66,66,66,66,66,66,66,66,66,66,66,66,66,66,66],"relic_stats":{"Dream Catcher":2,"Shovel":0,"counters":[28,134],"Astrolabe":["Skewer","Venomology","Sucker Punch"],"Bronze Scales":[225],"Eternal Feather":99,"Ectoplasm":804,"Letter Opener":[249],"Orichalcum":[168],"Question Card":23,"obtain_stats":[{"Astrolabe":17,"SacredBark":34,"Eternal Feather":13,"Letter Opener":11,"Orichalcum":7,"Frozen Egg 2":44,"Question Card":9,"Ancient Tea Set":47,"Du-Vu Doll":25,"Dream Catcher":26,"Shovel":41,"Bronze Scales":23,"Ectoplasm":0,"Red Mask":39,"StrikeDummy":29,"Ring of the Snake":0},{"Astrolabe":11,"SacredBark":19,"Eternal Feather":9,"Letter Opener":7,"Orichalcum":5,"Frozen Egg 2":24,"Question Card":6,"Ancient Tea Set":26,"Du-Vu Doll":15,"Dream Catcher":15,"Shovel":23,"Bronze Scales":14,"Ectoplasm":0,"Red Mask":22,"StrikeDummy":17,"Ring of the Snake":0},{"Astrolabe":50,"SacredBark":87,"Eternal Feather":40,"Letter Opener":31,"Orichalcum":24,"Frozen Egg 2":108,"Question Card":27,"Ancient Tea Set":124,"Du-Vu Doll":68,"Dream Catcher":68,"Shovel":102,"Bronze Scales":64,"Ectoplasm":0,"Red Mask":96,"StrikeDummy":76,"Ring of the Snake":0}]},"card_choices":[{"not_picked":["Dagger Throw","Calculated Gamble"],"picked":"Leg Sweep","floor":1},{"not_picked":["Slice","Underhanded Strike"],"picked":"Blade Dance","floor":2},{"not_picked":["Leg Sweep","Blade Dance"],"picked":"Deadly Poison","floor":3},{"not_picked":["Deflect","Deadly Poison"],"picked":"Dagger Spray","floor":5},{"not_picked":["Glass Knife","Poisoned Stab"],"picked":"Noxious Fumes","floor":7},{"not_picked":["Expertise","Bouncing Flask"],"picked":"Catalyst","floor":8},{"not_picked":["Dodge and Roll","Flying Knee","Blade Dance"],"picked":"Predator","floor":10},{"not_picked":["Bane","Caltrops","Sucker Punch"],"picked":"Bouncing Flask","floor":11},{"not_picked":["Prepared","Dodge and Roll","Escape Plan"],"picked":"Poisoned Stab","floor":13},{"not_picked":["Masterful Stab","Dodge and Roll","Dagger Throw"],"picked":"Deflect","floor":14},{"not_picked":["Malaise","Corpse Explosion","Tools of the Trade"],"picked":"Bullet Time","floor":16},{"not_picked":["Blade Dance","Bane","Poisoned Stab"],"picked":"Masterful Stab+1","floor":18},{"not_picked":["Leg Sweep","Flying Knee","Dagger Throw"],"picked":"Dash","floor":22},{"not_picked":["Dagger Throw","Sucker Punch+1","Predator"],"picked":"Die Die Die","floor":23},{"not_picked":["Dagger Spray","Underhanded Strike","Masterful Stab"],"picked":"PiercingWail","floor":25},{"not_picked":["Poisoned Stab","Expertise","Dash"],"picked":"Blur+1","floor":28},{"not_picked":["Acrobatics","Tools of the Trade","Caltrops"],"picked":"Crippling Poison","floor":29},{"not_picked":["Poisoned Stab","Dagger Spray","Escape Plan"],"picked":"Footwork","floor":30},{"not_picked":["Flying Knee","Setup","Heel Hook"],"picked":"Catalyst","floor":31},{"not_picked":["Doppelganger","Wraith Form v2","Malaise"],"picked":"Corpse Explosion","floor":33},{"not_picked":["Underhanded Strike","Accuracy","Expertise","Sucker Punch"],"picked":"SKIP","floor":35},{"not_picked":["Masterful Stab","Bouncing Flask","Setup"],"picked":"Outmaneuver","floor":37},{"not_picked":["Poisoned Stab","Sucker Punch+1","All Out Attack+1","Crippling Poison"],"picked":"SKIP","floor":38},{"not_picked":["Riddle With Holes","Infinite Blades","Die Die Die"],"picked":"Well Laid Plans","floor":41},{"not_picked":["Finisher","Dagger Spray+1","Escape Plan"],"picked":"Backflip","floor":42},{"not_picked":["Setup","Sucker Punch","Terror"],"picked":"Backflip+1","floor":45},{"not_picked":["Dagger Spray+1","Masterful Stab","Deadly Poison"],"picked":"Backflip+1","floor":47},{"not_picked":["Slice","Phantasmal Killer","Dagger Throw"],"picked":"Dash","floor":48},{"not_picked":["Prepared","Blade Dance","Dodge and Roll"],"picked":"Deadly Poison+1","floor":49}],"player_experience":975275,"relics_obtained":[{"floor":7,"key":"Orichalcum"},{"floor":9,"key":"Question Card"},{"floor":13,"key":"Eternal Feather"},{"floor":23,"key":"Bronze Scales"},{"floor":25,"key":"Du-Vu Doll"},{"floor":26,"key":"Dream Catcher"},{"floor":29,"key":"StrikeDummy"},{"floor":41,"key":"Shovel"},{"floor":44,"key":"Frozen Egg 2"},{"floor":47,"key":"Ancient Tea Set"}],"event_choices":[{"damage_healed":0,"gold_gain":0,"cards_transformed":["Strike_G"],"player_choice":"Transformed","damage_taken":0,"max_hp_gain":0,"max_hp_loss":0,"event_name":"Transmorgrifier","floor":4,"gold_loss":0,"cards_obtained":["Dodge and Roll"]},{"damage_healed":0,"gold_gain":30,"player_choice":"Searched \u00273\u0027 times","damage_taken":0,"relics_obtained":["Letter Opener"],"max_hp_gain":0,"max_hp_loss":0,"event_name":"Dead Adventurer","floor":11,"gold_loss":0},{"damage_healed":0,"gold_gain":50,"player_choice":"Pray","damage_taken":0,"max_hp_gain":0,"max_hp_loss":0,"event_name":"Golden Shrine","floor":12,"gold_loss":0},{"damage_healed":0,"gold_gain":0,"player_choice":"Ignored","damage_taken":0,"max_hp_gain":0,"max_hp_loss":0,"event_name":"Ghosts","floor":19,"gold_loss":0},{"damage_healed":0,"gold_gain":0,"player_choice":"Ignored","damage_taken":0,"max_hp_gain":0,"max_hp_loss":0,"event_name":"Beggar","floor":20,"gold_loss":0},{"cards_removed":["Strike_G"],"damage_healed":0,"gold_gain":0,"player_choice":"Card Removal","damage_taken":0,"max_hp_gain":0,"max_hp_loss":0,"event_name":"Wheel of Change","floor":21,"gold_loss":0},{"damage_healed":0,"gold_gain":0,"player_choice":"Upgraded","damage_taken":0,"max_hp_gain":0,"max_hp_loss":0,"event_name":"Upgrade Shrine","floor":27,"gold_loss":0,"cards_upgraded":["Catalyst"]},{"cards_removed":["Die Die Die"],"damage_healed":0,"gold_gain":0,"player_choice":"Removed Attack","damage_taken":0,"max_hp_gain":0,"max_hp_loss":0,"event_name":"Falling","floor":36,"gold_loss":0},{"damage_healed":0,"gold_gain":0,"player_choice":"Paid","damage_taken":0,"relics_obtained":["Red Mask"],"max_hp_gain":0,"max_hp_loss":0,"event_name":"Tomb of Lord Red Mask","floor":39,"gold_loss":54}],"is_beta":false,"boss_relics":[{"not_picked":["SlaversCollar","HoveringKite"],"picked":"Astrolabe"},{"not_picked":["Empty Cage","Pandora\u0027s Box"],"picked":"SacredBark"}],"items_purged_floors":[],"is_endless":false,"potions_floor_spawned":[2,3,8,10,11,18,23,25,29,33,42,45,47,48],"killed_by":"Awakened One","ascension_level":15}}