{"host":"m77rrhbqzv44va4v","time":1609684417,"event":{"mods":["AchievementEnabler","BaseMod","Colored Map","DeckTracker","Keyboard Shortcuts","Minty Spire (QoL Compilation)","StSLib","SuperFastMode","everything is the same but u backflip on backflip"],"gold_per_floor":[111,111,36,49,49,77,77,106,131,31,46,46,61,9,9,86,86,99,109,109,109,109],"floor_reached":21,"playtime":926,"items_purged":["Strike_G"],"score":424,"play_id":"71d3d45d-27a5-44d3-94a0-01d6beaf797e","local_time":"20210103233337","is_ascension_mode":true,"campfire_choices":[{"data":"Noxious Fumes","floor":7.0,"key":"SMITH"},{"data":"Bullet Time","floor":12,"key":"SMITH"},{"data":"Blade Dance","floor":15,"key":"SMITH"}],"circlet_count":0,"master_deck":["AscendersBane","Strike_G","Strike_G","Strike_G","Strike_G","Defend_G","Defend_G","Defend_G","Defend_G","Survivor+1","Neutralize","Finisher","Noxious Fumes+1","Acrobatics+1","Bullet Time+1","Dagger Throw","Escape Plan","PiercingWail","Blade Dance+1","After Image","CurseOfTheBell","Calculated Gamble","Underhanded Strike"],"relics":["Ring of the Snake","NeowsBlessing","Anchor","Gambling Chip","White Beast Statue","Snake Skull","Calling Bell","War Paint","Gremlin Horn","TungstenRod"],"acts_visited":["Exordium","TheCity"],"potions_floor_usage":[8,11],"damage_taken":[{"damage":0.0,"enemies":"Jaw Worm","floor":1.0,"turns":1.0},{"damage":0.0,"enemies":"Small Slimes","floor":4.0,"turns":1.0},{"damage":0.0,"enemies":"Gremlin Nob","floor":6.0,"turns":1.0},{"damage":15,"enemies":"Lagavulin","floor":8,"turns":6},{"damage":0,"enemies":"Cultist","floor":11,"turns":3},{"damage":0,"enemies":"2 Fungi Beasts","floor":13,"turns":2},{"damage":14,"enemies":"The Guardian","floor":16,"turns":9},{"damage":3,"enemies":"Spheric Guardian","floor":18,"turns":5},{"damage":16,"enemies":"Chosen","floor":19,"turns":4},{"damage":30,"enemies":"Sentry and Sphere","floor":21,"turns":7}],"seed_played":"-4444677596043349283","potions_obtained":[{"floor":1.0,"key":"CunningPotion"},{"floor":11,"key":"Fruit Juice"},{"floor":13,"key":"Block Potion"},{"floor":16,"key":"Fire Potion"},{"floor":18,"key":"DistilledChaos"}],"is_trial":false,"path_per_floor":["M","?","?","M","?","E","R","E","T","$","M","R","M","$","R","B",null,"M","M","?","M"],"character_chosen":"THE_SILENT","items_purchased":["Dagger Throw","Blade Dance"],"campfire_rested":0,"item_purchase_floors":[10,14],"current_hp_per_floor":[59,64,64,64,59,59,59,44,44,44,49,49,49,49,49,35,66,63,47,47,17,17],"gold":109,"neow_bonus":"THREE_ENEMY_KILL","is_daily":false,"chose_seed":false,"campfire_upgraded":3,"win_rate":0.0,"timestamp":1609684417,"path_taken":["M","?","?","M","?","E","R","E","T","$","M","R","?","?","R","BOSS","M","M","?","M"],"items_purchased_type":["Card","Card"],"build_version":"2020-12-22","purchased_purges":1,"victory":false,"max_hp_per_floor":[66,71,71,71,71,71,71,71,71,71,76,76,76,76,76,76,76,76,76,76,76,76],"card_choices":[{"not_picked":["Cloak And Dagger","Heel Hook"],"picked":"Finisher","floor":1.0},{"not_picked":["Slice","Sucker Punch"],"picked":"Noxious Fumes","floor":4.0},{"not_picked":["Quick Slash","Tools of the Trade"],"picked":"Acrobatics","floor":6.0},{"not_picked":["Deadly Poison","Poisoned Stab"],"picked":"Bullet Time","floor":8},{"not_picked":["Poisoned Stab","Setup"],"picked":"Escape Plan","floor":11},{"not_picked":["Dagger Spray","Slice"],"picked":"PiercingWail","floor":13},{"not_picked":["Doppelganger","Night Terror"],"picked":"After Image","floor":16},{"not_picked":["Bane","Outmaneuver"],"picked":"Calculated Gamble","floor":18},{"not_picked":["Noxious Fumes","Deadly Poison"],"picked":"Underhanded Strike","floor":19}],"player_experience":880316,"relics_obtained":[{"floor":6.0,"key":"Gambling Chip"},{"floor":8,"key":"White Beast Statue"},{"floor":9,"key":"Snake Skull"},{"floor":17,"key":"War Paint"},{"floor":17,"key":"Gremlin Horn"},{"floor":17,"key":"TungstenRod"}],"event_choices":[{"damage_healed":0.0,"max_hp_gain":5.0,"max_hp_loss":0.0,"gold_gain":0.0,"event_name":"Big Fish","player_choice":"Donut","floor":2.0,"gold_loss":0.0,"damage_taken":0.0},{"cards_removed":["Defend_G"],"damage_healed":0.0,"max_hp_gain":0.0,"max_hp_loss":0.0,"gold_gain":0.0,"event_name":"The Cleric","player_choice":"Card Removal","floor":3.0,"gold_loss":75.0,"damage_taken":0.0},{"damage_healed":0.0,"max_hp_gain":0.0,"max_hp_loss":0.0,"gold_gain":0.0,"event_name":"Scrap Ooze","player_choice":"Success","floor":5.0,"gold_loss":0.0,"damage_taken":5.0,"relics_obtained":["Anchor"]},{"damage_healed":0,"gold_gain":0,"player_choice":"Ignored","damage_taken":0,"max_hp_gain":0,"max_hp_loss":0,"event_name":"Vampires","floor":20,"gold_loss":0}],"is_beta":false,"boss_relics":[{"not_picked":["Fusion Hammer","Black Star"],"picked":"Calling Bell"}],"items_purged_floors":[10],"is_endless":false,"potions_floor_spawned":[1,11,13,16,18,19],"killed_by":"Sentry and Sphere","ascension_level":20}}