{"host":"esx1hwjnbftf3eqj","time":1609717640,"event":{"mods":["BaseMod","Colored Map","Minty Spire (QoL Compilation)","StSLib","The Jungle"],"gold_per_floor":[111,111,186,207,221,221,235,235,260,298,23,23,23,36,36,162,162,175,175,175,125,143,143,163,203,227,265,265,318,89,134,134,272,281,308,308,41,41,41,41,82,82,82,82,122,150,51,51,51,51],"floor_reached":51,"playtime":7663,"items_purged":["Strike_R","Bash","Strike_R+1","Strike_R+1","Strike_R+1"],"score":1221,"play_id":"fc62c8b2-4c48-462d-a65c-63eef735824a","local_time":"20210103154720","is_ascension_mode":true,"campfire_choices":[{"data":"Armaments","floor":6,"key":"SMITH"},{"data":"Pommel Strike","floor":8,"key":"SMITH"},{"data":"Entrench","floor":12,"key":"SMITH"},{"data":"Intimidate","floor":15,"key":"SMITH"},{"data":"Berserk","floor":23,"key":"SMITH"},{"data":"Exhume","floor":28,"key":"SMITH"},{"data":"Feed","floor":32,"key":"SMITH"},{"data":"Barricade","floor":40,"key":"SMITH"},{"data":"Feed","floor":42,"key":"SMITH"},{"data":"Metallicize","floor":44,"key":"SMITH"},{"data":"Entrench","floor":49,"key":"SMITH"}],"circlet_count":0,"master_deck":["Defend_R+1","Defend_R+1","Defend_R+1","Exhume+1","Headbutt+1","Metallicize+1","Armaments+1","Pommel Strike+1","Entrench+1","Disarm","Fiend Fire","Intimidate+1","Berserk+1","Shockwave+1","Ghostly","Ghostly+1","Ghostly","Ghostly","Ghostly+1","Whirlwind+1","Shockwave+1","Armaments+1","Feed+1","Master of Strategy","Pommel Strike+1","Barricade+1","CurseOfTheBell","Seeing Red+1","Feed+1","Body Slam+1","Body Slam+1","Entrench+1"],"relics":["Burning Blood","Golden Idol","Smiling Mask","Blood Vial","Oddly Smooth Stone","Sozu","The Courier","Anchor","Whetstone","CeramicFish","Shuriken","Calling Bell","Vajra","Ornamental Fan","Bird Faced Urn","War Paint","Centennial Puzzle","Magic Flower","Bag of Marbles"],"acts_visited":["Exordium","TheCity","TheBeyond"],"potions_floor_usage":[10,16,16],"damage_taken":[{"damage":4,"enemies":"2 Louse","floor":1,"turns":4},{"damage":10,"enemies":"Small Slimes","floor":4,"turns":5},{"damage":2,"enemies":"Cultist","floor":5,"turns":4},{"damage":4,"enemies":"Blue Slaver","floor":7,"turns":5},{"damage":21,"enemies":"Gremlin Nob","floor":10,"turns":4},{"damage":0,"enemies":"Exordium Thugs","floor":14,"turns":4},{"damage":39,"enemies":"Slime Boss","floor":16,"turns":14},{"damage":13,"enemies":"Chosen","floor":18,"turns":7},{"damage":0,"enemies":"Shell Parasite","floor":22,"turns":6},{"damage":0,"enemies":"Shelled Parasite and Fungi","floor":24,"turns":7},{"damage":9,"enemies":"Book of Stabbing","floor":25,"turns":9},{"damage":2,"enemies":"Slavers","floor":27,"turns":7},{"damage":27,"enemies":"Gremlin Leader","floor":29,"turns":7},{"damage":8,"enemies":"Slavers","floor":31,"turns":9},{"damage":19,"enemies":"Champ","floor":33,"turns":14},{"damage":0,"enemies":"3 Darklings","floor":35,"turns":10},{"damage":30,"enemies":"Nemesis","floor":41,"turns":21},{"damage":0,"enemies":"Giant Head","floor":45,"turns":17},{"damage":0,"enemies":"Orb Walker","floor":46,"turns":9},{"damage":0,"enemies":"Time Eater","floor":50,"turns":11}],"seed_played":"2658925076841286348","potions_obtained":[{"floor":5,"key":"Weak Potion"},{"floor":7,"key":"BlessingOfTheForge"},{"floor":10,"key":"Energy Potion"}],"is_trial":false,"path_per_floor":["M","?","?","M","M","R","M","R","T","E","$","R","?","M","R","B",null,"M","?","?","$","M","R","M","E","T","E","R","E","$","E","R","B",null,"M","?","$","?","$","R","E","R","T","R","E","M","$","?","R","B",null],"character_chosen":"IRONCLAD","items_purchased":["Disarm","Oddly Smooth Stone","Feed","Master of Strategy","Feed","War Paint","Entrench"],"campfire_rested":0,"item_purchase_floors":[11,11,30,30,37,37,47],"current_hp_per_floor":[74,54,46,42,46,46,48,48,48,33,33,33,33,41,41,10,63,58,58,40,40,40,40,40,37,37,40,40,19,19,23,23,12,36,48,48,48,48,48,48,32,32,32,32,56,60,60,57,57,57],"gold":51,"neow_bonus":"ONE_RANDOM_RARE_CARD","is_daily":false,"chose_seed":false,"campfire_upgraded":11,"win_rate":0.0,"timestamp":1609717640,"path_taken":["M","?","?","?","M","R","M","R","T","E","$","R","?","M","R","BOSS","M","?","?","$","M","R","M","E","T","E","R","E","$","E","R","BOSS","M","?","$","?","?","R","E","R","T","R","E","M","$","?","R","BOSS"],"items_purchased_type":["Card","Relic","Card","Card","Card","Relic","Card"],"build_version":"2020-12-22","purchased_purges":5,"victory":true,"max_hp_per_floor":[80,80,80,80,80,80,80,80,80,80,80,80,80,80,80,80,80,80,80,40,40,40,40,40,40,40,40,40,40,40,44,44,44,44,48,48,48,48,48,48,52,52,52,52,56,60,60,57,57,57],"card_choices":[{"not_picked":["Blood for Blood","Hemokinesis"],"picked":"Headbutt","floor":1},{"not_picked":["Anger","Fire Breathing"],"picked":"Metallicize","floor":4},{"not_picked":["Second Wind","Iron Wave"],"picked":"Armaments","floor":5},{"not_picked":["Bloodletting","Twin Strike"],"picked":"Pommel Strike","floor":7},{"not_picked":["Rupture","Fire Breathing"],"picked":"Entrench","floor":10},{"not_picked":["Headbutt","Wild Strike"],"picked":"Intimidate","floor":14},{"not_picked":["Offering","Bludgeon"],"picked":"Berserk","floor":16},{"not_picked":["Shrug It Off","Heavy Blade"],"picked":"Shockwave+1","floor":18},{"not_picked":["Armaments","Clothesline","True Grit+1"],"picked":"SKIP","floor":22},{"not_picked":["Power Through","Headbutt"],"picked":"Whirlwind","floor":24},{"not_picked":["Thunderclap+1","Perfected Strike"],"picked":"Shockwave+1","floor":25},{"not_picked":["Searing Blow","Flex+1","Combust"],"picked":"SKIP","floor":27},{"not_picked":["Clash","Entrench"],"picked":"Armaments+1","floor":29},{"not_picked":["Anger","Entrench"],"picked":"Pommel Strike+1","floor":31},{"not_picked":["Impervious","Corruption"],"picked":"Barricade","floor":33},{"not_picked":["Twin Strike+1","Sword Boomerang+1"],"picked":"Seeing Red+1","floor":35},{"not_picked":["Wild Strike","Armaments+1","Cleave"],"picked":"SKIP","floor":41},{"not_picked":["Rage","Cleave"],"picked":"Body Slam+1","floor":45},{"not_picked":["Flex","Clash"],"picked":"Body Slam+1","floor":46}],"player_experience":621755,"relics_obtained":[{"floor":9,"key":"Smiling Mask"},{"floor":10,"key":"Blood Vial"},{"floor":25,"key":"The Courier"},{"floor":26,"key":"Anchor"},{"floor":27,"key":"Whetstone"},{"floor":29,"key":"CeramicFish"},{"floor":31,"key":"Shuriken"},{"floor":34,"key":"Vajra"},{"floor":34,"key":"Ornamental Fan"},{"floor":34,"key":"Bird Faced Urn"},{"floor":41,"key":"Centennial Puzzle"},{"floor":43,"key":"Magic Flower"},{"floor":45,"key":"Bag of Marbles"}],"event_choices":[{"damage_healed":0,"gold_gain":0,"player_choice":"Take Damage","damage_taken":20,"relics_obtained":["Golden Idol"],"max_hp_gain":0,"max_hp_loss":0,"event_name":"Golden Idol","floor":2,"gold_loss":0},{"damage_healed":0,"gold_gain":75,"player_choice":"Touch","damage_taken":8,"max_hp_gain":0,"max_hp_loss":0,"event_name":"FaceTrader","floor":3,"gold_loss":0},{"damage_healed":0,"gold_gain":0,"cards_transformed":["Strike_R"],"player_choice":"Transformed","damage_taken":0,"max_hp_gain":0,"max_hp_loss":0,"event_name":"Transmorgrifier","floor":13,"gold_loss":0,"cards_obtained":["Fiend Fire"]},{"damage_healed":0,"gold_gain":0,"player_choice":"Simplicity","damage_taken":0,"max_hp_gain":0,"max_hp_loss":0,"event_name":"Back to Basics","floor":19,"gold_loss":0,"cards_upgraded":["Strike_R","Strike_R","Strike_R","Defend_R","Defend_R","Defend_R","Defend_R"]},{"damage_healed":0,"gold_gain":0,"player_choice":"Became a Ghost","damage_taken":0,"max_hp_gain":0,"max_hp_loss":40,"event_name":"Ghosts","floor":20,"gold_loss":0,"cards_obtained":["Ghostly","Ghostly","Ghostly","Ghostly","Ghostly"]},{"damage_healed":0,"gold_gain":0,"player_choice":"Ignored","damage_taken":0,"max_hp_gain":0,"max_hp_loss":0,"event_name":"Tomb of Lord Red Mask","floor":36,"gold_loss":0},{"cards_removed":["Defend_R"],"damage_healed":0,"gold_gain":0,"player_choice":"Removed Skill","damage_taken":0,"max_hp_gain":0,"max_hp_loss":0,"event_name":"Falling","floor":38,"gold_loss":0},{"damage_healed":0,"gold_gain":0,"player_choice":"Max HP","damage_taken":0,"max_hp_gain":0,"max_hp_loss":3,"event_name":"Winding Halls","floor":48,"gold_loss":0}],"is_beta":false,"boss_relics":[{"not_picked":["Astrolabe","Tiny House"],"picked":"Sozu"},{"not_picked":["SacredBark","Mark of Pain"],"picked":"Calling Bell"}],"items_purged_floors":[11,21,30,37,47],"is_endless":false,"potions_floor_spawned":[5,7,10,22,31,45,46],"ascension_level":9}}