{"host":"3vgzk5mhz751jdrj","time":1609666776,"event":{"mods":["2.2 Compatiblity","AchievementEnabler","Act Like it!","Aspiration","BaseMod","Better Match","Better Note","Better Sensory Stone","Better Skull","Better Third Choice","Block Reminder","Colored Map","Conspire","Displayed Cursed Tome","Downfall","Downfall-Rebalance","Friendly Minions","GifTheSpireLib","Halation","Hubris","Marked Mod","Mimic Mod","Minty Spire (QoL Compilation)","Quick Restart","Rare Cards Sparkle","Replay The Spire","Reworked Bosses","Shop Mod","Spicy Shops","Spikes Relics","StSLib","Stuff the Spire","The Dragon Tamer","The Marked","Trackpad","vexMod"],"gold_per_floor":[109,121,133,133,133,158,173,201,254,141,175,195,195,97,97,198,198,212,212,212,60,77,77,102,102,142,142,142,142],"floor_reached":28,"playtime":1119,"items_purged":["theMarked:Strike","Shame"],"score":345,"play_id":"15926771-fbb8-4dc3-9ff3-0dd59c7a93c9","local_time":"20210103043936","is_ascension_mode":true,"campfire_choices":[{"floor":15.0,"key":"REST"},{"floor":23,"key":"REST"},{"floor":25,"key":"REST"}],"circlet_count":0,"master_deck":["theMarked:Defend","theMarked:Defend","theMarked:Defend","theMarked:Defend","theMarked:SoldierOfQuellstein+1","theMarked:RogueSparks","theMarked:Aftermath","theMarked:RogueSparks+1","theMarked:ElectricStrings","theMarked:Indomitable","theMarked:ParalyzingBlade","theMarked:Electrocute","theMarked:SwordAndMagic","theMarked:ChainLightning","theMarked:SoldierForm"],"relics":["theMarked:ArtifactOfAir","hubris:ToyBattleship","Replay:Towering Pillar of Hats","hubris:GlazedTorus","trackpad:StolenKidneys","hubris:MedicalManual","Bag of Preparation","Shuriken","hubris:DisguiseKit","hubris:Towel"],"acts_visited":["Exordium","TheCity"],"potions_floor_usage":[22],"damage_taken":[{"damage":1.0,"enemies":"Jaw Worm","floor":1.0,"turns":4.0},{"damage":0.0,"enemies":"Cultist","floor":2.0,"turns":4.0},{"damage":8.0,"enemies":"2 Louse","floor":3.0,"turns":3.0},{"damage":11.0,"enemies":"Lagavulin","floor":6.0,"turns":6.0},{"damage":0.0,"enemies":"Exordium Thugs","floor":7.0,"turns":3.0},{"damage":12.0,"enemies":"Gremlin Nob","floor":8.0,"turns":2.0},{"damage":16.0,"enemies":"Lagavulin","floor":11.0,"turns":7.0},{"damage":11.0,"enemies":"Lots of Slimes","floor":12.0,"turns":3.0},{"damage":0.0,"enemies":"Slime Boss","floor":16.0,"turns":5.0},{"damage":21.0,"enemies":"Shell Parasite","floor":18.0,"turns":4.0},{"damage":17,"enemies":"2 Thieves","floor":22,"turns":3},{"damage":42,"enemies":"Slavers","floor":24,"turns":4},{"damage":1,"enemies":"Sentry and Sphere","floor":26,"turns":5},{"damage":34,"enemies":"Sentry and Sphere","floor":28,"turns":4}],"seed_played":"1463065698600604813","potions_obtained":[{"floor":2.0,"key":"Energy Potion"},{"floor":6.0,"key":"champ:CounterPotion"},{"floor":7.0,"key":"Death Potion"},{"floor":18.0,"key":"champ:CounterPotion"}],"is_trial":false,"path_per_floor":["M","M","M","?","?","E","M","E","T","$","E","M","?","$","R","B",null,"M","?","$","$","M","R","E","R","MIM","?","M"],"character_chosen":"THE_DEFAULT","items_purchased":["theMarked:Electrocute","theMarked:SwordAndMagic","theMarked:ChainLightning","Bag of Preparation"],"campfire_rested":3,"item_purchase_floors":[10,10,14,21],"current_hp_per_floor":[69,69,61,70,70,59,59,47,47,47,31,20,20,20,41,41,70,49,49,44,44,27,48,6,27,26,26,0,0],"gold":142,"neow_bonus":"THREE_CARDS","is_daily":false,"chose_seed":false,"campfire_upgraded":0,"win_rate":0.0,"timestamp":1609666776,"path_taken":["M","M","M","?","?","E","?","E","T","$","E","M","?","$","R","BOSS","M","?","?","$","?","R","E","R","MIM","?","M"],"items_purchased_type":["Card","Card","Card","Relic"],"build_version":"2020-12-22","purchased_purges":2,"victory":false,"max_hp_per_floor":[70,70,70,70,70,70,70,70,70,70,70,70,70,70,70,70,70,70,70,70,70,70,70,70,70,70,70,70,70],"card_choices":[{"not_picked":["theMarked:TakeCover","theMarked:Static"],"picked":"theMarked:RogueSparks","floor":0.0},{"not_picked":["theMarked:WastefulDefense","theMarked:Parkour"],"picked":"theMarked:Aftermath","floor":1.0},{"not_picked":["theMarked:TunnelVision","theMarked:ElectricStrings"],"picked":"theMarked:RogueSparks","floor":2.0},{"not_picked":["theMarked:TakeCover","theMarked:LightningStrikesTwice"],"picked":"theMarked:ElectricStrings","floor":3.0},{"not_picked":["theMarked:Polarize","theMarked:BanishingStrike","theMarked:WastefulDefense"],"picked":"SKIP","floor":6.0},{"not_picked":["theMarked:HeightenedSenses","theMarked:Abjuration"],"picked":"theMarked:Indomitable","floor":7.0},{"not_picked":["theMarked:GodGivenPower","theMarked:Electrify"],"picked":"theMarked:ParalyzingBlade","floor":8.0},{"not_picked":["theMarked:WastefulDefense","theMarked:PowerFlow","theMarked:HeritageOfTheMarked"],"picked":"SKIP","floor":11.0},{"not_picked":["theMarked:MaelstromOfLightning","theMarked:Electrocute","theMarked:GodGivenPower"],"picked":"SKIP","floor":12.0},{"not_picked":["theMarked:FavorableWinds","theMarked:TakeOffHeels"],"picked":"theMarked:SoldierForm","floor":16.0},{"not_picked":["theMarked:PowerFlow","theMarked:Improvise","theMarked:ElectricStrings"],"picked":"SKIP","floor":18.0},{"not_picked":["theMarked:BanishingStrike+1","theMarked:SelfDefenseTraining","theMarked:TunnelVision"],"picked":"SKIP","floor":22},{"not_picked":["theMarked:RogueSparks","theMarked:Indomitable","theMarked:ThrowWeapon"],"picked":"SKIP","floor":24}],"player_experience":434786,"relics_obtained":[{"floor":6.0,"key":"hubris:ToyBattleship"},{"floor":8.0,"key":"Replay:Towering Pillar of Hats"},{"floor":11.0,"key":"hubris:GlazedTorus"},{"floor":24,"key":"Shuriken"},{"floor":26,"key":"hubris:DisguiseKit"}],"event_choices":[{"damage_healed":0.0,"max_hp_gain":0.0,"max_hp_loss":0.0,"gold_gain":0.0,"event_name":"Accursed Blacksmith","player_choice":"Forge","floor":5.0,"gold_loss":0.0,"damage_taken":0.0,"cards_upgraded":["theMarked:SoldierOfQuellstein"]},{"damage_healed":0.0,"max_hp_gain":0.0,"max_hp_loss":0.0,"gold_gain":0.0,"event_name":"Upgrade Shrine","player_choice":"Upgraded","floor":13.0,"gold_loss":0.0,"damage_taken":0.0,"cards_upgraded":["theMarked:RogueSparks"]},{"damage_healed":0.0,"max_hp_gain":0.0,"max_hp_loss":0.0,"gold_gain":0.0,"event_name":"Addict","player_choice":"Stole Relic","floor":19.0,"gold_loss":0.0,"damage_taken":0.0,"relics_obtained":["hubris:MedicalManual"],"cards_obtained":["Shame"]}],"is_beta":false,"boss_relics":[{"not_picked":["vexMod:MysteryBossChallenge","vexMod:NewClearReactor"],"picked":"trackpad:StolenKidneys"}],"items_purged_floors":[14,20],"is_endless":false,"potions_floor_spawned":[2,6,7,18],"killed_by":"Sentry and Sphere","ascension_level":1}}