{"host":"8hy8aczuekhxmmq8","time":1609669503,"event":{"mods":["Act Like it!","BaseMod","Colored Map","Colored Powertips","DeckTracker","Gensokyo","Marisa£¨Ùöéë¡¡Øª×âÞÞ£©","Minty Spire (QoL Compilation)","Quick Restart","StSLib","SuperFastMode"],"gold_per_floor":[366,381,36,50,50,50,83,33,33,43,43,43,43,56,56,154,154,167,428,445,445,695,695,723,774,845,845,845],"floor_reached":27,"playtime":679,"items_purged":[],"score":268,"play_id":"b503742c-d76a-4e6c-bdda-769c6cf633e3","local_time":"20210103192503","is_ascension_mode":true,"campfire_choices":[{"data":"PropBag","floor":6,"key":"SMITH"},{"data":"Gensokyo:BlessingOfConstitution","floor":13,"key":"SMITH"},{"data":"CasketOfStar","floor":15,"key":"SMITH"},{"floor":23,"key":"REST"}],"circlet_count":0,"master_deck":["Strike_MRS","Strike_MRS","Defend_MRS","Defend_MRS","Defend_MRS","Defend_MRS","MasterSpark","UpSweep","Regret","DC","Gensokyo:Apocalypse","OneTimeOff","PropBag+1","ChargeUpSpray","Gensokyo:BlessingOfConstitution+1","OortCloud","CasketOfStar+1","JA","PulseMagic+1","TreasureHunter","SprinkleStarSeal"],"relics":["MiniHakkero","Vajra","Omamori","Bag of Marbles","Empty Cage","Darkstone Periapt","ShroomBag","Bottled Flame","Frozen Eye"],"acts_visited":["Exordium","Gensokyo:Gensokyo"],"potions_floor_usage":[16,16,16,20,24],"damage_taken":[{"damage":8,"enemies":"Gensokyo:Gryphon","floor":1,"turns":4},{"damage":2,"enemies":"Gensokyo:3_Fairies","floor":2,"turns":3},{"damage":5,"enemies":"Gensokyo:2_Kodama","floor":4,"turns":4},{"damage":5,"enemies":"Gensokyo:2_Rabbits","floor":5,"turns":6},{"damage":27,"enemies":"Gensokyo:Cirno","floor":7,"turns":7},{"damage":4,"enemies":"Gensokyo:Kitsune","floor":10,"turns":2},{"damage":0,"enemies":"Gensokyo:LivingMonolith","floor":14,"turns":3},{"damage":16,"enemies":"Gensokyo:Yukari","floor":16,"turns":9},{"damage":6,"enemies":"Gensokyo:CosmicMonolith","floor":18,"turns":2},{"damage":39,"enemies":"Gensokyo:AngelMirror","floor":19,"turns":4},{"damage":27,"enemies":"Gensokyo:Monolith_and_Dog","floor":20,"turns":5},{"damage":20,"enemies":"Gensokyo:Tenshi","floor":24,"turns":5},{"damage":10,"enemies":"Gensokyo:Koishi","floor":27,"turns":1}],"seed_played":"-5586085867607179726","potions_obtained":[{"floor":2,"key":"BottledSpark"},{"floor":7,"key":"LiquidMemories"},{"floor":10,"key":"Regen Potion"},{"floor":18,"key":"ColorlessPotion"},{"floor":19,"key":"BlessingOfTheForge"}],"is_trial":false,"path_per_floor":["M","M","COS","M","M","R","E","?","T","M","$","?","R","M","R","B",null,"M","M","M","?","?","R","E","T","T","E"],"character_chosen":"MARISA","items_purchased":[],"campfire_rested":1,"item_purchase_floors":[],"current_hp_per_floor":[67,65,65,60,55,55,28,28,28,24,24,24,24,24,24,23,75,69,30,3,3,3,24,4,4,4,0,0],"gold":845,"neow_bonus":"TWO_FIFTY_GOLD","is_daily":false,"chose_seed":false,"campfire_upgraded":3,"win_rate":0.0,"timestamp":1609669503,"path_taken":["M","M","COS","?","M","R","E","?","T","M","?","?","R","M","R","BOSS","M","M","M","?","?","R","E","?","T","E"],"items_purchased_type":[],"build_version":"2020-12-22","purchased_purges":0,"victory":false,"max_hp_per_floor":[75,75,75,75,75,75,75,75,75,75,75,75,75,75,75,75,75,75,75,75,75,71,71,71,71,71,71,71],"card_choices":[{"not_picked":["SprinkleStarSeal","WitchLeyline"],"picked":"DC","floor":1},{"not_picked":["GrandCross","DoubleSpark"],"picked":"PropBag","floor":2},{"not_picked":["IllusionStar","GravityBeat"],"picked":"OneTimeOff","floor":4},{"not_picked":["AsteroidBelt+1","MilkyWay+1"],"picked":"PropBag+1","floor":5},{"not_picked":["GravityBeat","PropBag","Singularity"],"picked":"SKIP","floor":5},{"not_picked":["OrrerysSun","GravityBeat"],"picked":"ChargeUpSpray","floor":7},{"not_picked":["LuminesStrike","GravityBeat"],"picked":"OortCloud","floor":10},{"not_picked":["BigCrunch","SuperNova"],"picked":"CasketOfStar","floor":14},{"not_picked":["MysteriousBeam","Acceleration","6A"],"picked":"SKIP","floor":14},{"not_picked":["CasketOfStar","BinaryStars"],"picked":"JA","floor":16},{"not_picked":["IllusionStar","AsteroidBelt","RefractionSpark"],"picked":"SKIP","floor":18},{"not_picked":["6A","ShootingEcho+1","GrandCross"],"picked":"SKIP","floor":19},{"not_picked":["MeteoricShower","GrandCross"],"picked":"PulseMagic+1","floor":20},{"not_picked":["EnergyRecoil","GrandCross"],"picked":"SprinkleStarSeal","floor":24}],"player_experience":65599,"relics_obtained":[{"floor":7,"key":"Omamori"},{"floor":9,"key":"Bag of Marbles"},{"floor":24,"key":"Darkstone Periapt"},{"floor":25,"key":"ShroomBag"},{"floor":26,"key":"Bottled Flame"}],"event_choices":[],"is_beta":false,"boss_relics":[{"not_picked":["Fusion Hammer","Philosopher\u0027s Stone"],"picked":"Empty Cage"}],"items_purged_floors":[],"is_endless":false,"potions_floor_spawned":[2,7,10,18,19],"killed_by":"Gensokyo:Koishi","ascension_level":1}}