{"host":"qj91dvco5uhu9oti","time":1609674987,"event":{"mods":["BaseMod","Colored Map","Keyboard Shortcuts","Minty Spire (QoL Compilation)","Permanent Neow","Relic Stats","StSLib","SuperFastMode","everything is the same but u backflip on backflip"],"gold_per_floor":[114,129,79,34,49,49,79,179,179,179,194,209,224,239,239,339,339,354,104,119,134,149,149,179,194,219,219,234,249,264,279,279,379,379,394,108,123,138,15,15,30,45,45,75,75,75,75,37,37,37],"floor_reached":51,"playtime":859,"items_purged":[],"score":982,"play_id":"13b7abf7-3bb4-424a-bd46-d80af4aff428","local_time":"20210103205627","daily_mods":["Allstar","Hoarder","Terminal"],"is_ascension_mode":false,"campfire_choices":[{"data":"Armaments","floor":6.0,"key":"SMITH"},{"data":"Armaments","floor":10.0,"key":"SMITH"},{"data":"Armaments","floor":15.0,"key":"SMITH"},{"floor":23.0,"key":"REST"},{"floor":27.0,"key":"REST"},{"floor":32.0,"key":"REST"},{"floor":40,"key":"REST"},{"data":"PanicButton","floor":46,"key":"PURGE"},{"data":"PanicButton+1","floor":49,"key":"PURGE"}],"circlet_count":0,"master_deck":["Strike_R+1","Strike_R+1","Strike_R+1","Strike_R+1","Strike_R+1","Defend_R+1","Defend_R+1","Defend_R+1","Bash+1","Thinking Ahead+1","Thinking Ahead+1","Thinking Ahead+1","The Bomb+1","The Bomb+1","The Bomb+1","PanicButton+1","Secret Weapon+1","Secret Weapon+1","Secret Weapon+1","Good Instincts+1","Good Instincts+1","Good Instincts+1","Twin Strike+1","Twin Strike+1","Twin Strike+1","Perfected Strike+1","Perfected Strike+1","Perfected Strike+1","Armaments+1","Armaments+1","Armaments+1","Burning Pact+1","Burning Pact+1","Burning Pact+1","Perfected Strike+1","Perfected Strike+1","Perfected Strike+1","Wild Strike+1","Wild Strike+1","Wild Strike+1","Pommel Strike+1","Pommel Strike+1","Pommel Strike+1","Wild Strike+1","Wild Strike+1","Wild Strike+1","Pommel Strike+1","Pommel Strike+1","Pommel Strike+1","Pommel Strike+1","Pommel Strike+1","Pommel Strike+1","Impervious+1","Impervious+1","Impervious+1","Berserk+1","Berserk+1","Berserk+1","Battle Trance+1","Battle Trance+1","Battle Trance+1","Bludgeon+1","Bludgeon+1","Bludgeon+1","Wild Strike+1","Wild Strike+1","Wild Strike+1","Armaments+1","Armaments+1","Armaments+1","Double Tap+1","Double Tap+1","Double Tap+1","Mind Blast+1","Mind Blast+1","Mind Blast+1","Pommel Strike+1","Pommel Strike+1","Pommel Strike+1","Shockwave","Shockwave","Shockwave"],"relics":["Burning Blood","Thread and Needle","Anchor","Fusion Hammer","Pear","Kunai","Omamori","Sozu","Membership Card","Red Skull","Peace Pipe","Strawberry","Mark of the Bloom"],"acts_visited":["Exordium","TheCity","TheBeyond"],"potions_floor_usage":[],"damage_taken":[{"damage":0.0,"enemies":"Small Slimes","floor":1.0,"turns":3.0},{"damage":0.0,"enemies":"2 Louse","floor":2.0,"turns":2.0},{"damage":0.0,"enemies":"Cultist","floor":5.0,"turns":2.0},{"damage":2.0,"enemies":"3 Sentries","floor":7.0,"turns":4.0},{"damage":0.0,"enemies":"Gremlin Gang","floor":11.0,"turns":3.0},{"damage":0.0,"enemies":"2 Fungi Beasts","floor":12.0,"turns":2.0},{"damage":0.0,"enemies":"Exordium Wildlife","floor":13.0,"turns":2.0},{"damage":0.0,"enemies":"3 Louse","floor":14.0,"turns":3.0},{"damage":13.0,"enemies":"Hexaghost","floor":16.0,"turns":6.0},{"damage":0.0,"enemies":"3 Byrds","floor":18.0,"turns":3.0},{"damage":0.0,"enemies":"Spheric Guardian","floor":20.0,"turns":2.0},{"damage":0.0,"enemies":"Shelled Parasite and Fungi","floor":21.0,"turns":3.0},{"damage":0.0,"enemies":"3 Cultists","floor":22.0,"turns":2.0},{"damage":0.0,"enemies":"Slavers","floor":24.0,"turns":4.0},{"damage":0.0,"enemies":"Snecko","floor":25.0,"turns":2.0},{"damage":1.0,"enemies":"Chosen and Byrds","floor":28.0,"turns":3.0},{"damage":0.0,"enemies":"Snake Plant","floor":29.0,"turns":2.0},{"damage":0.0,"enemies":"Sentry and Sphere","floor":30.0,"turns":2.0},{"damage":0.0,"enemies":"Shelled Parasite and Fungi","floor":31.0,"turns":3.0},{"damage":32.0,"enemies":"Collector","floor":33.0,"turns":6.0},{"damage":0.0,"enemies":"3 Shapes","floor":35.0,"turns":5.0},{"damage":0,"enemies":"Orb Walker","floor":37,"turns":1},{"damage":25,"enemies":"Spire Growth","floor":38,"turns":3},{"damage":0,"enemies":"Sphere and 2 Shapes","floor":41,"turns":2},{"damage":0,"enemies":"Transient","floor":42,"turns":5},{"damage":0,"enemies":"Nemesis","floor":44,"turns":4},{"damage":0,"enemies":"Donu and Deca","floor":50,"turns":3}],"seed_played":"4251252283042701915","potions_obtained":[{"floor":1.0,"key":"GamblersBrew"},{"floor":5.0,"key":"DistilledChaos"},{"floor":7.0,"key":"SkillPotion"}],"is_trial":false,"path_per_floor":["M","M","?","$","M","R","E","?","T","R","M","M","M","M","R","B",null,"M","$","M","M","M","R","E","M","T","R","M","M","M","M","R","B",null,"M","$","M","M","$","R","M","M","T","E","?","R","?","$","R","B",null],"character_chosen":"IRONCLAD","items_purchased":["Armaments","Pear","Membership Card","Bludgeon","Red Skull","Wild Strike","Double Tap","Mind Blast","Shockwave"],"campfire_rested":4,"item_purchase_floors":[4,19,36,36,36,36,39,39,48],"current_hp_per_floor":[78,77,76,75,74,73,72,71,70,69,68,67,66,65,64,57,62,61,70,69,68,67,66,65,64,63,62,61,60,59,58,57,31,55,54,53,52,33,33,48,48,47,46,52,51,50,49,48,47,46],"gold":37,"neow_bonus":"","is_daily":true,"chose_seed":false,"campfire_upgraded":3,"win_rate":0.0,"timestamp":1609674987,"path_taken":["M","M","?","$","M","R","E","?","T","R","?","M","M","M","R","BOSS","M","$","M","M","M","R","E","?","T","R","M","M","M","M","R","BOSS","M","$","M","M","$","R","M","M","T","E","?","R","?","?","R","BOSS"],"items_purchased_type":["Card","Relic","Relic","Card","Relic","Card","Card","Card","Card"],"build_version":"2020-12-22","purchased_purges":0,"victory":true,"max_hp_per_floor":[78,77,76,75,74,73,72,71,70,69,68,67,66,65,64,63,62,61,70,69,68,67,66,65,64,63,62,61,60,59,58,57,56,55,54,53,52,51,50,49,48,47,46,52,51,50,49,48,47,46],"relic_stats":{"Sozu":3,"Peace Pipe":2,"Mark of the Bloom":6,"counters":[27,82],"Kunai":[14],"obtain_stats":[{"Mark of the Bloom":47,"Pear":19,"Thread and Needle":7,"Omamori":26,"Burning Blood":0,"Sozu":34,"Peace Pipe":43,"Anchor":9,"Strawberry":44,"Fusion Hammer":17,"Kunai":24,"Membership Card":36,"Red Skull":36},{"Mark of the Bloom":26,"Pear":10,"Thread and Needle":4,"Omamori":15,"Burning Blood":0,"Sozu":20,"Peace Pipe":25,"Anchor":4,"Strawberry":26,"Fusion Hammer":9,"Kunai":14,"Membership Card":21,"Red Skull":21},{"Mark of the Bloom":79,"Pear":30,"Thread and Needle":11,"Omamori":43,"Burning Blood":0,"Sozu":59,"Peace Pipe":75,"Anchor":11,"Strawberry":79,"Fusion Hammer":27,"Kunai":41,"Membership Card":64,"Red Skull":64}],"Burning Blood":22},"card_choices":[{"not_picked":["Hemokinesis","Iron Wave"],"picked":"Twin Strike","floor":1.0},{"not_picked":["Armaments","Anger"],"picked":"Perfected Strike","floor":2.0},{"not_picked":["Clothesline","Rage"],"picked":"Burning Pact","floor":5.0},{"not_picked":["Clash","Warcry"],"picked":"Perfected Strike","floor":7.0},{"not_picked":["Flex","Cleave"],"picked":"Wild Strike","floor":11.0},{"not_picked":["Flame Barrier","Twin Strike"],"picked":"Pommel Strike","floor":12.0},{"not_picked":["Havoc","Sever Soul","Whirlwind"],"picked":"SKIP","floor":13.0},{"not_picked":["Warcry","Sword Boomerang","Rupture"],"picked":"SKIP","floor":14.0},{"not_picked":["True Grit","Pummel"],"picked":"Wild Strike","floor":18.0},{"not_picked":["True Grit","Metallicize"],"picked":"Pommel Strike","floor":20.0},{"not_picked":["Berserk","Iron Wave","Heavy Blade"],"picked":"SKIP","floor":21.0},{"not_picked":["Clothesline","Searing Blow+1","Armaments"],"picked":"SKIP","floor":22.0},{"not_picked":["Searing Blow","Spot Weakness","True Grit"],"picked":"SKIP","floor":24.0},{"not_picked":["Headbutt","Carnage","Thunderclap"],"picked":"SKIP","floor":25.0},{"not_picked":["Heavy Blade","Warcry"],"picked":"Pommel Strike","floor":28.0},{"not_picked":["Clothesline","Shrug It Off","Heavy Blade"],"picked":"SKIP","floor":29.0},{"not_picked":["Thunderclap","Anger","Dropkick"],"picked":"SKIP","floor":30.0},{"not_picked":["Dual Wield","Heavy Blade"],"picked":"Impervious","floor":31.0},{"not_picked":["Juggernaut","Limit Break"],"picked":"Berserk","floor":33.0},{"not_picked":["Second Wind","Flex+1"],"picked":"Battle Trance","floor":35.0},{"not_picked":["True Grit+1","Sword Boomerang","Shrug It Off"],"picked":"SKIP","floor":37},{"not_picked":["Fiend Fire","Flame Barrier+1"],"picked":"Armaments+1","floor":38},{"not_picked":["True Grit+1","Burning Pact","Body Slam+1"],"picked":"SKIP","floor":41},{"not_picked":["Sword Boomerang+1","Inflame+1"],"picked":"Pommel Strike+1","floor":42},{"not_picked":["Thunderclap","Cleave+1","Uppercut"],"picked":"SKIP","floor":44}],"player_experience":335565,"relics_obtained":[{"floor":7.0,"key":"Thread and Needle"},{"floor":9.0,"key":"Anchor"},{"floor":24.0,"key":"Kunai"},{"floor":26.0,"key":"Omamori"},{"floor":43,"key":"Peace Pipe"},{"floor":44,"key":"Strawberry"}],"event_choices":[{"cards_removed":["Defend_R"],"damage_healed":0.0,"max_hp_gain":0.0,"max_hp_loss":0.0,"gold_gain":0.0,"event_name":"The Cleric","player_choice":"Card Removal","floor":3.0,"gold_loss":50.0,"damage_taken":0.0},{"damage_healed":0.0,"max_hp_gain":0.0,"max_hp_loss":0.0,"gold_gain":100.0,"event_name":"Golden Shrine","player_choice":"Pray","floor":8.0,"gold_loss":0.0,"damage_taken":0.0},{"damage_healed":0,"gold_gain":0,"player_choice":"Ignored","damage_taken":0,"max_hp_gain":0,"max_hp_loss":0,"event_name":"Tomb of Lord Red Mask","floor":45,"gold_loss":0},{"damage_healed":0,"gold_gain":0,"player_choice":"Upgrade","damage_taken":0,"relics_obtained":["Mark of the Bloom"],"max_hp_gain":0,"max_hp_loss":0,"event_name":"MindBloom","floor":47,"gold_loss":0,"cards_upgraded":["Strike_R","Strike_R","Strike_R","Strike_R","Strike_R","Defend_R","Defend_R","Defend_R","Bash","Thinking Ahead","Thinking Ahead","Thinking Ahead","The Bomb","The Bomb","The Bomb","PanicButton","PanicButton","Secret Weapon","Secret Weapon","Secret Weapon","Good Instincts","Good Instincts","Good Instincts","Twin Strike","Twin Strike","Twin Strike","Perfected Strike","Perfected Strike","Perfected Strike","Burning Pact","Burning Pact","Burning Pact","Perfected Strike","Perfected Strike","Perfected Strike","Wild Strike","Wild Strike","Wild Strike","Pommel Strike","Pommel Strike","Pommel Strike","Wild Strike","Wild Strike","Wild Strike","Pommel Strike","Pommel Strike","Pommel Strike","Pommel Strike","Pommel Strike","Pommel Strike","Impervious","Impervious","Impervious","Berserk","Berserk","Berserk","Battle Trance","Battle Trance","Battle Trance","Bludgeon","Bludgeon","Bludgeon","Wild Strike","Wild Strike","Wild Strike","Double Tap","Double Tap","Double Tap","Mind Blast","Mind Blast","Mind Blast"]}],"is_beta":false,"boss_relics":[{"not_picked":["Busted Crown","SacredBark"],"picked":"Fusion Hammer"},{"not_picked":["Black Star","Tiny House"],"picked":"Sozu"}],"items_purged_floors":[],"is_endless":false,"potions_floor_spawned":[1,5,7,13,18,24,31,33,37,38,41],"ascension_level":0}}