{"host":"anox4050deqdcqoh","time":1609703282,"event":{"mods":["BaseMod","Colored Map","Highlight Path","Minty Spire (QoL Compilation)","Quick Restart","Rare Cards Sparkle","everything is the same but u backflip on backflip"],"gold_per_floor":[111,111,131,131,141,172,172,97,176,196,196,18,18,32,32,133,133,148,165,165,175,175,175,193,193,193,193,217,140,155,174,174,271,271,282,329,341,341,355,366,366,378,378,391,170,180,180,197,197,197,197,197,62,93,93,93],"floor_reached":55,"playtime":2745,"items_purged":["Brutality","Bash+1"],"score":707,"play_id":"8f184081-c7a2-447a-842f-d228a3e7b492","local_time":"20210103144802","is_ascension_mode":true,"campfire_choices":[{"data":"Metallicize","floor":7.0,"key":"SMITH"},{"data":"Cleave","floor":11.0,"key":"SMITH"},{"data":"Fire Breathing","floor":13.0,"key":"SMITH"},{"data":"Shrug It Off","floor":15.0,"key":"SMITH"},{"data":"Juggernaut","floor":23.0,"key":"SMITH"},{"data":"Power Through","floor":27.0,"key":"SMITH"},{"data":"Barricade","floor":32.0,"key":"SMITH"},{"floor":41,"key":"RECALL"},{"data":"Flame Barrier","floor":47,"key":"SMITH"},{"floor":49,"key":"REST"},{"data":"Entrench","floor":52,"key":"SMITH"}],"circlet_count":0,"master_deck":["Strike_R+1","Strike_R+1","Strike_R+1","Strike_R+1","Strike_R+1","Defend_R+1","Defend_R+1","Defend_R+1","Defend_R+1","Cleave+1","Metallicize+1","Shrug It Off+1","Spot Weakness+1","Fire Breathing+1","Pommel Strike+1","Juggernaut+1","Shrug It Off","Feel No Pain","Power Through+1","Power Through","Barricade+1","Battle Trance","Berserk","Warcry+1","Shockwave+1","Shrug It Off+1","True Grit+1","Iron Wave+1","Entrench+1","Flame Barrier+1","Fire Breathing","Metallicize","Ghostly Armor"],"relics":["Burning Blood","Bronze Scales","Eternal Feather","Frozen Eye","Mark of Pain","War Paint","Juzu Bracelet","SlaversCollar","Lizard Tail","Question Card","Whetstone","Bottled Tornado"],"acts_visited":["Exordium","TheCity","TheBeyond","TheEnding"],"potions_floor_usage":[36,39,44,46,48],"damage_taken":[{"damage":6.0,"enemies":"Jaw Worm","floor":1.0,"turns":3.0},{"damage":2.0,"enemies":"Small Slimes","floor":3.0,"turns":4.0},{"damage":5.0,"enemies":"Cultist","floor":5.0,"turns":4.0},{"damage":32.0,"enemies":"Gremlin Nob","floor":6.0,"turns":5.0},{"damage":3.0,"enemies":"Exordium Thugs","floor":10.0,"turns":7.0},{"damage":0.0,"enemies":"3 Louse","floor":14.0,"turns":2.0},{"damage":21.0,"enemies":"Slime Boss","floor":16.0,"turns":8.0},{"damage":8.0,"enemies":"Shell Parasite","floor":18.0,"turns":4.0},{"damage":11.0,"enemies":"Spheric Guardian","floor":19.0,"turns":4.0},{"damage":9.0,"enemies":"Snake Plant","floor":21.0,"turns":4.0},{"damage":0.0,"enemies":"Cultist and Chosen","floor":24.0,"turns":4.0},{"damage":2.0,"enemies":"Centurion and Healer","floor":30.0,"turns":5.0},{"damage":6.0,"enemies":"Shelled Parasite and Fungi","floor":31.0,"turns":6.0},{"damage":0.0,"enemies":"Automaton","floor":33.0,"turns":10.0},{"damage":16.0,"enemies":"3 Darklings","floor":35.0,"turns":6.0},{"damage":45,"enemies":"2 Orb Walkers","floor":36,"turns":5},{"damage":0,"enemies":"3 Shapes","floor":37,"turns":3},{"damage":20,"enemies":"Sphere and 2 Shapes","floor":39,"turns":6},{"damage":6,"enemies":"3 Darklings","floor":40,"turns":6},{"damage":9,"enemies":"4 Shapes","floor":42,"turns":4},{"damage":9,"enemies":"Transient","floor":44,"turns":5},{"damage":27,"enemies":"3 Darklings","floor":46,"turns":4},{"damage":5,"enemies":"Writhing Mass","floor":48,"turns":8},{"damage":5,"enemies":"Time Eater","floor":50,"turns":12},{"damage":66,"enemies":"Shield and Spear","floor":54,"turns":7},{"damage":95,"enemies":"The Heart","floor":55,"turns":9}],"seed_played":"1257728218378922968","potions_obtained":[{"floor":1.0,"key":"Fruit Juice"},{"floor":5.0,"key":"Energy Potion"},{"floor":6.0,"key":"Regen Potion"},{"floor":16.0,"key":"Fire Potion"},{"floor":21.0,"key":"ColorlessPotion"},{"floor":31.0,"key":"AttackPotion"},{"floor":36,"key":"Weak Potion"},{"floor":39,"key":"Swift Potion"}],"is_trial":false,"path_per_floor":["M","?","M","?","M","E","R","$","T","M","R","$","R","M","R","B",null,"M","M","?","M","?","R","M","?","T","R","T","$","M","M","R","B",null,"M","?","M","?","M","M","R","M","T","M","$","M","R","M","R","B",null,"R","$","E","B"],"character_chosen":"IRONCLAD","items_purchased":["Fire Breathing","Frozen Eye","Power Through","Entrench","Whetstone","Metallicize"],"campfire_rested":1,"item_purchase_floors":[12,12,29,45,45,53],"current_hp_per_floor":[85,85,85,85,85,59,59,59,59,62,68,68,77,83,85,70,85,83,78,78,75,75,84,85,85,85,85,85,85,85,85,85,85,85,75,36,42,42,28,28,43,40,40,37,37,28,46,47,85,85,85,85,85,25,0,0],"gold":93,"neow_bonus":"ONE_RANDOM_RARE_CARD","is_daily":false,"chose_seed":false,"campfire_upgraded":9,"win_rate":0.0,"timestamp":1609703282,"path_taken":["M","?","M","?","M","E","R","?","T","?","R","$","R","M","R","BOSS","M","M","?","M","?","R","M","?","T","R","?","$","M","M","R","BOSS","M","?","M","?","M","M","R","M","T","M","$","M","R","M","R","BOSS","R","$","E","BOSS"],"items_purchased_type":["Card","Relic","Card","Card","Relic","Card"],"build_version":"2020-12-22","purchased_purges":2,"victory":false,"max_hp_per_floor":[85,85,85,85,85,85,85,85,85,85,85,85,85,85,85,85,85,85,85,85,85,85,85,85,85,85,85,85,85,85,85,85,85,85,85,85,85,85,85,85,85,85,85,85,85,85,85,85,85,85,85,85,85,85,85,85],"card_choices":[{"not_picked":["Dual Wield","Dropkick","Clash"],"picked":"SKIP","floor":1.0},{"not_picked":["Warcry","Wild Strike"],"picked":"Cleave","floor":3.0},{"not_picked":["Thunderclap","Havoc"],"picked":"Metallicize","floor":5.0},{"not_picked":["Wild Strike","Pommel Strike"],"picked":"Shrug It Off","floor":6.0},{"not_picked":["Searing Blow","Perfected Strike"],"picked":"Spot Weakness","floor":10.0},{"not_picked":["Sword Boomerang","Flex"],"picked":"Pommel Strike","floor":14.0},{"not_picked":["Double Tap","Brutality"],"picked":"Juggernaut","floor":16.0},{"not_picked":["Whirlwind","Carnage","Havoc"],"picked":"SKIP","floor":18.0},{"not_picked":["Flex","Havoc"],"picked":"Shrug It Off","floor":19.0},{"not_picked":["Dual Wield","Body Slam"],"picked":"Feel No Pain","floor":21.0},{"not_picked":["Headbutt","Pommel Strike"],"picked":"Power Through","floor":24.0},{"not_picked":["Feel No Pain","Iron Wave+1"],"picked":"Barricade","floor":30.0},{"not_picked":["Sword Boomerang","Clothesline"],"picked":"Battle Trance","floor":31.0},{"not_picked":["Brutality","Corruption"],"picked":"Berserk","floor":33.0},{"not_picked":["Sword Boomerang+1","Thunderclap"],"picked":"Warcry+1","floor":35},{"not_picked":["Uppercut","Heavy Blade"],"picked":"Shockwave+1","floor":37},{"not_picked":["Spot Weakness+1","Immolate"],"picked":"Shrug It Off+1","floor":39},{"not_picked":["Bloodletting+1","Anger"],"picked":"True Grit+1","floor":40},{"not_picked":["Thunderclap","Bludgeon","Warcry"],"picked":"SKIP","floor":42},{"not_picked":["Infernal Blade","Reckless Charge","Spot Weakness"],"picked":"Iron Wave+1","floor":44},{"not_picked":["Shrug It Off","Fire Breathing","Warcry+1"],"picked":"Flame Barrier","floor":46},{"not_picked":["Bloodletting+1","Fiend Fire","Armaments+1"],"picked":"Fire Breathing","floor":48},{"not_picked":["Flex+1","Twin Strike","Sword Boomerang"],"picked":"Ghostly Armor","floor":54}],"player_experience":260847,"relics_obtained":[{"floor":6.0,"key":"Bronze Scales"},{"floor":9.0,"key":"Eternal Feather"},{"floor":28.0,"key":"Juzu Bracelet"},{"floor":36,"key":"Lizard Tail"},{"floor":43,"key":"Question Card"},{"floor":54,"key":"Bottled Tornado"}],"event_choices":[{"damage_healed":0.0,"max_hp_gain":0.0,"max_hp_loss":0.0,"gold_gain":0.0,"event_name":"The Cleric","player_choice":"Leave","floor":2.0,"gold_loss":0.0,"damage_taken":0.0},{"damage_healed":0.0,"max_hp_gain":0.0,"max_hp_loss":0.0,"gold_gain":0.0,"event_name":"Shining Light","player_choice":"Ignored","floor":4.0,"gold_loss":0.0,"damage_taken":0.0},{"damage_healed":0.0,"max_hp_gain":0.0,"max_hp_loss":0.0,"gold_gain":0.0,"event_name":"Vampires","player_choice":"Ignored","floor":20.0,"gold_loss":0.0,"damage_taken":0.0},{"damage_healed":0.0,"max_hp_gain":0.0,"max_hp_loss":0.0,"gold_gain":0.0,"event_name":"The Mausoleum","player_choice":"Opened","floor":22.0,"gold_loss":0.0,"damage_taken":0.0,"relics_obtained":["War Paint"]},{"damage_healed":0.0,"max_hp_gain":0.0,"max_hp_loss":0.0,"gold_gain":0.0,"event_name":"Back to Basics","player_choice":"Simplicity","floor":25.0,"gold_loss":0.0,"damage_taken":0.0,"cards_upgraded":["Strike_R","Strike_R","Strike_R","Strike_R","Strike_R","Defend_R","Defend_R","Defend_R"]},{"damage_healed":0,"gold_gain":0,"player_choice":"Fight","damage_taken":0,"max_hp_gain":0,"max_hp_loss":0,"event_name":"Mysterious Sphere","floor":36,"gold_loss":0},{"damage_healed":0,"gold_gain":0,"player_choice":"Ignored","damage_taken":0,"max_hp_gain":0,"max_hp_loss":0,"event_name":"Tomb of Lord Red Mask","floor":38,"gold_loss":0}],"is_beta":false,"boss_relics":[{"not_picked":["Black Blood","Ectoplasm"],"picked":"Mark of Pain"},{"not_picked":["Runic Dome","Sozu"],"picked":"SlaversCollar"}],"items_purged_floors":[8,53],"is_endless":false,"potions_floor_spawned":[1,5,6,16,21,30,31,33,36,39,40,42],"killed_by":"The Heart","ascension_level":1}}