{"host":"0vlubjftylzdr3ny","time":1609699994,"event":{"mods":["Always Whale","BaseMod","GifTheSpireLib","Minty Spire (QoL Compilation)","Relic Filter","StSLib","Stuff the Spire"],"gold_per_floor":[116,135,135,60,75,75,108,108,108,108,108,119,129,160,160,234,234,245,259,259,272,272,272],"floor_reached":22,"playtime":969,"items_purged":["Strike_R"],"score":392,"play_id":"ea45f12b-3e51-468b-ace4-51e4f71cbcac","local_time":"20210103195314","is_ascension_mode":true,"campfire_choices":[{"data":"Uppercut","floor":6.0,"key":"SMITH"},{"data":"True Grit","floor":8.0,"key":"SMITH"},{"data":"Inflame","floor":15.0,"key":"SMITH"}],"circlet_count":0,"master_deck":["AscendersBane","Strike_R","Strike_R","Strike_R","Defend_R","Defend_R","Defend_R","Defend_R","Bash","Double Tap","Uppercut+1","Inflame+1","True Grit+1","Metallicize","Body Slam","Demon Form","Metallicize+1"],"relics":["Burning Blood","Vajra","Eternal Feather","Mummified Hand","StuffTheSpire:Expresso","Sozu"],"acts_visited":["Exordium","TheCity"],"potions_floor_usage":[],"damage_taken":[{"damage":10.0,"enemies":"Small Slimes","floor":1.0,"turns":5.0},{"damage":0.0,"enemies":"Cultist","floor":2.0,"turns":3.0},{"damage":8.0,"enemies":"2 Louse","floor":5.0,"turns":4.0},{"damage":25.0,"enemies":"Lagavulin","floor":7.0,"turns":6.0},{"damage":6.0,"enemies":"Large Slime","floor":12.0,"turns":8.0},{"damage":14.0,"enemies":"Red Slaver","floor":13.0,"turns":3.0},{"damage":23.0,"enemies":"Gremlin Nob","floor":14.0,"turns":4.0},{"damage":29.0,"enemies":"Hexaghost","floor":16.0,"turns":8.0},{"damage":16,"enemies":"Spheric Guardian","floor":18,"turns":4},{"damage":38,"enemies":"3 Byrds","floor":19,"turns":8},{"damage":10,"enemies":"Snake Plant","floor":21,"turns":3},{"damage":19,"enemies":"Centurion and Healer","floor":22,"turns":1}],"seed_played":"42086197277428420","potions_obtained":[{"floor":1.0,"key":"Regen Potion"},{"floor":5.0,"key":"PowerPotion"}],"is_trial":false,"path_per_floor":["M","M","?","$","M","R","E","R","T","T","?","M","M","E","R","B",null,"M","M","?","M","M"],"character_chosen":"IRONCLAD","items_purchased":[],"campfire_rested":0,"item_purchase_floors":[],"current_hp_per_floor":[64,70,70,70,68,68,49,49,49,49,49,49,41,36,45,22,62,52,20,20,16,0,0],"gold":272,"neow_bonus":"ONE_RANDOM_RARE_CARD","is_daily":false,"chose_seed":false,"campfire_upgraded":3,"win_rate":0.0,"timestamp":1609699994,"path_taken":["M","M","?","$","?","R","E","R","T","?","?","M","M","E","R","BOSS","M","M","?","?","M"],"items_purchased_type":[],"build_version":"2020-12-22","purchased_purges":1,"victory":false,"max_hp_per_floor":[75,75,75,75,75,75,75,75,75,75,75,75,75,75,75,75,75,75,75,75,75,75,75],"card_choices":[{"not_picked":["Battle Trance","Havoc"],"picked":"Uppercut","floor":1.0},{"not_picked":["Pommel Strike","Clash","Wild Strike"],"picked":"SKIP","floor":2.0},{"not_picked":["Feel No Pain","Body Slam"],"picked":"Inflame","floor":5.0},{"not_picked":["Pommel Strike","Iron Wave"],"picked":"True Grit","floor":7.0},{"not_picked":["Warcry","Flex"],"picked":"Body Slam","floor":12.0},{"not_picked":["Fire Breathing","Clash","StuffTheSpire:RockThrow"],"picked":"SKIP","floor":13.0},{"not_picked":["Pommel Strike","Warcry"],"picked":"Demon Form","floor":14.0},{"not_picked":["True Grit","Clothesline","Clash"],"picked":"SKIP","floor":18},{"not_picked":["Burning Pact","Dropkick"],"picked":"Metallicize+1","floor":19},{"not_picked":["True Grit","Fire Breathing","Inflame"],"picked":"SKIP","floor":21}],"player_experience":796259,"relics_obtained":[{"floor":7.0,"key":"Vajra"},{"floor":9.0,"key":"Eternal Feather"},{"floor":10.0,"key":"Mummified Hand"},{"floor":14.0,"key":"StuffTheSpire:Expresso"}],"event_choices":[{"damage_healed":0.0,"max_hp_gain":0.0,"max_hp_loss":0.0,"gold_gain":0.0,"event_name":"Match and Keep!","player_choice":"0 cards matched","floor":3.0,"gold_loss":0.0,"damage_taken":0.0,"cards_obtained":[]},{"damage_healed":0.0,"max_hp_gain":0.0,"max_hp_loss":0.0,"gold_gain":0.0,"cards_transformed":["Strike_R"],"event_name":"Living Wall","player_choice":"Change","floor":11.0,"gold_loss":0.0,"damage_taken":0.0,"cards_obtained":["Metallicize"]},{"damage_healed":0,"gold_gain":0,"player_choice":"Ignored","damage_taken":0,"max_hp_gain":0,"max_hp_loss":0,"event_name":"N\u0027loth","floor":20,"gold_loss":0}],"is_beta":false,"boss_relics":[{"not_picked":["Cursed Key","Astrolabe"],"picked":"Sozu"}],"items_purged_floors":[4],"is_endless":false,"potions_floor_spawned":[1,5,18],"killed_by":"Centurion and Healer","ascension_level":20}}