{"host":"armnliea5o2aqs4b","time":1609661569,"event":{"mods":["BaseMod","Hubris","Infinite Spire","Minty Spire (QoL Compilation)","Quick Restart","StSLib"],"gold_per_floor":[114,114,114,114,139,139,157,189,242,99,127,127,127,144,144,241,241,253,269,269,314,314,314,334,334,358,358,377,403,403,431,431,532,532,547,547,547,558,558,558],"floor_reached":39,"playtime":1534,"items_purged":[],"score":520,"play_id":"9d3bd7a7-dc0d-4344-acb8-48104dd7a5b2","local_time":"20210103191249","is_ascension_mode":true,"campfire_choices":[{"data":"Spot Weakness","floor":6,"key":"SMITH"},{"data":"Searing Blow","floor":12,"key":"SMITH"},{"data":"Searing Blow+1","floor":15,"key":"SMITH"},{"data":"Searing Blow+2","floor":23,"key":"SMITH"},{"data":"Double Tap","floor":30,"key":"SMITH"},{"data":"Searing Blow+3","floor":32,"key":"SMITH"}],"circlet_count":0,"master_deck":["Strike_R+1","Strike_R","Strike_R+1","Strike_R","Defend_R","Defend_R","Defend_R","Defend_R","Bash","Searing Blow+4","Spot Weakness+1","Shrug It Off","hubris:ReadiedAction","Double Tap+1","Berserk","Madness","Madness","infinitespire:OneForAll"],"relics":["Burning Blood","NeowsBlessing","hubris:Towel","infinitespire:Satchel","Lantern","Whetstone","Bag of Marbles","Dream Catcher","hubris:GrandSneckoEye","Gambling Chip","infinitespire:Lucky Rock","Potion Belt","Paper Frog","hubris:BottledRain","Velvet Choker"],"acts_visited":["Exordium","TheCity","TheBeyond"],"potions_floor_usage":[11,11,16,39],"damage_taken":[{"damage":0,"enemies":"Small Slimes","floor":1,"turns":1},{"damage":0,"enemies":"2 Louse","floor":7,"turns":1},{"damage":0,"enemies":"Lagavulin","floor":8,"turns":1},{"damage":26,"enemies":"3 Sentries","floor":11,"turns":7},{"damage":12,"enemies":"Jaw Worm","floor":14,"turns":2},{"damage":46,"enemies":"Hexaghost","floor":16,"turns":9},{"damage":17,"enemies":"2 Thieves","floor":18,"turns":3},{"damage":6,"enemies":"Spheric Guardian","floor":19,"turns":3},{"damage":0,"enemies":"3 Cultists","floor":24,"turns":4},{"damage":0,"enemies":"Cultist and Chosen","floor":28,"turns":3},{"damage":0,"enemies":"Gremlin Leader","floor":29,"turns":3},{"damage":35,"enemies":"Nightmare","floor":31,"turns":4},{"damage":50,"enemies":"Automaton","floor":33,"turns":6},{"damage":37,"enemies":"3 Shapes","floor":35,"turns":2},{"damage":12,"enemies":"3 Darklings","floor":38,"turns":4},{"damage":69,"enemies":"2 Orb Walkers","floor":39,"turns":4}],"seed_played":"-127621423610428830","potions_obtained":[{"floor":1,"key":"BloodPotion"},{"floor":7,"key":"SkillPotion"},{"floor":8,"key":"ElixirPotion"},{"floor":13,"key":"SmokeBomb"},{"floor":13,"key":"FairyPotion"},{"floor":24,"key":"LiquidMemories"},{"floor":31,"key":"BloodPotion"},{"floor":33,"key":"Swift Potion"}],"is_trial":false,"path_per_floor":["M","?","?","?","T","R","M","E","T","$","E","R","?","M","R","B",null,"M","M","AVR","T","?","R","M","?","T","?","M","E","R","NM","R","B",null,"M","?","AVR","M","?"],"character_chosen":"IRONCLAD","items_purchased":["Bag of Marbles"],"campfire_rested":0,"item_purchase_floors":[10],"current_hp_per_floor":[80,80,85,85,85,85,85,85,85,85,65,65,65,59,59,36,85,74,74,74,74,74,74,80,80,80,80,85,85,85,56,56,12,85,54,43,43,37,0,0],"gold":558,"neow_bonus":"THREE_ENEMY_KILL","is_daily":false,"chose_seed":false,"campfire_upgraded":6,"win_rate":0.0,"timestamp":1609661569,"path_taken":["M","?","?","?","?","R","?","E","T","$","E","R","?","M","R","BOSS","M","M","AVR","?","?","R","M","?","T","?","?","E","R","NM","R","BOSS","M","?","AVR","M","?"],"items_purchased_type":["Relic"],"build_version":"2020-12-22","purchased_purges":0,"victory":false,"max_hp_per_floor":[80,80,85,85,85,85,85,85,85,85,85,85,85,85,85,85,85,85,85,85,85,85,85,85,85,85,85,85,85,85,85,85,85,85,85,85,85,85,85,85],"card_choices":[{"not_picked":["Fire Breathing","Sever Soul"],"picked":"Searing Blow","floor":1},{"not_picked":["Carnage","Iron Wave","Rampage"],"picked":"SKIP","floor":7},{"not_picked":["Evolve","Clash"],"picked":"Shrug It Off","floor":8},{"not_picked":["Pommel Strike","Headbutt","Havoc"],"picked":"SKIP","floor":11},{"not_picked":["Metallicize","Iron Wave","Fire Breathing"],"picked":"SKIP","floor":14},{"not_picked":["Headbutt","Warcry"],"picked":"hubris:ReadiedAction","floor":18},{"not_picked":["Body Slam","Cleave","Wild Strike+1"],"picked":"SKIP","floor":19},{"not_picked":["Shrug It Off","Heavy Blade"],"picked":"Double Tap","floor":24},{"not_picked":["Shrug It Off","Dual Wield","Armaments"],"picked":"SKIP","floor":28},{"not_picked":["Combust","Armaments+1","Warcry"],"picked":"SKIP","floor":29},{"not_picked":["Clothesline","Dual Wield+1","Body Slam"],"picked":"SKIP","floor":31},{"not_picked":["Bludgeon","Reaper"],"picked":"Berserk","floor":33},{"not_picked":["Clash+1","Anger","Feel No Pain"],"picked":"SKIP","floor":35},{"not_picked":["Blood for Blood","Warcry"],"picked":"infinitespire:OneForAll","floor":38}],"player_experience":139451,"relics_obtained":[{"floor":5,"key":"infinitespire:Satchel"},{"floor":8,"key":"Lantern"},{"floor":9,"key":"Whetstone"},{"floor":11,"key":"Dream Catcher"},{"floor":21,"key":"infinitespire:Lucky Rock"},{"floor":26,"key":"Potion Belt"},{"floor":29,"key":"Paper Frog"},{"floor":31,"key":"hubris:BottledRain"}],"event_choices":[{"damage_healed":0,"gold_gain":0,"player_choice":"Donut","damage_taken":0,"max_hp_gain":5,"max_hp_loss":0,"event_name":"Big Fish","floor":3,"gold_loss":0},{"damage_healed":0,"gold_gain":0,"player_choice":"Got Potions","damage_taken":0,"max_hp_gain":0,"max_hp_loss":0,"event_name":"Lab","floor":13,"gold_loss":0},{"damage_healed":0,"gold_gain":0,"player_choice":"Ignored","damage_taken":0,"max_hp_gain":0,"max_hp_loss":0,"event_name":"Ghosts","floor":22,"gold_loss":0},{"damage_healed":0,"gold_gain":0,"player_choice":"Ignored","damage_taken":0,"max_hp_gain":0,"max_hp_loss":0,"event_name":"Vampires","floor":25,"gold_loss":0},{"cards_removed":["Strike_R"],"damage_healed":0,"gold_gain":0,"player_choice":"Offered Basic","damage_taken":0,"max_hp_gain":0,"max_hp_loss":0,"event_name":"Bonfire Elementals","floor":27,"gold_loss":0},{"damage_healed":0,"gold_gain":0,"player_choice":"Embrace Madness","damage_taken":11,"max_hp_gain":0,"max_hp_loss":0,"event_name":"Winding Halls","floor":36,"gold_loss":0,"cards_obtained":["Madness","Madness"]},{"damage_healed":0,"gold_gain":0,"player_choice":"Fight","damage_taken":0,"max_hp_gain":0,"max_hp_loss":0,"event_name":"Mysterious Sphere","floor":39,"gold_loss":0}],"is_beta":false,"boss_relics":[{"not_picked":["Mark of Pain","Snecko Eye"],"picked":"hubris:GrandSneckoEye"},{"not_picked":["hubris:Backtick","Tiny House"],"picked":"Velvet Choker"}],"items_purged_floors":[],"is_endless":true,"potions_floor_spawned":[1,7,8,14,24,31,33,38],"killed_by":"2 Orb Walkers","ascension_level":2}}