{"host":"50per11302020","time":1609661155,"event":{"mods":["AchievementEnabler","BaseMod","Colored Map","Minty Spire (QoL Compilation)","Relic Stats","StSLib"],"gold_per_floor":[109,123,138,71,84,84,102,132,132,132,132,132,7,22,22,152,152,173,196,196,196],"floor_reached":20,"playtime":1418,"items_purged":["Strike_B"],"score":194,"play_id":"20542d69-e40b-45f7-9a95-55ded67fe49b","local_time":"20210103000555","is_ascension_mode":true,"campfire_choices":[{"floor":6.0,"key":"REST"},{"floor":15.0,"key":"REST"}],"circlet_count":0,"master_deck":["Strike_B","Strike_B","Strike_B","Defend_B+1","Defend_B","Defend_B","Defend_B","Zap+1","Dualcast","Metamorphosis+1","FTL","Chaos","Capacitor","All For One","Steam","Capacitor","Machine Learning","Cold Snap+1"],"relics":["Cracked Core","War Paint","Matryoshka","Golden Idol","CultistMask","SacredBark"],"acts_visited":["Exordium","TheCity"],"potions_floor_usage":[20],"damage_taken":[{"damage":0.0,"enemies":"Cultist","floor":1.0,"turns":4.0},{"damage":2.0,"enemies":"Jaw Worm","floor":2.0,"turns":3.0},{"damage":2.0,"enemies":"2 Louse","floor":3.0,"turns":2.0},{"damage":31.0,"enemies":"Gremlin Gang","floor":5.0,"turns":5.0},{"damage":7.0,"enemies":"Exordium Wildlife","floor":7.0,"turns":4.0},{"damage":21.0,"enemies":"Lagavulin","floor":8.0,"turns":6.0},{"damage":5.0,"enemies":"3 Louse","floor":14.0,"turns":2.0},{"damage":8.0,"enemies":"Hexaghost","floor":16.0,"turns":4.0},{"damage":36.0,"enemies":"3 Byrds","floor":18.0,"turns":4.0},{"damage":22.0,"enemies":"Spheric Guardian","floor":19.0,"turns":4.0},{"damage":18,"enemies":"Snake Plant","floor":20,"turns":2}],"seed_played":"-2911171783679207931","potions_obtained":[{"floor":2.0,"key":"DistilledChaos"},{"floor":5.0,"key":"Block Potion"},{"floor":7.0,"key":"Strength Potion"},{"floor":8.0,"key":"FocusPotion"}],"is_trial":false,"path_per_floor":["M","M","M","$","M","R","M","E","T","?","?","?","$","M","R","B",null,"M","M","M"],"character_chosen":"DEFECT","items_purchased":["Capacitor","Strength Potion"],"campfire_rested":2,"item_purchase_floors":[4,13],"current_hp_per_floor":[54,52,50,50,19,41,34,13,13,13,13,13,13,8,28,20,69,33,11,0,0],"gold":196,"neow_bonus":"RANDOM_COLORLESS_2","is_daily":false,"chose_seed":false,"campfire_upgraded":0,"win_rate":0.0,"timestamp":1609661155,"path_taken":["M","M","M","$","?","R","M","E","T","?","?","?","$","M","R","BOSS","M","M","?"],"items_purchased_type":["Card","Potion"],"build_version":"2020-12-18","purchased_purges":1,"victory":false,"max_hp_per_floor":[75,75,75,75,75,75,75,75,75,69,69,69,69,69,69,69,69,69,69,69,69],"relic_stats":{"counters":[11,40],"Golden Idol":38,"War Paint":["Zap","Defend_B"],"obtain_stats":[{"Matryoshka":9,"Golden Idol":10,"SacredBark":17,"CultistMask":12,"War Paint":8,"Cracked Core":0},{"Matryoshka":6,"Golden Idol":6,"SacredBark":8,"CultistMask":6,"War Paint":6,"Cracked Core":0},{"Matryoshka":24,"Golden Idol":24,"SacredBark":30,"CultistMask":24,"War Paint":24,"Cracked Core":0}]},"card_choices":[{"not_picked":["Master of Strategy","Transmutation"],"picked":"Metamorphosis","floor":0.0},{"not_picked":["Streamline","Coolheaded"],"picked":"FTL","floor":1.0},{"not_picked":["Rebound","Conserve Battery"],"picked":"Chaos","floor":2.0},{"not_picked":["Stack","Cold Snap","Steam"],"picked":"SKIP","floor":3.0},{"not_picked":["Melter","Hologram"],"picked":"All For One","floor":5.0},{"not_picked":["Leap","Beam Cell"],"picked":"Steam","floor":7.0},{"not_picked":["Coolheaded","Barrage"],"picked":"Capacitor","floor":8.0},{"not_picked":["Undo","Ball Lightning","Cold Snap"],"picked":"SKIP","floor":14.0},{"not_picked":["Rainbow","Amplify"],"picked":"Machine Learning","floor":16.0},{"not_picked":["Double Energy+1","Hologram"],"picked":"Cold Snap+1","floor":18.0},{"not_picked":["Double Energy","Streamline","Hologram"],"picked":"SKIP","floor":19.0}],"player_experience":56835,"relics_obtained":[{"floor":8.0,"key":"War Paint"},{"floor":9.0,"key":"Matryoshka"}],"event_choices":[{"damage_healed":0.0,"max_hp_gain":0.0,"max_hp_loss":6.0,"gold_gain":0.0,"event_name":"Golden Idol","player_choice":"Lose Max HP","floor":10.0,"gold_loss":0.0,"damage_taken":0.0,"relics_obtained":["Golden Idol"]},{"damage_healed":0.0,"max_hp_gain":0.0,"max_hp_loss":0.0,"gold_gain":0.0,"event_name":"Living Wall","player_choice":"Grow","floor":11.0,"gold_loss":0.0,"damage_taken":0.0,"cards_upgraded":["Metamorphosis"]},{"damage_healed":0.0,"max_hp_gain":0.0,"max_hp_loss":0.0,"gold_gain":0.0,"event_name":"FaceTrader","player_choice":"Trade","floor":12.0,"gold_loss":0.0,"damage_taken":0.0,"relics_obtained":["CultistMask"]}],"is_beta":true,"boss_relics":[{"not_picked":["Pandora\u0027s Box","Runic Pyramid"],"picked":"SacredBark"}],"items_purged_floors":[13],"is_endless":false,"potions_floor_spawned":[2,5,7,8],"killed_by":"Snake Plant","ascension_level":2}}