{"host":"o4w63qr3r67r509f","time":1609677108,"event":{"mods":["2.2 Compatiblity","AchievementEnabler","BaseMod","Colored Map","DeckTracker","KOR Keyword Fix","Minty Spire (QoL Compilation)","StSLib"],"gold_per_floor":[114,131,131,63,77,112,123,139,139,174,174,192,192,205,205,304,304,314,314,328,355,367,399,399,418,465,485,520,480,480,497,497,593,593,608,263,318,331,331,359,359,377,425,435,435,445,479,494,494,494],"floor_reached":51,"playtime":3994,"items_purged":["Strike_P"],"score":738,"play_id":"4090df7d-5b5a-4ee9-b07e-6945634b2886","local_time":"20210103213148","is_ascension_mode":false,"campfire_choices":[{"data":"Judgement","floor":11.0,"key":"SMITH"},{"data":"Scrawl","floor":13.0,"key":"SMITH"},{"data":"Eruption","floor":15.0,"key":"SMITH"},{"data":"ConjureBlade","floor":30.0,"key":"SMITH"},{"data":"Adaptation","floor":32.0,"key":"SMITH"},{"data":"Trip","floor":41.0,"key":"SMITH"},{"floor":45,"key":"REST"},{"floor":49,"key":"REST"}],"circlet_count":0,"master_deck":["Strike_P","Strike_P","Strike_P+1","Defend_P","Defend_P","Defend_P","Eruption+1","Vigilance","Judgement+1","Crescendo","Brilliance","Scrawl+1","Ragnarok+1","Adaptation+1","Study","ConjureBlade+1","Adaptation","Omniscience","Panache","Trip+1","Crescendo+1","Omniscience","InnerPeace+1"],"relics":["HolyWater","Damaru","Sundial","Pear","SlaversCollar","Red Mask","Bottled Lightning","Mummified Hand","Whetstone","Pantograph","Turnip","Meat on the Bone","Vajra","Bronze Scales"],"acts_visited":["Exordium","TheCity","TheBeyond"],"potions_floor_usage":[50,50],"damage_taken":[{"damage":0.0,"enemies":"Cultist","floor":1.0,"turns":2.0},{"damage":0.0,"enemies":"Jaw Worm","floor":2.0,"turns":1.0},{"damage":0.0,"enemies":"Small Slimes","floor":5.0,"turns":2.0},{"damage":5.0,"enemies":"3 Sentries","floor":6.0,"turns":6.0},{"damage":0.0,"enemies":"2 Fungi Beasts","floor":7.0,"turns":3.0},{"damage":2.0,"enemies":"Blue Slaver","floor":8.0,"turns":3.0},{"damage":8.0,"enemies":"Gremlin Nob","floor":10.0,"turns":3.0},{"damage":5.0,"enemies":"Lots of Slimes","floor":12.0,"turns":3.0},{"damage":0.0,"enemies":"Looter","floor":14.0,"turns":1.0},{"damage":33.0,"enemies":"The Guardian","floor":16.0,"turns":4.0},{"damage":20.0,"enemies":"2 Thieves","floor":18.0,"turns":3.0},{"damage":0.0,"enemies":"Chosen","floor":20.0,"turns":3.0},{"damage":0.0,"enemies":"Masked Bandits","floor":21.0,"turns":1.0},{"damage":10.0,"enemies":"Snake Plant","floor":22.0,"turns":3.0},{"damage":0.0,"enemies":"Gremlin Leader","floor":23.0,"turns":3.0},{"damage":1.0,"enemies":"Cultist and Chosen","floor":25.0,"turns":3.0},{"damage":13.0,"enemies":"Centurion and Healer","floor":27.0,"turns":2.0},{"damage":13.0,"enemies":"Book of Stabbing","floor":28.0,"turns":3.0},{"damage":13.0,"enemies":"3 Cultists","floor":31.0,"turns":3.0},{"damage":30.0,"enemies":"Collector","floor":33.0,"turns":6.0},{"damage":1.0,"enemies":"3 Shapes","floor":35.0,"turns":2.0},{"damage":37.0,"enemies":"2 Orb Walkers","floor":37.0,"turns":3.0},{"damage":11.0,"enemies":"Orb Walker","floor":38.0,"turns":2.0},{"damage":17.0,"enemies":"Giant Head","floor":40.0,"turns":4.0},{"damage":0.0,"enemies":"Spire Growth","floor":42.0,"turns":2.0},{"damage":7,"enemies":"Writhing Mass","floor":44,"turns":2},{"damage":24,"enemies":"4 Shapes","floor":46,"turns":3},{"damage":37,"enemies":"Nemesis","floor":47,"turns":3},{"damage":0,"enemies":"Maw","floor":48,"turns":1},{"damage":55,"enemies":"Donu and Deca","floor":50,"turns":4}],"seed_played":"7135875402831617456","potions_obtained":[{"floor":2.0,"key":"AttackPotion"},{"floor":6.0,"key":"BlessingOfTheForge"},{"floor":8.0,"key":"ColorlessPotion"},{"floor":10.0,"key":"FearPotion"},{"floor":14.0,"key":"BottledMiracle"},{"floor":18.0,"key":"EssenceOfSteel"},{"floor":20.0,"key":"SkillPotion"},{"floor":29.0,"key":"Swift Potion"},{"floor":29.0,"key":"FairyPotion"},{"floor":29.0,"key":"PowerPotion"},{"floor":31.0,"key":"Fire Potion"},{"floor":33.0,"key":"AttackPotion"},{"floor":38.0,"key":"FairyPotion"},{"floor":44,"key":"Dexterity Potion"},{"floor":47,"key":"Fire Potion"},{"floor":48,"key":"FearPotion"}],"is_trial":false,"path_per_floor":["M","M","?","$","M","E","M","M","T","E","R","M","R","M","R","B",null,"M","?","M","?","M","E","T","M","T","M","E","?","R","M","R","B",null,"M","$","?","M","?","E","R","M","T","M","R","M","E","M","R","B",null],"character_chosen":"WATCHER","items_purchased":["Brilliance","Panache","Trip"],"campfire_rested":2,"item_purchase_floors":[4,36,36],"current_hp_per_floor":[51,51,51,51,51,46,46,44,44,46,46,41,41,41,41,8,82,62,62,62,62,52,52,52,51,51,38,25,25,25,12,12,7,82,81,81,44,33,25,8,8,20,20,25,49,37,36,48,72,39],"gold":494,"neow_bonus":"THREE_RARE_CARDS","is_daily":false,"chose_seed":false,"campfire_upgraded":6,"win_rate":0.0,"timestamp":1609677108,"path_taken":["M","?","?","$","M","E","M","M","T","E","R","M","R","M","R","BOSS","M","?","M","?","M","E","?","?","T","M","E","?","R","?","R","BOSS","M","$","?","M","?","E","R","M","T","?","R","?","E","M","R","BOSS"],"items_purchased_type":["Card","Card","Card"],"build_version":"2020-12-22","purchased_purges":1,"victory":true,"max_hp_per_floor":[72,72,72,72,72,72,72,72,72,82,82,82,82,82,82,82,82,82,82,82,82,82,82,82,82,82,82,82,82,82,82,82,82,82,82,82,82,82,82,82,82,82,82,82,82,82,82,82,82,82],"card_choices":[{"not_picked":["Establishment","Scrawl"],"picked":"Judgement","floor":0.0},{"not_picked":["CutThroughFate","Sanctity","ThirdEye"],"picked":"SKIP","floor":1.0},{"not_picked":["Crescendo","ThirdEye","SashWhip"],"picked":"SKIP","floor":2.0},{"not_picked":["SandsOfTime","Swivel","ClearTheMind"],"picked":"SKIP","floor":5.0},{"not_picked":["Vengeance","CutThroughFate"],"picked":"Scrawl","floor":6.0},{"not_picked":["CutThroughFate","FlyingSleeves","ThirdEye"],"picked":"SKIP","floor":7.0},{"not_picked":["PathToVictory","BowlingBash","BattleHymn"],"picked":"SKIP","floor":8.0},{"not_picked":["JustLucky","Evaluate","ClearTheMind"],"picked":"SKIP","floor":10.0},{"not_picked":["Wallop","ClearTheMind","SignatureMove"],"picked":"SKIP","floor":12.0},{"not_picked":["WaveOfTheHand","Fasting2","PathToVictory"],"picked":"SKIP","floor":14.0},{"not_picked":["Scrawl","Omniscience"],"picked":"Ragnarok","floor":16.0},{"not_picked":["EmptyBody","CrushJoints","ThirdEye+1"],"picked":"SKIP","floor":18.0},{"not_picked":["EmptyFist","Sanctity"],"picked":"Adaptation","floor":20.0},{"not_picked":["FearNoEvil","Halt"],"picked":"Study","floor":21.0},{"not_picked":["Wallop+1","FlurryOfBlows+1","WreathOfFlame"],"picked":"SKIP","floor":22.0},{"not_picked":["FlurryOfBlows","ThirdEye+1"],"picked":"ConjureBlade","floor":23.0},{"not_picked":["Protect+1","SignatureMove","SandsOfTime+1"],"picked":"SKIP","floor":25.0},{"not_picked":["ThirdEye+1","JustLucky","FollowUp"],"picked":"SKIP","floor":27.0},{"not_picked":["ClearTheMind","SashWhip+1"],"picked":"Adaptation","floor":28.0},{"not_picked":["Protect+1","TalkToTheHand+1","FlyingSleeves"],"picked":"SKIP","floor":31.0},{"not_picked":["Judgement","Ragnarok"],"picked":"Omniscience","floor":33.0},{"not_picked":["WheelKick","Weave+1","FlurryOfBlows"],"picked":"SKIP","floor":35.0},{"not_picked":["FlyingSleeves","Weave","JustLucky"],"picked":"SKIP","floor":38.0},{"not_picked":["CarveReality","BattleHymn"],"picked":"Crescendo+1","floor":40.0},{"not_picked":["ThirdEye+1","FlurryOfBlows","Evaluate"],"picked":"SKIP","floor":42.0},{"not_picked":["FearNoEvil+1","FollowUp+1","WindmillStrike"],"picked":"SKIP","floor":44},{"not_picked":["FearNoEvil+1","Consecrate+1","Conclude"],"picked":"SKIP","floor":46},{"not_picked":["DeusExMachina","Establishment"],"picked":"Omniscience","floor":47},{"not_picked":["ClearTheMind+1","Vengeance+1"],"picked":"InnerPeace+1","floor":48}],"player_experience":93823,"relics_obtained":[{"floor":6.0,"key":"Damaru"},{"floor":9.0,"key":"Sundial"},{"floor":10.0,"key":"Pear"},{"floor":21.0,"key":"Red Mask"},{"floor":23.0,"key":"Bottled Lightning"},{"floor":24.0,"key":"Mummified Hand"},{"floor":26.0,"key":"Whetstone"},{"floor":28.0,"key":"Pantograph"},{"floor":37.0,"key":"Turnip"},{"floor":40.0,"key":"Meat on the Bone"},{"floor":43.0,"key":"Vajra"},{"floor":47,"key":"Bronze Scales"}],"event_choices":[{"damage_healed":0.0,"max_hp_gain":0.0,"max_hp_loss":0.0,"gold_gain":0.0,"cards_transformed":["Defend_P"],"event_name":"Living Wall","player_choice":"Change","floor":3.0,"gold_loss":0.0,"damage_taken":0.0,"cards_obtained":["Crescendo"]},{"damage_healed":0.0,"max_hp_gain":0.0,"max_hp_loss":0.0,"gold_gain":0.0,"event_name":"Ghosts","player_choice":"Ignored","floor":19.0,"gold_loss":0.0,"damage_taken":0.0},{"damage_healed":0.0,"max_hp_gain":0.0,"max_hp_loss":0.0,"gold_gain":0.0,"event_name":"Masked Bandits","player_choice":"Fought Bandits","floor":21.0,"gold_loss":0.0,"damage_taken":0.0},{"damage_healed":0.0,"max_hp_gain":0.0,"max_hp_loss":0.0,"gold_gain":0.0,"event_name":"The Woman in Blue","player_choice":"Bought 3 Potions","floor":29.0,"gold_loss":0.0,"damage_taken":0.0},{"damage_healed":0.0,"max_hp_gain":0.0,"max_hp_loss":0.0,"gold_gain":0.0,"event_name":"Mysterious Sphere","player_choice":"Fight","floor":37.0,"gold_loss":0.0,"damage_taken":0.0},{"damage_healed":0.0,"max_hp_gain":0.0,"max_hp_loss":0.0,"gold_gain":0.0,"event_name":"Wheel of Change","player_choice":"Damaged","floor":39.0,"gold_loss":0.0,"damage_taken":8.0}],"is_beta":false,"boss_relics":[{"not_picked":["Snecko Eye","Calling Bell"],"picked":"SlaversCollar"},{"not_picked":["Cursed Key","Black Star"],"picked":"HolyWater"}],"items_purged_floors":[36],"is_endless":false,"potions_floor_spawned":[2,6,8,10,14,18,20,31,33,38,44,47,48],"ascension_level":0}}