{"host":"a5lz0e76zb3fcwkm","time":1609689571,"event":{"mods":["AchievementEnabler","BaseMod","Colored Map","Colored Powertips","Minty Spire (QoL Compilation)","StSLib","SuperFastMode"],"gold_per_floor":[117,192,210,210,485,485,515,515,515,527,558,573,600,525,525,525,525],"floor_reached":16,"playtime":254,"items_purged":[],"score":286,"play_id":"a3553af1-fbb2-4bdb-b1e2-fbf5987744a4","local_time":"20210104005931","is_ascension_mode":true,"campfire_choices":[{"data":"Carnage","floor":6,"key":"SMITH"},{"data":"Evolve","floor":8,"key":"SMITH"},{"data":"Barricade","floor":15,"key":"SMITH"}],"circlet_count":0,"master_deck":["AscendersBane","Strike_R","Strike_R","Strike_R","Strike_R","Strike_R","Defend_R","Defend_R","Defend_R","Defend_R","Bash","Carnage+1","Evolve+1","Barricade+1","Entrench","Wild Strike"],"relics":["Burning Blood","NeowsBlessing","Bag of Marbles","Paper Frog","MealTicket","Meat on the Bone"],"acts_visited":["Exordium"],"potions_floor_usage":[11,13],"damage_taken":[{"damage":0,"enemies":"Small Slimes","floor":1,"turns":1},{"damage":0,"enemies":"2 Louse","floor":3,"turns":2},{"damage":2,"enemies":"3 Sentries","floor":7,"turns":2},{"damage":0,"enemies":"Cultist","floor":10,"turns":1},{"damage":11,"enemies":"Gremlin Nob","floor":11,"turns":3},{"damage":11,"enemies":"2 Fungi Beasts","floor":12,"turns":6},{"damage":37,"enemies":"3 Sentries","floor":13,"turns":8},{"damage":39,"enemies":"Hexaghost","floor":16,"turns":4}],"seed_played":"-860745612096044926","potions_obtained":[{"floor":1,"key":"Ancient Potion"},{"floor":7,"key":"DuplicationPotion"}],"is_trial":false,"path_per_floor":["M","?","M","?","?","R","E","R","T","M","E","M","E","?","R","B"],"character_chosen":"IRONCLAD","items_purchased":[],"campfire_rested":0,"item_purchase_floors":[],"current_hp_per_floor":[74,63,69,74,74,74,78,78,78,80,75,70,39,39,39,0,0],"gold":525,"neow_bonus":"THREE_ENEMY_KILL","is_daily":false,"chose_seed":false,"campfire_upgraded":3,"win_rate":0.0,"timestamp":1609689571,"path_taken":["M","?","M","?","?","R","E","R","T","M","E","?","E","?","R","BOSS"],"items_purchased_type":[],"build_version":"2020-12-22","purchased_purges":0,"victory":false,"max_hp_per_floor":[75,75,75,80,80,80,80,80,80,80,80,80,80,80,80,80,80],"card_choices":[{"not_picked":["Rupture","Body Slam"],"picked":"Carnage","floor":1},{"not_picked":["Flex","Clash","Havoc"],"picked":"SKIP","floor":3},{"not_picked":["Bloodletting","Clothesline"],"picked":"Evolve","floor":7},{"not_picked":["Thunderclap","Clash"],"picked":"Barricade","floor":10},{"not_picked":["Iron Wave","Twin Strike"],"picked":"Entrench","floor":11},{"not_picked":["Whirlwind","Headbutt","Warcry"],"picked":"SKIP","floor":12},{"not_picked":["Hemokinesis","Sword Boomerang"],"picked":"Wild Strike","floor":13}],"player_experience":1665279,"relics_obtained":[{"floor":7,"key":"Bag of Marbles"},{"floor":9,"key":"Paper Frog"},{"floor":11,"key":"MealTicket"},{"floor":13,"key":"Meat on the Bone"}],"event_choices":[{"damage_healed":0,"gold_gain":75,"player_choice":"Gather Gold","damage_taken":11,"max_hp_gain":0,"max_hp_loss":0,"event_name":"World of Goop","floor":2,"gold_loss":0},{"damage_healed":0,"gold_gain":0,"player_choice":"Donut","damage_taken":0,"max_hp_gain":5,"max_hp_loss":0,"event_name":"Big Fish","floor":4,"gold_loss":0},{"damage_healed":0,"gold_gain":275,"player_choice":"Desecrate","damage_taken":0,"max_hp_gain":0,"max_hp_loss":0,"event_name":"Golden Shrine","floor":5,"gold_loss":0,"cards_obtained":["Regret"]},{"cards_removed":["Regret"],"damage_healed":0,"gold_gain":0,"player_choice":"Card Removal","damage_taken":0,"max_hp_gain":0,"max_hp_loss":0,"event_name":"The Cleric","floor":14,"gold_loss":75}],"is_beta":false,"boss_relics":[],"items_purged_floors":[],"is_endless":false,"potions_floor_spawned":[1,7],"killed_by":"Hexaghost","ascension_level":20}}