{"host":"m9b9nkcj1hzhp9h6","time":1609705788,"event":{"mods":["AchievementEnabler","Act Like it!","AlwaysNeverKeys","Aspiration","BaseMod","Better Altar","Better Match","Better Note","Better Sensory Stone","Better Silent Start","Better Skull","Better Third Choice","Better Vampires","BetterRewards","Booster Modes","Colored Map","Colored Powertips","Colorless Booster Pack","Conspire","Custom Start","Defective Defect","Dio Mod","Displayed Cursed Tome","Dota2Spire","Downfall","Elementarium","Emptier Cage","Energized Spire","Friendly Minions","Gensokyo","GifTheSpireLib","Halation","HexUI Lib","Hubris","Infinite Spire","Ironclad Rager","Jedi Mod","Mari Mod (Legacy)","Mari\u0027s V1 Patch","Marked Mod","Menagerie","Mimic Mod","Minty Spire (QoL Compilation)","Pale of the Ancients","Permanent Neow","Prisma Mod","RRrroohrrRGHHhhh!!","Random Character Button","Random Character Mod","Relic Sorter","Relic Stats","Remilia??????","Replay The Spire","Reworked Bosses","Robot Space Explorer","RumiaBox-????????","SCP261 Mod","SacredBarkPlus","Small Relic Pack","Spikes Relics","StSLib","Stuff the Spire","The Animator","The Blue Laboratory","The Factory","The IronCluck","The Jungle","Trackpad","Transform Curses","Useless Jewels Mod","Virulent Crown","Waifu the Spire","Wandering Minibosses","Yohane!","Yuri Mod","egg","slay the spire mod where everything is the same but ironclad has a cowboy hat","thorton","vexMod"],"gold_per_floor":[11,11,43,65,87,133,145,157,169,112,141,153,180,179,191,302,314,345,166,383,383,394,423,423,457,483,77,94,107,136,11,11,11,11],"floor_reached":33,"playtime":1180,"items_purged":["Regret","Twin Strike","Bash"],"score":412,"play_id":"946bafef-7875-4680-8b81-b96e1965271a","local_time":"20210103222948","is_ascension_mode":true,"campfire_choices":[{"data":"infinitespire:OneForAll","floor":7,"key":"SMITH"},{"data":"Iron Wave","floor":12,"key":"SMITH"},{"floor":24,"key":"REST"}],"circlet_count":0,"master_deck":["Twin Strike","Twin Strike+1","Twin Strike+1","Iron Wave+1","Iron Wave+1","Iron Wave","Iron Wave","infinitespire:OneForAll+1","ReplayTheSpireMod:Strike From Hell+1","True Grit","Metallicize","Absolvement","Exhume","StuffTheSpire:Slingshot","Clash"],"relics":["MawBank","Whetstone","hubris:BundleOfHerbs","Dota2Spire:MaskOfMadness","Sozu","halation:AfternoonTea","hubris:SphereOfDissonance","Red Skull","StuffTheSpire:DullRazor","Replay:Ringing Soul"],"acts_visited":["Exordium","Exordium"],"potions_floor_usage":[6,16,30],"damage_taken":[{"damage":0,"enemies":"Small Slimes","floor":1,"turns":2},{"damage":0,"enemies":"Cultist","floor":3,"turns":2},{"damage":7,"enemies":"Jaw Worm","floor":4,"turns":2},{"damage":10,"enemies":"Looter","floor":5,"turns":3},{"damage":5,"enemies":"Gremlin Nob","floor":6,"turns":3},{"damage":14,"enemies":"Lagavulin","floor":10,"turns":5},{"damage":8,"enemies":"3 Louse","floor":11,"turns":2},{"damage":0,"enemies":"Blue Slaver","floor":13,"turns":2},{"damage":32,"enemies":"Large Slime","floor":14,"turns":5},{"damage":23,"enemies":"Hexaghost","floor":16,"turns":9},{"damage":8,"enemies":"theJungle:GiantWrat","floor":18,"turns":3},{"damage":24,"enemies":"theJungle:Flameango_and_Byrd","floor":22,"turns":5},{"damage":17,"enemies":"theJungle:Cassacara","floor":23,"turns":5},{"damage":40,"enemies":"theJungle:MamaSnecko","floor":25,"turns":5},{"damage":0,"enemies":"Snake Plant","floor":28,"turns":1},{"damage":5,"enemies":"theJungle:2_Snecko_Cultists","floor":29,"turns":3},{"damage":3,"enemies":"theJungle:2_Phrogs","floor":30,"turns":3},{"damage":70,"enemies":"theJungle:FunGuy","floor":33,"turns":10}],"seed_played":"8261484201963360438","potions_obtained":[{"floor":1,"key":"SkillPotion"},{"floor":4,"key":"Block Potion"},{"floor":13,"key":"Weak Potion"},{"floor":14,"key":"SpeedPotion"},{"floor":16,"key":"SteroidPotion"}],"is_trial":false,"path_per_floor":["M","?","M","M","M","E","R","?","T","E","M","R","M","M","R_BF","B",null,"M","$","?","?","M","E","R","E","T","$","M","M","E","$","R_BF","B"],"character_chosen":"IRONCLAD","items_purchased":["True Grit","Metallicize","StuffTheSpire:DullRazor","Exhume"],"campfire_rested":1,"item_purchase_floors":[19,19,27,27],"current_hp_per_floor":[57,57,63,62,58,59,59,59,59,51,49,49,55,28,28,19,59,51,51,25,25,23,12,33,7,7,7,7,5,28,28,50,0,0],"gold":11,"neow_bonus":"IRONCLAD_BERSERKER","is_daily":false,"chose_seed":false,"campfire_upgraded":2,"win_rate":0.0,"timestamp":1609705788,"path_taken":["M","?","M","M","M","E","R","?","T","E","M","R","M","M","R_BF","BOSS","M","?","?","?","M","E","R","E","T","$","M","M","E","$","R_BF","BOSS"],"items_purchased_type":["Card","Card","Relic","Card"],"build_version":"2020-12-22","purchased_purges":3,"victory":false,"max_hp_per_floor":[72,72,72,72,72,72,72,72,72,72,72,72,72,72,72,72,72,72,72,72,72,72,72,72,72,72,72,72,72,75,75,75,75,75],"relic_stats":{"Sozu":4,"counters":[18,70],"Whetstone":["Iron Wave","Twin Strike"],"MawBank":204,"obtain_stats":[{"Sozu":17,"Dota2Spire:MaskOfMadness":10,"Replay:Ringing Soul":30,"hubris:SphereOfDissonance":25,"hubris:BundleOfHerbs":8,"Whetstone":6,"halation:AfternoonTea":23,"MawBank":2,"StuffTheSpire:DullRazor":27,"Burning Blood":0,"Red Skull":26},{"Sozu":10,"Dota2Spire:MaskOfMadness":6,"Replay:Ringing Soul":17,"hubris:SphereOfDissonance":14,"hubris:BundleOfHerbs":5,"Whetstone":5,"halation:AfternoonTea":13,"MawBank":1,"StuffTheSpire:DullRazor":14,"Burning Blood":0,"Red Skull":14},{"Sozu":35,"Dota2Spire:MaskOfMadness":17,"Replay:Ringing Soul":60,"hubris:SphereOfDissonance":53,"hubris:BundleOfHerbs":12,"Whetstone":12,"halation:AfternoonTea":48,"MawBank":2,"StuffTheSpire:DullRazor":53,"Burning Blood":0,"Red Skull":53}]},"card_choices":[{"not_picked":["ReplayReversal","Wild Strike"],"picked":"infinitespire:OneForAll","floor":1},{"not_picked":["Reckless Charge","Flame Barrier","Perfected Strike"],"picked":"SKIP","floor":3},{"not_picked":["Body Slam","Pommel Strike","Havoc"],"picked":"SKIP","floor":4},{"not_picked":["Infernal Blade","jedi:hate","Berserk"],"picked":"SKIP","floor":5},{"not_picked":["StuffTheSpire:TitanForm","Battle Trance","Replay:Undeath\u0027s Touch"],"picked":"SKIP","floor":6},{"not_picked":["Burning Pact","Pommel Strike","True Grit"],"picked":"SKIP","floor":10},{"not_picked":["jedi:collectorstrike","Run Through","Twin Strike"],"picked":"SKIP","floor":11},{"not_picked":["StuffTheSpire:Resist","StuffTheSpire:RockThrow","Shrug It Off"],"picked":"SKIP","floor":13},{"not_picked":["Flame Barrier","infinitespire:OneForAll","Body Slam"],"picked":"SKIP","floor":14},{"not_picked":["hubris:ReadiedAction","ReplayTheSpireMod:Strike From Hell","Pummel"],"picked":"SKIP","floor":18},{"not_picked":["Wild Strike","Clothesline"],"picked":"Absolvement","floor":22},{"not_picked":["Sever Soul","Offering","Power Through"],"picked":"SKIP","floor":23},{"not_picked":["StuffTheSpire:Resist","hubris:CleavingFinish+1","Havoc"],"picked":"SKIP","floor":25},{"not_picked":["hubris:ReadiedAction","StuffTheSpire:Slingshot","Abandon"],"picked":"SKIP","floor":28},{"not_picked":["hubris:ReadiedAction","Abandon"],"picked":"StuffTheSpire:Slingshot","floor":28},{"not_picked":["StuffTheSpire:Slingshot","Intimidate","Fire Breathing"],"picked":"SKIP","floor":29},{"not_picked":["jedi:unlimitedpower","Body Slam"],"picked":"Clash","floor":30}],"player_experience":1389720,"relics_obtained":[{"floor":6,"key":"Whetstone"},{"floor":10,"key":"Dota2Spire:MaskOfMadness"},{"floor":23,"key":"halation:AfternoonTea"},{"floor":25,"key":"hubris:SphereOfDissonance"},{"floor":26,"key":"Red Skull"},{"floor":30,"key":"Replay:Ringing Soul"}],"event_choices":[{"damage_healed":0,"gold_gain":0,"player_choice":"Box","damage_taken":0,"relics_obtained":["MawBank"],"max_hp_gain":0,"max_hp_loss":0,"event_name":"Big Fish","floor":2,"gold_loss":0,"cards_obtained":["Regret"]},{"damage_healed":0,"gold_gain":0,"player_choice":"Gave Potion","damage_taken":0,"relics_obtained":["hubris:BundleOfHerbs"],"max_hp_gain":0,"max_hp_loss":0,"event_name":"WeMeetAgain","floor":8,"gold_loss":0},{"damage_healed":0,"gold_gain":217,"player_choice":"GO GO UP ","damage_taken":30,"relics_obtained":[],"max_hp_gain":0,"max_hp_loss":0,"event_name":"betterSkull:BetterSkull","floor":20,"gold_loss":0,"cards_upgraded":["Twin Strike"]},{"damage_healed":0,"gold_gain":0,"player_choice":"Ignored","damage_taken":0,"max_hp_gain":0,"max_hp_loss":0,"event_name":"betterNote:BetterNote","floor":21,"gold_loss":0,"cards_obtained":["Yohane:Little_Demon_Ruby"]}],"is_beta":false,"boss_relics":[{"not_picked":["vexMod:EndlessSickness","Fusion Hammer"],"picked":"Sozu"}],"items_purged_floors":[19,27,31],"is_endless":false,"potions_floor_spawned":[1,4,13,14,16,18,23,28,30],"killed_by":"theJungle:FunGuy","ascension_level":6}}