{"host":"yfdtuf6ojcxn06xg","time":1609648720,"event":{"mods":["2.2 Compatiblity","AchievementEnabler","BaseMod","Colored Map","Colored Powertips","Downfall","Hermit","JesterMod","Jorbs\u0027s Wanderer Trilogy","Minty Spire (QoL Compilation)","Quick Restart","Rare Cards Sparkle","Relic Stats","Replay The Spire","StSLib","The Cursed","The Disciple","The Hierophant","The Jungle","The Necromancer","The Servant 0.9.4"],"gold_per_floor":[118,118,141,157,239,239,263,263,288,288,288,358,381,409,409,516,516,560,52,52,88,39,78,78,105,105,55,55,55,55,91,91,91],"floor_reached":32,"playtime":1285,"items_purged":["hierophant:Defend_Hierophant"],"score":258,"play_id":"76d86cdc-0a05-4517-a1b0-a20e47974943","local_time":"20210102233840","is_ascension_mode":false,"campfire_choices":[{"data":"hierophant:RepressedViolence","floor":6,"key":"SMITH"},{"data":"hierophant:Chorus","floor":8,"key":"SMITH"},{"floor":15,"key":"REST"},{"floor":24,"key":"REST"},{"data":"hierophant:Punish","floor":28,"key":"SMITH"}],"circlet_count":0,"master_deck":["hierophant:Strike_Hierophant+1","hierophant:Strike_Hierophant+1","hierophant:Strike_Hierophant+1","hierophant:Strike_Hierophant","hierophant:Punish+1","hierophant:Defend_Hierophant+1","hierophant:ChurchCoffers+1","hierophant:OrnateBuckler","hierophant:OrnateBuckler","hierophant:RepressedViolence+1","hierophant:OrnateBuckler","hierophant:Chorus+1","hierophant:Doubloon+1","hierophant:Doubloon+1","hierophant:ConvertCurrency","hierophant:MintersHammer","Enlightenment","hierophant:TollTheBells","hierophant:Doubloon+1","hierophant:DisplayOfPower+1"],"relics":["hierophant:PropheticMaskRelic","NeowsBlessing","Whetstone","Centennial Puzzle","Replay:WaspNest","Busted Crown","Ornamental Fan","Anchor","Darkstone Periapt"],"acts_visited":["Exordium","TheCity"],"potions_floor_usage":[7,7,21],"damage_taken":[{"damage":0,"enemies":"2 Louse","floor":1,"turns":1},{"damage":0,"enemies":"Small Slimes","floor":3,"turns":1},{"damage":0,"enemies":"Cultist","floor":4,"turns":1},{"damage":16,"enemies":"Gremlin Nob","floor":7,"turns":4},{"damage":0,"enemies":"Red Slaver","floor":13,"turns":3},{"damage":4,"enemies":"2 Fungi Beasts","floor":14,"turns":3},{"damage":48,"enemies":"The Guardian","floor":16,"turns":13},{"damage":2,"enemies":"Spheric Guardian","floor":18,"turns":3},{"damage":2,"enemies":"3 Byrds","floor":21,"turns":2},{"damage":38,"enemies":"Replay:Snechameleon","floor":23,"turns":5},{"damage":18,"enemies":"3 Cultists","floor":25,"turns":6},{"damage":24,"enemies":"Centurion and Healer","floor":31,"turns":6},{"damage":21,"enemies":"Chosen and Byrds","floor":32,"turns":4}],"seed_played":"4289791424412368364","potions_obtained":[{"floor":1,"key":"SpeedPotion"},{"floor":3,"key":"GamblersBrew"},{"floor":18,"key":"Toxic Potion"},{"floor":31,"key":"EssenceOfSteel"}],"is_trial":false,"path_per_floor":["M","?","M","M","?","R","E","R","T","?","?","T","M","M","R","B",null,"M","$","?","M","$","E","R","M","T","?","R","PTL","PTL","M","M"],"character_chosen":"HIEROPHANT","items_purchased":["Enlightenment","Ornamental Fan","hierophant:TollTheBells","hierophant:Doubloon"],"campfire_rested":2,"item_purchase_floors":[19,19,19,22],"current_hp_per_floor":[75,75,75,75,75,75,59,59,59,52,37,37,37,33,55,7,75,73,73,73,71,71,33,55,37,37,37,37,37,37,13,0,0],"gold":91,"neow_bonus":"THREE_ENEMY_KILL","is_daily":false,"chose_seed":false,"campfire_upgraded":3,"win_rate":0.0,"timestamp":1609648720,"path_taken":["M","?","M","M","?","R","E","R","T","?","?","?","M","?","R","BOSS","M","$","?","?","?","E","R","M","T","?","R","PTL","PTL","?","M"],"items_purchased_type":["Card","Relic","Card","Card"],"build_version":"2020-12-22","purchased_purges":1,"victory":false,"max_hp_per_floor":[75,75,75,75,75,75,75,75,75,75,75,75,75,75,75,75,75,75,75,75,75,75,75,75,75,75,75,75,75,75,75,75,75],"relic_stats":{"Darkstone Periapt":0,"Centennial Puzzle":[21],"Busted Crown":20,"counters":[13,52],"Ornamental Fan":[20],"Whetstone":["hierophant:Strike_Hierophant","hierophant:Strike_Hierophant"],"obtain_stats":[{"Darkstone Periapt":26,"Centennial Puzzle":7,"Anchor":23,"Busted Crown":17,"NeowsBlessing":0,"Ornamental Fan":19,"hierophant:PropheticMaskRelic":0,"Replay:WaspNest":12,"Whetstone":5},{"Darkstone Periapt":11,"Centennial Puzzle":4,"Anchor":10,"Busted Crown":7,"NeowsBlessing":0,"Ornamental Fan":8,"hierophant:PropheticMaskRelic":0,"Replay:WaspNest":4,"Whetstone":3},{"Darkstone Periapt":42,"Centennial Puzzle":7,"Anchor":36,"Busted Crown":26,"NeowsBlessing":0,"Ornamental Fan":29,"hierophant:PropheticMaskRelic":0,"Replay:WaspNest":7,"Whetstone":3}]},"card_choices":[{"not_picked":["hierophant:Empathy","hierophant:Upheaval"],"picked":"hierophant:OrnateBuckler","floor":1},{"not_picked":["hierophant:PassingBell","hierophant:Smite"],"picked":"hierophant:OrnateBuckler","floor":3},{"not_picked":["hierophant:Remorse","hierophant:MorningPrayer"],"picked":"hierophant:RepressedViolence","floor":4},{"not_picked":["hierophant:Blessing","hierophant:HammerAndAnvil"],"picked":"hierophant:OrnateBuckler","floor":5},{"not_picked":["hierophant:RepressedViolence","hierophant:HolyVerse"],"picked":"hierophant:Chorus","floor":7},{"not_picked":["hierophant:Invocation","hierophant:AuricBeam"],"picked":"hierophant:Doubloon","floor":13},{"not_picked":["hierophant:PristineSoul","hierophant:HolyVerse"],"picked":"hierophant:ConvertCurrency","floor":14},{"not_picked":["hierophant:DivineIntervention","hierophant:BulkyChest"],"picked":"hierophant:MintersHammer","floor":16},{"not_picked":["hierophant:RepressedViolence+1"],"picked":"SKIP","floor":18},{"not_picked":["hierophant:HammerAndAnvil+1"],"picked":"SKIP","floor":21},{"not_picked":[],"picked":"hierophant:DisplayOfPower+1","floor":23},{"not_picked":["hierophant:Racketeering"],"picked":"SKIP","floor":25},{"not_picked":["hierophant:MorningPrayer"],"picked":"SKIP","floor":31}],"player_experience":186426,"relics_obtained":[{"floor":5,"key":"Whetstone"},{"floor":7,"key":"Centennial Puzzle"},{"floor":12,"key":"Replay:WaspNest"},{"floor":23,"key":"Anchor"},{"floor":26,"key":"Darkstone Periapt"}],"event_choices":[{"damage_healed":0,"gold_gain":0,"player_choice":"Grow","damage_taken":0,"max_hp_gain":0,"max_hp_loss":0,"event_name":"Living Wall","floor":2,"gold_loss":0,"cards_upgraded":["hierophant:ChurchCoffers"]},{"cards_removed":["hierophant:Defend_Hierophant"],"damage_healed":0,"gold_gain":0,"player_choice":"Card Removal","damage_taken":7,"max_hp_gain":0,"max_hp_loss":0,"event_name":"Golden Wing","floor":10,"gold_loss":0},{"damage_healed":0,"gold_gain":0,"player_choice":"Entered Light","damage_taken":15,"max_hp_gain":0,"max_hp_loss":0,"event_name":"Shining Light","floor":11,"gold_loss":0,"cards_upgraded":["hierophant:Strike_Hierophant","hierophant:Defend_Hierophant"]},{"cards_removed":["hierophant:Defend_Hierophant"],"damage_healed":0,"gold_gain":0,"player_choice":"Offered Basic","damage_taken":0,"max_hp_gain":0,"max_hp_loss":0,"event_name":"Bonfire Elementals","floor":20,"gold_loss":0},{"damage_healed":0,"gold_gain":0,"player_choice":"Bet on Murderer","damage_taken":0,"max_hp_gain":0,"max_hp_loss":0,"event_name":"The Joust","floor":27,"gold_loss":50}],"is_beta":false,"boss_relics":[{"not_picked":["Replay:Drink Me","Coffee Dripper"],"picked":"Busted Crown"}],"items_purged_floors":[19],"is_endless":false,"potions_floor_spawned":[1,3,18,31],"killed_by":"Chosen and Byrds","ascension_level":0}}