{"host":"m77rrhbqzv44va4v","time":1609704037,"event":{"mods":["AchievementEnabler","BaseMod","Colored Map","DeckTracker","Keyboard Shortcuts","Minty Spire (QoL Compilation)","StSLib","SuperFastMode","everything is the same but u backflip on backflip"],"gold_per_floor":[121,150,172,181,205,205,48,92,92,119,119,119,119,69,69,183,183,183,138,63,63,63,63,63,63,63,63,63,63,63,63,63,63,63,63,63,63,63,63,63,63,63,63,63,63,63,63,63,63,63],"floor_reached":51,"playtime":1414,"items_purged":["Defend_B"],"score":1100,"play_id":"efd8ce69-62ba-4da0-9b0d-888cce88639a","local_time":"20210104050037","is_ascension_mode":true,"campfire_choices":[{"data":"Fission","floor":6,"key":"SMITH"},{"data":"Apotheosis","floor":11,"key":"SMITH"},{"floor":15,"key":"REST"},{"floor":23,"key":"REST"},{"floor":27,"key":"REST"},{"floor":29,"key":"REST"},{"floor":32,"key":"REST"},{"data":"Steam Power","floor":40,"key":"SMITH"},{"data":"Defend_B","floor":45,"key":"PURGE"},{"data":"Strike_B+1","floor":47,"key":"PURGE"},{"data":"Defend_B","floor":49,"key":"PURGE"}],"circlet_count":0,"master_deck":["Zap","Dualcast","Compile Driver","Capacitor","Fission+1","Doom and Gloom","Sweeping Beam","Apotheosis+1","Steam Power+1","Core Surge","Biased Cognition","Hologram+1","Undo+1","Cold Snap+1","Cold Snap+1","Self Repair","Electrodynamics","Redo+1","Echo Form","Ball Lightning+1","Skim+1","Turbo"],"relics":["Cracked Core","CeramicFish","Boot","Letter Opener","Ectoplasm","Thread and Needle","Blue Candle","Runic Pyramid","FossilizedHelix","Peace Pipe","White Beast Statue"],"acts_visited":["Exordium","TheCity","TheBeyond"],"potions_floor_usage":[16,18,33,33,33,50,50,50],"damage_taken":[{"damage":2.0,"enemies":"2 Louse","floor":1.0,"turns":2.0},{"damage":1.0,"enemies":"Cultist","floor":2.0,"turns":3.0},{"damage":4.0,"enemies":"Jaw Worm","floor":3.0,"turns":4.0},{"damage":1,"enemies":"2 Fungi Beasts","floor":5,"turns":2},{"damage":8,"enemies":"Lagavulin","floor":8,"turns":6},{"damage":3,"enemies":"Looter","floor":10,"turns":2},{"damage":0,"enemies":"Slime Boss","floor":16,"turns":5},{"damage":4,"enemies":"3 Byrds","floor":18,"turns":3},{"damage":12,"enemies":"2 Thieves","floor":19,"turns":3},{"damage":11,"enemies":"Snake Plant","floor":21,"turns":3},{"damage":5,"enemies":"Centurion and Healer","floor":22,"turns":6},{"damage":4,"enemies":"Shelled Parasite and Fungi","floor":24,"turns":3},{"damage":49,"enemies":"Book of Stabbing","floor":25,"turns":7},{"damage":20,"enemies":"Chosen and Byrds","floor":30,"turns":5},{"damage":0,"enemies":"Sentry and Sphere","floor":31,"turns":3},{"damage":47,"enemies":"Automaton","floor":33,"turns":8},{"damage":5,"enemies":"Orb Walker","floor":35,"turns":2},{"damage":50,"enemies":"3 Darklings","floor":36,"turns":3},{"damage":0,"enemies":"Mind Bloom Boss Battle","floor":37,"turns":6},{"damage":0,"enemies":"Sphere and 2 Shapes","floor":39,"turns":4},{"damage":0,"enemies":"Jaw Worm Horde","floor":42,"turns":3},{"damage":0,"enemies":"Giant Head","floor":44,"turns":7},{"damage":0,"enemies":"Maw","floor":48,"turns":5},{"damage":36,"enemies":"Awakened One","floor":50,"turns":10}],"seed_played":"7169684297367742033","potions_obtained":[{"floor":3.0,"key":"SkillPotion"},{"floor":8,"key":"EssenceOfSteel"},{"floor":10,"key":"Block Potion"},{"floor":22,"key":"Weak Potion"},{"floor":25,"key":"PowerPotion"},{"floor":31,"key":"LiquidMemories"},{"floor":36,"key":"Fire Potion"},{"floor":39,"key":"Fire Potion"},{"floor":48,"key":"Explosive Potion"}],"is_trial":false,"path_per_floor":["M","M","M","?","M","R","$","E","T","M","R","?","?","?","R","B",null,"M","M","$","M","M","R","M","E","T","R","?","R","M","M","R","B",null,"M","M","?","?","M","R","$","M","T","E","R","?","R","M","R","B",null],"character_chosen":"DEFECT","items_purchased":["Apotheosis"],"campfire_rested":5,"item_purchase_floors":[7],"current_hp_per_floor":[66,65,61,61,60,60,60,52,52,49,49,34,34,34,56,56,70,66,54,54,43,38,60,56,7,7,29,29,51,31,31,53,13,60,65,22,29,66,66,66,66,66,66,66,66,66,66,66,66,40],"gold":63,"neow_bonus":"RANDOM_COMMON_RELIC","is_daily":false,"chose_seed":false,"campfire_upgraded":3,"win_rate":0.0,"timestamp":1609704037,"path_taken":["M","M","M","?","M","R","$","E","T","?","R","?","?","?","R","BOSS","M","M","$","M","M","R","M","E","T","R","?","R","?","M","R","BOSS","M","M","?","?","M","R","$","M","T","E","R","?","R","?","R","BOSS"],"items_purchased_type":["Card"],"build_version":"2020-12-22","purchased_purges":1,"victory":true,"max_hp_per_floor":[75,75,75,75,75,75,75,75,75,75,75,75,75,75,75,75,75,75,75,75,75,75,75,75,75,75,75,75,75,75,75,75,75,75,75,75,75,66,66,66,66,66,66,66,66,66,66,66,66,66],"card_choices":[{"not_picked":["Cold Snap","Sunder"],"picked":"Compile Driver","floor":1.0},{"not_picked":["Rebound","Ball Lightning"],"picked":"Capacitor","floor":2.0},{"not_picked":["Barrage","Gash"],"picked":"Fission","floor":3.0},{"not_picked":["Go for the Eyes","Turbo"],"picked":"Sweeping Beam","floor":5},{"not_picked":["Cold Snap","Beam Cell"],"picked":"Steam Power","floor":8},{"not_picked":["Barrage","Rebound"],"picked":"Core Surge","floor":10},{"not_picked":["Hyperbeam","Echo Form"],"picked":"Biased Cognition","floor":16},{"not_picked":["Static Discharge","Doom and Gloom+1","Streamline"],"picked":"SKIP","floor":18},{"not_picked":["Gash","Scrape"],"picked":"Hologram+1","floor":19},{"not_picked":["Redo","Stack+1"],"picked":"Undo+1","floor":21},{"not_picked":["Beam Cell","Go for the Eyes","Steam Power+1"],"picked":"SKIP","floor":22},{"not_picked":["Stack+1","Doom and Gloom","Force Field+1"],"picked":"SKIP","floor":24},{"not_picked":["Leap+1","Gash"],"picked":"Cold Snap+1","floor":25},{"not_picked":["Steam","BootSequence"],"picked":"Cold Snap+1","floor":30},{"not_picked":["Go for the Eyes+1","Beam Cell"],"picked":"Self Repair","floor":31},{"not_picked":["Core Surge","Biased Cognition"],"picked":"Electrodynamics","floor":33},{"not_picked":["Gash+1","Go for the Eyes+1"],"picked":"Redo+1","floor":35},{"not_picked":["Leap","Gash","BootSequence"],"picked":"SKIP","floor":36},{"not_picked":["Skim+1","Doom and Gloom+1"],"picked":"Echo Form","floor":37},{"not_picked":["Leap","Steam+1"],"picked":"Ball Lightning+1","floor":39},{"not_picked":["Capacitor","Sweeping Beam+1"],"picked":"Skim+1","floor":42},{"not_picked":["Force Field","Gash"],"picked":"Turbo","floor":44},{"not_picked":["Compile Driver+1","Turbo","Rebound"],"picked":"SKIP","floor":48}],"player_experience":887168,"relics_obtained":[{"floor":8,"key":"Boot"},{"floor":9,"key":"Letter Opener"},{"floor":25,"key":"Thread and Needle"},{"floor":26,"key":"Blue Candle"},{"floor":37,"key":"FossilizedHelix"},{"floor":43,"key":"Peace Pipe"},{"floor":44,"key":"White Beast Statue"}],"event_choices":[{"damage_healed":0.0,"max_hp_gain":0.0,"max_hp_loss":0.0,"gold_gain":0.0,"cards_transformed":["Strike_B"],"event_name":"Transmorgrifier","player_choice":"Transformed","floor":4.0,"gold_loss":0.0,"damage_taken":0.0,"cards_obtained":["Doom and Gloom"]},{"damage_healed":0,"gold_gain":0,"player_choice":"Entered Light","damage_taken":15,"max_hp_gain":0,"max_hp_loss":0,"event_name":"Shining Light","floor":12,"gold_loss":0,"cards_upgraded":["Strike_B","Strike_B"]},{"damage_healed":0,"gold_gain":0,"player_choice":"Ignored","damage_taken":0,"max_hp_gain":0,"max_hp_loss":0,"event_name":"Liars Game","floor":13,"gold_loss":0},{"cards_removed":["Strike_B"],"damage_healed":0,"gold_gain":0,"player_choice":"Card Removal","damage_taken":0,"max_hp_gain":0,"max_hp_loss":0,"event_name":"The Cleric","floor":14,"gold_loss":50},{"cards_removed":["Defend_B"],"damage_healed":0,"gold_gain":0,"player_choice":"Offered Basic","damage_taken":0,"max_hp_gain":0,"max_hp_loss":0,"event_name":"Bonfire Elementals","floor":28,"gold_loss":0},{"damage_healed":0,"gold_gain":0,"player_choice":"Fight","damage_taken":0,"max_hp_gain":0,"max_hp_loss":0,"event_name":"MindBloom","floor":37,"gold_loss":0},{"damage_healed":66,"gold_gain":0,"player_choice":"Heal","damage_taken":0,"max_hp_gain":0,"max_hp_loss":9,"event_name":"The Moai Head","floor":38,"gold_loss":0},{"cards_removed":["Strike_B"],"damage_healed":0,"gold_gain":0,"player_choice":"Card Removal","damage_taken":0,"max_hp_gain":0,"max_hp_loss":0,"event_name":"Wheel of Change","floor":46,"gold_loss":0}],"is_beta":false,"boss_relics":[{"not_picked":["Empty Cage","Fusion Hammer"],"picked":"Ectoplasm"},{"not_picked":["Philosopher\u0027s Stone","Busted Crown"],"picked":"Runic Pyramid"}],"items_purged_floors":[20],"is_endless":false,"potions_floor_spawned":[3,8,10,22,25,31,36,39,48],"ascension_level":9}}