{"host":"4sjakdxyb9lejcxv","time":1609648690,"event":{"mods":["BaseMod","Downfall","Minty Spire (QoL Compilation)","StSLib"],"gold_per_floor":[118,148,598,610,610,622,649,674,689,614,614,614,614],"floor_reached":11,"playtime":497,"items_purged":[],"score":88,"play_id":"d01e1701-d759-4e48-9723-005c7e2e098a","local_time":"20210102233810","is_ascension_mode":false,"campfire_choices":[{"data":"Guardian:CurlUp","floor":10,"key":"SMITH"}],"circlet_count":0,"master_deck":["Guardian:Strike_Guardian","Guardian:Strike_Guardian","Guardian:Strike_Guardian","Guardian:Strike_Guardian","Guardian:Defend_Guardian","Guardian:Defend_Guardian","Guardian:Defend_Guardian","Guardian:Defend_Guardian","Guardian:CurlUp+1","Guardian:TwinSlam","Guardian:WalkerClaw","Slimebound:Icky","Slimebound:Icky","Slimebound:Icky","Guardian:Preprogram","Guardian:Gem_Lightblue"],"relics":["Guardian:ModeShifter","Shovel","Omamori","Odd Mushroom","downfall:HeartBlessingBlue"],"acts_visited":["Exordium"],"potions_floor_usage":[],"damage_taken":[{"damage":5,"enemies":"Small Slimes","floor":1,"turns":4},{"damage":5,"enemies":"2 Louse","floor":4,"turns":3},{"damage":12,"enemies":"Jaw Worm","floor":6,"turns":5},{"damage":35,"enemies":"The Mushroom Lair","floor":8,"turns":5},{"damage":12,"enemies":"3 Louse","floor":9,"turns":5},{"damage":17,"enemies":"3 Sentries","floor":11,"turns":2}],"seed_played":"-54758541165995157","potions_obtained":[{"floor":6,"key":"Strength Potion"},{"floor":8,"key":"hexamod:EctoCoolerPotion"},{"floor":9,"key":"FearPotion"}],"is_trial":false,"path_per_floor":["M","?","?","M","?","M","T","?","M","R","E"],"character_chosen":"GUARDIAN","items_purchased":[],"campfire_rested":0,"item_purchase_floors":[],"current_hp_per_floor":[83,83,83,78,66,54,54,19,7,17,0,0,0],"gold":614,"neow_bonus":"TEN_PERCENT_HP_BONUS","is_daily":false,"chose_seed":false,"campfire_upgraded":1,"win_rate":0.0,"timestamp":1609648690,"path_taken":["M","?","?","M","?","?","T","?","M","R","E"],"items_purchased_type":[],"build_version":"2020-12-22","purchased_purges":0,"victory":false,"max_hp_per_floor":[88,88,88,88,88,88,88,88,88,98,98,98,98],"card_choices":[{"not_picked":["Guardian:BronzeArmor","Guardian:PiercingHide"],"picked":"Guardian:WalkerClaw","floor":1},{"not_picked":["Guardian:Emergency","Guardian:VentSteam"],"picked":"Guardian:Preprogram","floor":4},{"not_picked":["Guardian:CrystalBeam","Guardian:ShieldCharger"],"picked":"Guardian:Gem_Lightblue","floor":6},{"not_picked":["Guardian:DecasProtection","Guardian:Recover"],"picked":"Guardian:Gem_Cyan","floor":8},{"not_picked":["Guardian:VentSteam","Guardian:GuardianWhirl"],"picked":"Guardian:Gem_Blue","floor":9}],"player_experience":195214,"relics_obtained":[{"floor":8,"key":"Odd Mushroom"}],"event_choices":[{"damage_healed":0,"gold_gain":0,"player_choice":"Success","damage_taken":12,"relics_obtained":["Omamori"],"max_hp_gain":0,"max_hp_loss":0,"event_name":"Scrap Ooze","floor":5,"gold_loss":0},{"damage_healed":0,"gold_gain":0,"player_choice":"Fought Mushrooms","damage_taken":0,"max_hp_gain":0,"max_hp_loss":0,"event_name":"Mushrooms","floor":8,"gold_loss":0}],"is_beta":false,"boss_relics":[],"items_purged_floors":[],"is_endless":false,"potions_floor_spawned":[6,8,9],"killed_by":"3 Sentries","ascension_level":0}}