{"host":"9ndbo4kgsfoemf7y","time":1609677570,"event":{"mods":["AchievementEnabler","BaseMod","Colored Map","DeckTracker","Keyboard Shortcuts","Minty Spire (QoL Compilation)","Permanent Neow","Quick Restart","Relic Stats","StSLib","SuperFastMode"],"gold_per_floor":[112,127,127,144,144,175,175,189,189,189,200,214,233,262,262,357,357,367,143,143,58,58,85,97,126,138,178,190,214,226,249,261,378,390,414,21,38,38,48,48,48],"floor_reached":40,"playtime":1305,"items_purged":["Strike_B"],"score":641,"play_id":"76f5e38e-9980-45d3-94f8-e8e55c1d8784","local_time":"20210103213930","is_ascension_mode":true,"campfire_choices":[{"data":"Loop","floor":7.0,"key":"SMITH"},{"data":"Dualcast","floor":10.0,"key":"SMITH"},{"floor":15.0,"key":"REST"},{"data":"Aggregate","floor":24.0,"key":"SMITH"},{"floor":28.0,"key":"REST"},{"data":"Recycle","floor":30.0,"key":"SMITH"},{"data":"Barrage","floor":32.0,"key":"SMITH"}],"circlet_count":0,"master_deck":["Defend_B","Defend_B","Defend_B+1","Defend_B","Zap","Dualcast+1","Loop+1","Chaos+1","Cold Snap","Streamline","Defragment+1","Defragment","Melter","Turbo","Cold Snap","Reboot","Beam Cell","Aggregate+1","Force Field+1","Recycle+1","Self Repair","Barrage+1","Seek","Consume+1","Consume+1","Barrage"],"relics":["Cracked Core","Sundial","FossilizedHelix","Gambling Chip","Inserter","Runic Capacitor","Blood Vial","MawBank","Gremlin Horn","Regal Pillow","Nuclear Battery","Shuriken","Oddly Smooth Stone"],"acts_visited":["Exordium","TheCity","TheBeyond"],"potions_floor_usage":[],"damage_taken":[{"damage":4.0,"enemies":"2 Louse","floor":1.0,"turns":3.0},{"damage":2.0,"enemies":"Jaw Worm","floor":2.0,"turns":3.0},{"damage":0.0,"enemies":"Small Slimes","floor":4.0,"turns":2.0},{"damage":9.0,"enemies":"Lagavulin","floor":6.0,"turns":5.0},{"damage":6.0,"enemies":"Looter","floor":8.0,"turns":3.0},{"damage":0.0,"enemies":"Exordium Thugs","floor":11.0,"turns":4.0},{"damage":10.0,"enemies":"Gremlin Gang","floor":12.0,"turns":4.0},{"damage":14.0,"enemies":"3 Louse","floor":13.0,"turns":3.0},{"damage":0.0,"enemies":"Gremlin Nob","floor":14.0,"turns":3.0},{"damage":0.0,"enemies":"The Guardian","floor":16.0,"turns":8.0},{"damage":9.0,"enemies":"Shell Parasite","floor":18.0,"turns":5.0},{"damage":13.0,"enemies":"Book of Stabbing","floor":23.0,"turns":4.0},{"damage":0.0,"enemies":"Spheric Guardian","floor":25.0,"turns":4.0},{"damage":30.0,"enemies":"Slavers","floor":27.0,"turns":6.0},{"damage":16.0,"enemies":"Centurion and Healer","floor":29.0,"turns":8.0},{"damage":16.0,"enemies":"Snake Plant","floor":31.0,"turns":5.0},{"damage":82.0,"enemies":"Automaton","floor":33.0,"turns":9.0},{"damage":13,"enemies":"3 Shapes","floor":35,"turns":3},{"damage":21,"enemies":"3 Darklings","floor":37,"turns":6},{"damage":13,"enemies":"Sphere and 2 Shapes","floor":39,"turns":5},{"damage":49,"enemies":"Reptomancer","floor":40,"turns":2}],"seed_played":"3144917699964029781","potions_obtained":[{"floor":1.0,"key":"BlessingOfTheForge"},{"floor":2.0,"key":"FocusPotion"},{"floor":6.0,"key":"Swift Potion"},{"floor":8.0,"key":"SkillPotion"},{"floor":12.0,"key":"DuplicationPotion"},{"floor":27.0,"key":"FairyPotion"},{"floor":33.0,"key":"SteroidPotion"}],"is_trial":false,"path_per_floor":["M","M","?","M","?","E","R","M","T","R","M","M","M","E","R","B",null,"M","$","?","?","?","E","R","M","T","E","R","M","R","M","R","B",null,"M","$","M","?","M","E"],"character_chosen":"DEFECT","items_purchased":["Runic Capacitor","Shuriken","Oddly Smooth Stone"],"campfire_rested":2,"item_purchase_floors":[19,36,36],"current_hp_per_floor":[71,69,62,62,47,38,38,32,32,32,32,22,8,8,30,30,64,55,55,55,55,55,44,44,46,46,18,55,41,41,34,34,17,61,57,57,45,45,41,0,0],"gold":48,"neow_bonus":"REMOVE_CARD","is_daily":false,"chose_seed":false,"campfire_upgraded":5,"win_rate":0.0,"timestamp":1609677570,"path_taken":["M","M","?","M","?","E","R","M","T","R","M","M","M","E","R","BOSS","M","$","?","?","?","E","R","M","T","E","R","M","R","M","R","BOSS","M","$","M","?","?","E"],"items_purchased_type":["Relic","Relic","Relic"],"build_version":"2020-12-22","purchased_purges":1,"victory":false,"max_hp_per_floor":[75,75,75,75,75,75,75,75,75,75,75,75,75,75,75,75,75,75,75,75,75,75,75,75,75,75,75,75,75,75,75,75,75,75,75,75,75,75,75,75,75],"relic_stats":{"Blood Vial":20,"Regal Pillow":15,"Inserter":[28],"Gremlin Horn":[12,12],"counters":[21,94],"Sundial":[18],"Shuriken":[0],"Gambling Chip":[20],"MawBank":156,"obtain_stats":[{"Regal Pillow":27,"Inserter":17,"Gremlin Horn":26,"Oddly Smooth Stone":36,"Runic Capacitor":19,"MawBank":23,"Nuclear Battery":34,"Blood Vial":21,"Sundial":6,"Shuriken":36,"Gambling Chip":14,"Cracked Core":0,"FossilizedHelix":9},{"Regal Pillow":14,"Inserter":10,"Gremlin Horn":13,"Oddly Smooth Stone":18,"Runic Capacitor":11,"MawBank":12,"Nuclear Battery":17,"Blood Vial":11,"Sundial":4,"Shuriken":18,"Gambling Chip":9,"Cracked Core":0,"FossilizedHelix":5},{"Regal Pillow":56,"Inserter":38,"Gremlin Horn":50,"Oddly Smooth Stone":81,"Runic Capacitor":43,"MawBank":47,"Nuclear Battery":78,"Blood Vial":43,"Sundial":13,"Shuriken":81,"Gambling Chip":30,"Cracked Core":0,"FossilizedHelix":16}]},"card_choices":[{"not_picked":["Rebound","Stack"],"picked":"Loop","floor":1.0},{"not_picked":["Hologram","Redo"],"picked":"Chaos","floor":2.0},{"not_picked":["Ball Lightning","Conserve Battery"],"picked":"Cold Snap","floor":4.0},{"not_picked":["Steam","Creative AI"],"picked":"Streamline","floor":6.0},{"not_picked":["Recycle","Barrage"],"picked":"Defragment","floor":8.0},{"not_picked":["Rebound","Conserve Battery"],"picked":"Defragment","floor":11.0},{"not_picked":["Storm","Go for the Eyes"],"picked":"Melter","floor":12.0},{"not_picked":["Streamline","Chill"],"picked":"Turbo","floor":13.0},{"not_picked":["Barrage","Rebound"],"picked":"Cold Snap","floor":14.0},{"not_picked":["Core Surge","Meteor Strike"],"picked":"Reboot","floor":16.0},{"not_picked":["Storm+1","Ball Lightning"],"picked":"Beam Cell","floor":18.0},{"not_picked":["Biased Cognition","Double Energy"],"picked":"Aggregate","floor":23.0},{"not_picked":["Conserve Battery","Steam Power"],"picked":"Force Field+1","floor":25.0},{"not_picked":["Leap","Rebound+1"],"picked":"Recycle","floor":27.0},{"not_picked":["Blizzard","Turbo"],"picked":"Self Repair","floor":29.0},{"not_picked":["Leap+1","All For One"],"picked":"Barrage","floor":31.0},{"not_picked":["Thunder Strike","Machine Learning"],"picked":"Seek","floor":33.0},{"not_picked":["Sunder+1","Gash+1","Cold Snap+1"],"picked":"SKIP","floor":35},{"not_picked":["Capacitor","Ball Lightning"],"picked":"Consume+1","floor":37},{"not_picked":["Rip and Tear+1","Streamline+1"],"picked":"Barrage","floor":39}],"player_experience":772158,"relics_obtained":[{"floor":6.0,"key":"Sundial"},{"floor":9.0,"key":"FossilizedHelix"},{"floor":14.0,"key":"Gambling Chip"},{"floor":23.0,"key":"MawBank"},{"floor":26.0,"key":"Gremlin Horn"},{"floor":27.0,"key":"Regal Pillow"}],"event_choices":[{"cards_removed":["Strike_B"],"damage_healed":0.0,"max_hp_gain":0.0,"max_hp_loss":0.0,"gold_gain":0.0,"event_name":"Golden Wing","player_choice":"Card Removal","floor":3.0,"gold_loss":0.0,"damage_taken":7.0},{"damage_healed":0.0,"max_hp_gain":0.0,"max_hp_loss":0.0,"gold_gain":0.0,"event_name":"Shining Light","player_choice":"Entered Light","floor":5.0,"gold_loss":0.0,"damage_taken":15.0,"cards_upgraded":["Defend_B","Chaos"]},{"cards_removed":["Strike_B"],"damage_healed":0.0,"max_hp_gain":0.0,"max_hp_loss":0.0,"gold_gain":0.0,"event_name":"Back to Basics","player_choice":"Elegance","floor":20.0,"gold_loss":0.0,"damage_taken":0.0},{"damage_healed":0.0,"max_hp_gain":0.0,"max_hp_loss":0.0,"gold_gain":0.0,"event_name":"Addict","player_choice":"Obtained Relic","floor":21.0,"gold_loss":85.0,"damage_taken":0.0,"relics_obtained":["Blood Vial"]},{"damage_healed":0.0,"max_hp_gain":0.0,"max_hp_loss":0.0,"gold_gain":0.0,"event_name":"Upgrade Shrine","player_choice":"Upgraded","floor":22.0,"gold_loss":0.0,"damage_taken":0.0,"cards_upgraded":["Defragment"]},{"damage_healed":0,"gold_gain":0,"player_choice":"Copied","damage_taken":0,"max_hp_gain":0,"max_hp_loss":0,"event_name":"Duplicator","floor":38,"gold_loss":0,"cards_obtained":["Consume"]}],"is_beta":false,"boss_relics":[{"not_picked":["Empty Cage","Fusion Hammer"],"picked":"Inserter"},{"not_picked":["SacredBark","Philosopher\u0027s Stone"],"picked":"Nuclear Battery"}],"items_purged_floors":[19],"is_endless":false,"potions_floor_spawned":[1,2,6,8,12,23,27,31,33],"killed_by":"Reptomancer","ascension_level":5}}