{"host":"k5i92k7wtkthca8j","time":1609700365,"event":{"mods":["Act Like it!","BaseMod","Better-Laid Plans","Challenge The Spire","Googly Eyes","Hallownest","Lobotomy","Minty Spire (QoL Compilation)","Permanent Neow","Quick Restart","Relic Stats","Spicy Shops","StSLib","SuperFastMode","TestMod","The Bug Knight","óô»ðÖ¸ÄÏ"],"gold_per_floor":[110,127,127,144,160,193,193,0,23,23,23,23,23,35,35,35,35],"floor_reached":16,"playtime":810,"items_purged":[],"score":125,"play_id":"f1874422-7a0b-4700-8bc4-799318ae736f","local_time":"20210104025925","is_ascension_mode":false,"campfire_choices":[{"floor":7,"key":"REST"},{"floor":11,"key":"REST"},{"data":"HollowMod:HornetsHelp","floor":15,"key":"SMITH"}],"circlet_count":0,"master_deck":["HollowMod:NailStrikeStart","HollowMod:NailStrikeStart","HollowMod:NailStrikeStart","HollowMod:NailStrikeStart","HollowMod:FocusHealStart","HollowMod:PogoStrike","testmod-ComboMaster","HollowMod:HeavyBlow","HollowMod:CycloneSlash","HollowMod:DashSlash","HollowMod:LifebloodCore","HollowMod:HornetsHelp+1","Hallownest:skillSlugHide","Hallownest:skillSlugHide","Hallownest:skillSlugHide","Hallownest:skillSlugHide","Hallownest:skillSlugHide","HollowMod:DoubleDash"],"relics":["HollowMod:VesselMask","testmod-TestBox","testmod-FatalChain","Hallownest:DreamNailRelic","Juzu Bracelet","Orichalcum","Potion Belt"],"acts_visited":["Hallownest:Greenpath"],"potions_floor_usage":[1],"damage_taken":[{"damage":6,"enemies":"2_ Uuma","floor":1,"turns":7},{"damage":2,"enemies":"Hallownest:2_Tiktiks_and_1_Crawlid","floor":2,"turns":1},{"damage":6,"enemies":"Hallownest:2_MossCreeps","floor":4,"turns":3},{"damage":7,"enemies":"Hallownest:Wandering_and_Horned","floor":5,"turns":5},{"damage":63,"enemies":"Hallownest:eliteCrystalGuardian","floor":6,"turns":7},{"damage":1,"enemies":"Hallownest:monsterMossCharger","floor":14,"turns":5},{"damage":78,"enemies":"Hallownest:BossHornet","floor":16,"turns":19}],"seed_played":"9190231581850812442","potions_obtained":[{"floor":1,"key":"Fruit Juice"},{"floor":5,"key":"ColorlessPotion"},{"floor":14,"key":"Fire Potion"}],"is_trial":false,"path_per_floor":["M","M","?","M","M","E","R","?","T","?","R","$","?","M","R","B"],"character_chosen":"THE_BUGKNIGHT","items_purchased":[],"campfire_rested":2,"item_purchase_floors":[],"current_hp_per_floor":[79,77,77,71,70,17,41,41,41,41,65,65,65,64,64,0,0],"gold":35,"neow_bonus":"RANDOM_COLORLESS","is_daily":false,"chose_seed":false,"campfire_upgraded":1,"win_rate":0.0,"timestamp":1609700365,"path_taken":["M","M","?","?","M","E","R","?","T","?","R","?","?","M","R","BOSS"],"items_purchased_type":[],"build_version":"2020-12-22","purchased_purges":0,"victory":false,"max_hp_per_floor":[80,80,80,80,80,80,80,80,80,80,80,80,80,80,80,80,80],"relic_stats":{"counters":[7,47],"Juzu Bracelet":0,"Orichalcum":[6],"obtain_stats":[{"Potion Belt":9,"testmod-TestBox":0,"testmod-FatalChain":0,"HollowMod:VesselMask":0,"Hallownest:DreamNailRelic":3,"Juzu Bracelet":6,"Orichalcum":8},{"Potion Belt":5,"testmod-TestBox":0,"testmod-FatalChain":0,"HollowMod:VesselMask":0,"Hallownest:DreamNailRelic":2,"Juzu Bracelet":5,"Orichalcum":5},{"Potion Belt":23,"testmod-TestBox":0,"testmod-FatalChain":0,"HollowMod:VesselMask":0,"Hallownest:DreamNailRelic":8,"Juzu Bracelet":23,"Orichalcum":23}]},"card_choices":[{"not_picked":["Panacea","Jack Of All Trades"],"picked":"testmod-ComboMaster","floor":0},{"not_picked":["HollowMod:FastStrike","HollowMod:DescendingDark"],"picked":"HollowMod:HeavyBlow","floor":1},{"not_picked":["HollowMod:MonarchWings","HollowMod:VengefulVoid"],"picked":"HollowMod:CycloneSlash","floor":2},{"not_picked":["HollowMod:ShadowDash","HollowMod:NewJinnsSoul"],"picked":"HollowMod:DashSlash","floor":4},{"not_picked":["HollowMod:VengefulVoid","HollowMod:SiblingsSouls"],"picked":"HollowMod:LifebloodCore","floor":5},{"not_picked":["HollowMod:MantisMark","HollowMod:CycloneSlash"],"picked":"HollowMod:HornetsHelp","floor":6},{"not_picked":["HollowMod:InfectedCysts","HollowMod:HowlingWraiths"],"picked":"HollowMod:DoubleDash","floor":14}],"player_experience":0,"relics_obtained":[{"floor":6,"key":"Juzu Bracelet"},{"floor":9,"key":"Potion Belt"}],"event_choices":[],"is_beta":false,"boss_relics":[],"items_purged_floors":[],"is_endless":false,"potions_floor_spawned":[1,5,14],"killed_by":"Hallownest:BossHornet","ascension_level":0}}