{"host":"igi9xpgoc000gxf5","time":1609682064,"event":{"mods":["BaseMod","Colored Powertips","Downfall","Googly Eyes","Minty Spire (QoL Compilation)","StSLib"],"gold_per_floor":[99,118,136,136,136,146,146,160,160,260,560,90,90,104,120,120,120,120],"floor_reached":16,"playtime":1142,"items_purged":["Slimebound:Icky"],"score":92,"play_id":"95856cda-a80a-4fcd-9056-f9de5e70c420","local_time":"20210103145424","is_ascension_mode":false,"campfire_choices":[{"data":"champ:Taunt","floor":1,"key":"SMITH"},{"data":"champ:Lariat","floor":9,"key":"SMITH"},{"floor":13,"key":"REST"}],"circlet_count":0,"master_deck":["champ:Strike","champ:Strike","champ:Strike","champ:Strike","champ:Defend","champ:Defend","champ:Defend","champ:Execute","champ:Taunt+1","champ:Lariat+1","champ:FlashCut","champ:PerfectedStrike","champ:Circumvent+1","champ:GutPunch","Slimebound:Icky","champ:BladeFlurry","champ:Control+1","champ:Duel","champ:TornadoPunch"],"relics":["champ:ChampionCrown","WingedGreaves","Toxic Egg 2","CloakClasp","Chemical X","Omamori"],"acts_visited":["Exordium"],"potions_floor_usage":[16,16,16],"damage_taken":[{"damage":2,"enemies":"Small Slimes","floor":2,"turns":6},{"damage":5,"enemies":"Cultist","floor":3,"turns":4},{"damage":7,"enemies":"Jaw Worm","floor":6,"turns":5},{"damage":7,"enemies":"3 Louse","floor":8,"turns":3},{"damage":37,"enemies":"3 Louse","floor":10,"turns":15},{"damage":10,"enemies":"downfall:FleeingMerchant","floor":12,"turns":4},{"damage":10,"enemies":"Lots of Slimes","floor":14,"turns":3},{"damage":5,"enemies":"Red Slaver","floor":15,"turns":3},{"damage":87,"enemies":"downfall:Defect","floor":16,"turns":8}],"seed_played":"833573681512349933","potions_obtained":[{"floor":2,"key":"champ:CounterPotion"},{"floor":10,"key":"LiquidMemories"},{"floor":15,"key":"Block Potion"}],"is_trial":false,"path_per_floor":["R","M","M","?","?","M","T","M","R","?","?","$","R","M","M","B"],"character_chosen":"THE_CHAMP","items_purchased":["Chemical X","champ:Control+1","Omamori"],"campfire_rested":1,"item_purchase_floors":[12,12,12],"current_hp_per_floor":[81,79,79,84,84,77,77,70,70,38,38,38,63,58,58,0,0,0],"gold":120,"neow_bonus":"ONE_RARE_RELIC","is_daily":false,"chose_seed":false,"campfire_upgraded":2,"win_rate":0.0,"timestamp":1609682064,"path_taken":["R","M","M","?","?","?","T","M","R","?","?","$","R","M","M","BOSS"],"items_purchased_type":["Relic","Card","Relic"],"build_version":"2020-12-22","purchased_purges":1,"victory":false,"max_hp_per_floor":[81,81,81,86,86,86,86,86,86,86,86,86,86,86,86,86,86,86],"card_choices":[{"not_picked":["champ:Backstep","champ:BladeFlurry"],"picked":"champ:Lariat","floor":2},{"not_picked":["champ:Haymaker","champ:GladiatorsShout"],"picked":"champ:FlashCut","floor":3},{"not_picked":["champ:RageSigil","champ:EndlessRage"],"picked":"champ:PerfectedStrike","floor":6},{"not_picked":["champ:GutPunch","champ:Haymaker"],"picked":"champ:Circumvent+1","floor":8},{"not_picked":["champ:PerfectForm","champ:ShieldSigil+1"],"picked":"champ:GutPunch","floor":10},{"not_picked":["champ:CrookedStrike","champ:BringItOn+1"],"picked":"champ:BladeFlurry","floor":12},{"not_picked":["champ:Backstep+1","champ:PreciseThrust"],"picked":"champ:Duel","floor":14},{"not_picked":["champ:StanceDance+1","champ:EnGarde+1"],"picked":"champ:TornadoPunch","floor":15}],"player_experience":913414,"relics_obtained":[{"floor":7,"key":"Toxic Egg 2"},{"floor":10,"key":"CloakClasp"}],"event_choices":[{"damage_healed":0,"gold_gain":0,"player_choice":"Donut","damage_taken":0,"max_hp_gain":5,"max_hp_loss":0,"event_name":"Big Fish","floor":4,"gold_loss":0},{"cards_removed":["champ:Defend"],"damage_healed":0,"gold_gain":0,"player_choice":"Offered Basic","damage_taken":0,"max_hp_gain":0,"max_hp_loss":0,"event_name":"Bonfire Elementals","floor":5,"gold_loss":0}],"is_beta":false,"boss_relics":[],"items_purged_floors":[12],"is_endless":false,"potions_floor_spawned":[2,10,15],"killed_by":"downfall:Defect","ascension_level":0}}