{"host":"l2dnabsh5e0fsksb","time":1609675991,"event":{"mods":["2.2 Compatiblity","BaseMod","Downfall","Minty Spire (QoL Compilation)","Quick Restart","StSLib"],"gold_per_floor":[99,115,173,173,193,193,218,250,262,724,755,801,813,313,323,420,420,420,432,165,165,165,165,165,165,90,90,107,32,62,81,95,95,95,95],"floor_reached":33,"playtime":2021,"items_purged":["Slimebound:Icky","Slimebound:Icky"],"score":314,"play_id":"b0e8944c-bf7a-44fb-b63e-dcd0fb3520be","local_time":"20210103224311","is_ascension_mode":true,"campfire_choices":[{"data":"hexamod:Sear","floor":1.0,"key":"SMITH"},{"floor":13,"key":"REST"},{"data":"hexamod:TimeOfNeed","floor":18,"key":"SMITH"},{"floor":26,"key":"RECALL"},{"data":"RitualDagger","floor":29,"key":"SMITH"}],"circlet_count":0,"master_deck":["hexamod:Strike+1","hexamod:Strike+1","hexamod:Strike+1","hexamod:Strike+1","hexamod:Defend+1","hexamod:Defend+1","hexamod:Defend+1","hexamod:Sear+1","hexamod:Float","hexamod:FlamesFromBeyond","hexamod:Hexaguard","hexamod:EtherealExpedition","hexamod:RadiantFlame","Slimebound:Icky","hexamod:ThermalTransfer","hexamod:TimeOfNeed+1","hexamod:RainOfEmbers","hexamod:GhostOfSpireFuture","hexamod:ShieldOfDarkness","hexamod:CrushingStance","hexamod:Hexaguard","hexamod:HeatMetal","Necronomicurse","RitualDagger+1","hexamod:SwordOfDarkness","hexamod:RadiantFlame+1","hexamod:SwordOfDarkness","hexamod:RainOfEmbers+1"],"relics":["hexamod:SpiritBrand","Calipers","Regal Pillow","hexamod:BolsterEngine","Toy Ornithopter","Lee\u0027s Waffle","expansioncontent:StudyCardRelic","Juzu Bracelet","Necronomicon","downfall:HeartBlessingBlue","downfall:RedIOU","downfall:HeartBlessingRed","Vajra"],"acts_visited":["Exordium","TheCity"],"potions_floor_usage":[12,12,15,16,28,30,33],"damage_taken":[{"damage":0.0,"enemies":"Small Slimes","floor":2.0,"turns":3.0},{"damage":40.0,"enemies":"Lagavulin Event","floor":3.0,"turns":7.0},{"damage":0.0,"enemies":"2 Louse","floor":5.0,"turns":2.0},{"damage":0.0,"enemies":"Cultist","floor":8.0,"turns":4.0},{"damage":16.0,"enemies":"Large Slime","floor":11.0,"turns":5.0},{"damage":12,"enemies":"Lagavulin","floor":12,"turns":7},{"damage":0,"enemies":"downfall:FleeingMerchant","floor":14,"turns":4},{"damage":7,"enemies":"Exordium Wildlife","floor":15,"turns":5},{"damage":66,"enemies":"downfall:Defect","floor":16,"turns":10},{"damage":28,"enemies":"Spheric Guardian","floor":19,"turns":4},{"damage":0,"enemies":"downfall:FleeingMerchant","floor":20,"turns":4},{"damage":21,"enemies":"Cultist and Chosen","floor":28,"turns":6},{"damage":32,"enemies":"Gremlin Leader","floor":30,"turns":10},{"damage":9,"enemies":"Centurion and Healer","floor":31,"turns":5},{"damage":0,"enemies":"3 Cultists","floor":32,"turns":4},{"damage":16,"enemies":"downfall:Watcher","floor":33,"turns":4}],"seed_played":"-8215066204976584067","potions_obtained":[{"floor":2.0,"key":"Explosive Potion"},{"floor":3.0,"key":"SpeedPotion"},{"floor":12,"key":"Swift Potion"},{"floor":15,"key":"Dexterity Potion"},{"floor":19,"key":"DuplicationPotion"},{"floor":32,"key":"SkillPotion"}],"is_trial":false,"path_per_floor":["R","M","?","?","M","?","T","M","?","?","M","E","R","$","M","B",null,"R","M","$","?","?","?","T","?","R","?","M","R","E","M","M","B"],"character_chosen":"THE_SPIRIT","items_purchased":["hexamod:GhostOfSpireFuture","Toy Ornithopter","Lee\u0027s Waffle","Explosive Potion","Juzu Bracelet"],"campfire_rested":1,"item_purchase_floors":[14,14,14,14,20],"current_hp_per_floor":[70,70,30,30,30,30,30,30,30,30,14,2,38,77,75,11,77,77,49,49,49,74,58,58,52,62,62,46,46,19,10,10,0,0,0],"gold":95,"neow_bonus":"ONE_RARE_RELIC","is_daily":false,"chose_seed":false,"campfire_upgraded":3,"win_rate":0.0,"timestamp":1609675991,"path_taken":["R","M","?","?","M","?","T","?","?","?","M","E","R","?","M","BOSS","R","M","$","?","?","?","T","?","R","?","M","R","E","M","M","BOSS"],"items_purchased_type":["Card","Relic","Relic","Potion","Relic"],"build_version":"2020-12-22","purchased_purges":2,"victory":false,"max_hp_per_floor":[70,70,70,70,70,70,70,70,70,70,70,70,70,77,77,77,77,77,77,77,77,77,77,77,77,87,87,87,87,87,87,87,87,87,87],"card_choices":[{"not_picked":["hexamod:SkipABeat","hexamod:NightmareGuise"],"picked":"hexamod:FlamesFromBeyond","floor":2.0},{"not_picked":["hexamod:GhostLash","hexamod:ChargedBarrage"],"picked":"hexamod:Hexaguard","floor":3.0},{"not_picked":["hexamod:DynamicBlow","hexamod:PhantomCloak"],"picked":"hexamod:EtherealExpedition","floor":5.0},{"not_picked":["hexamod:FourthSeal","hexamod:PowerFromBeyond"],"picked":"hexamod:RadiantFlame","floor":8.0},{"not_picked":["hexamod:PhantomFireball","hexamod:Haunt"],"picked":"hexamod:ThermalTransfer","floor":11.0},{"not_picked":["hexamod:NightmareGuise","hexamod:GhostOfSpirePresent"],"picked":"hexamod:TimeOfNeed","floor":12},{"not_picked":["hexamod:InspiringFlames","hexamod:FastForward"],"picked":"hexamod:RainOfEmbers","floor":14},{"not_picked":["hexamod:ThermalTransfer","hexamod:EtherealExpedition"],"picked":"hexamod:ShieldOfDarkness","floor":15},{"not_picked":["hexamod:SearingWound","hexamod:HexaLevel"],"picked":"hexamod:CrushingStance","floor":16},{"not_picked":["hexamod:FastForward","hexamod:SpectralAdrenaline"],"picked":"hexamod:Hexaguard","floor":19},{"not_picked":["hexamod:NightmareStrike","hexamod:DynamicBlow"],"picked":"hexamod:HeatMetal","floor":20},{"not_picked":["hexamod:FastForward+1","hexamod:Hexaguard"],"picked":"hexamod:SwordOfDarkness","floor":28},{"not_picked":["hexamod:Hexaguard","hexamod:NecessarySacrifice"],"picked":"hexamod:RadiantFlame+1","floor":30},{"not_picked":["hexamod:ThermalTransfer","hexamod:NightmareGuise"],"picked":"hexamod:SwordOfDarkness","floor":31},{"not_picked":["hexamod:ThermalTransfer","hexamod:Haunt"],"picked":"hexamod:RainOfEmbers+1","floor":32}],"player_experience":1720700,"relics_obtained":[{"floor":7.0,"key":"MawBank"},{"floor":12,"key":"hexamod:BolsterEngine"},{"floor":23,"key":"Necronomicon"},{"floor":30,"key":"Vajra"}],"event_choices":[{"cards_removed":["Writhe"],"damage_healed":0.0,"max_hp_gain":0.0,"max_hp_loss":0.0,"gold_gain":0.0,"event_name":"The Cleric","player_choice":"Card Removal","floor":4.0,"gold_loss":0.0,"damage_taken":0.0},{"cards_removed":["hexamod:Defend"],"damage_healed":0.0,"max_hp_gain":0.0,"max_hp_loss":0.0,"gold_gain":0.0,"event_name":"Purifier","player_choice":"Purged","floor":6.0,"gold_loss":0.0,"damage_taken":0.0},{"damage_healed":0,"gold_gain":0,"player_choice":"Simplicity","damage_taken":0,"max_hp_gain":0,"max_hp_loss":0,"event_name":"Back to Basics","floor":21,"gold_loss":0,"cards_upgraded":["hexamod:Strike","hexamod:Strike","hexamod:Strike","hexamod:Strike","hexamod:Defend","hexamod:Defend","hexamod:Defend"]},{"damage_healed":25,"gold_gain":0,"player_choice":"Heal","damage_taken":0,"max_hp_gain":0,"max_hp_loss":0,"event_name":"The Library","floor":22,"gold_loss":0}],"is_beta":false,"boss_relics":[{"not_picked":["hexamod:IceCube","Empty Cage"],"picked":"expansioncontent:StudyCardRelic"}],"items_purged_floors":[14,20],"is_endless":false,"potions_floor_spawned":[2,3,12,15,19,32],"killed_by":"downfall:Watcher","ascension_level":2}}