{"host":"ur9yu33ueh8lnvdq","time":1609717460,"event":{"mods":["2.2 Compatiblity","A Magickal Journey","AchievementEnabler","Alarm Clock","Aspiration","Bartender","BaseMod","Better Note","Better Skull","Better Third Choice","ChefMod","Colored Powertips","Conspire","Energized Spire","GungeonMod","Hermit","JesterMod","Jorbs\u0027s Wanderer Trilogy","KinomotoSakuraMod(????)","Melee Mod","Minty Spire (QoL Compilation)","Potionbrewer","Prisma Mod","Quick Restart","READ ME - Guardian Mod","Robot Space Explorer","Shade Mod","Shop Mod","Slumbering Mod","Somnambulant","StSLib","Swap Starting Deck Mod","The Blackbeard","The Bladedancer","The Bug Knight","The Caster","The Cursed","The Death Knight","The Disciple","The Dragon Tamer","The Exalted","The Forsaken","The Gatherer","The Hayseed","The Hierophant","The Judge","The Juggle","The Necromancer","The Problem Sleuth","The Runesmith","The Servant 0.9.4","The Showman","TheFirefly","TheVacant","The_Crusader","Transform Curses"],"gold_per_floor":[116,116,131,131,21,21,47,47,70,101,119,119,119,134,134,238,238,256,268,281,0,0,0,20,20,20,30,3,14,27,27,27],"floor_reached":31,"playtime":3615,"items_purged":[],"score":247,"play_id":"94b26490-401d-4ab3-a431-12cec32915fc","local_time":"20210103184420","is_ascension_mode":false,"campfire_choices":[{"data":"caster:SpontaneousCombustion","floor":6,"key":"SMITH"},{"floor":13,"key":"REST"},{"floor":15,"key":"REST"},{"floor":23,"key":"REST"},{"floor":25,"key":"REST"}],"circlet_count":0,"master_deck":["caster:Meteor","caster:DivertFocus","caster:Sandstorm","Finisher","Slice","Flying Knee","caster:Incinerate","caster:Ifrit","caster:AlternatingCurrent","caster:SpontaneousCombustion+1","caster:Grimoire","caster:LightningBolt","caster:Slick+1","caster:BookThrow","caster:Eruption","caster:Sandstorm","caster:LordOfVermillion","caster:WallOfThorns","caster:DiamondDust","caster:Surge","caster:SunGoddessAmaterasu","caster:FrostDriver","caster:WallOfSwords","caster:WallOfMirrors+1","caster:Fissure","caster:PhoenixFlare+1","caster:BookThrow","caster:MagicWeapon+1","caster:PhoenixFlare","caster:FrigidBeam","caster:Barbroot","caster:PyroclasticTide"],"relics":["caster:MagicBook","potionbrewer:WarMedal","War Paint","Centennial Puzzle","conspire:TopHat","Pandora\u0027s Box","potionbrewer:ToyAutogyro","Matryoshka"],"acts_visited":["Exordium","TheCity"],"potions_floor_usage":[10,18,18,20,27],"damage_taken":[{"damage":0,"enemies":"2 Louse","floor":1,"turns":4},{"damage":1,"enemies":"Cultist","floor":3,"turns":5},{"damage":12,"enemies":"Lagavulin","floor":7,"turns":6},{"damage":13,"enemies":"Gremlin Nob","floor":10,"turns":5},{"damage":0,"enemies":"Small Slimes","floor":11,"turns":3},{"damage":6,"enemies":"Exordium Wildlife","floor":14,"turns":3},{"damage":43,"enemies":"The Guardian","floor":16,"turns":7},{"damage":4,"enemies":"Shell Parasite","floor":18,"turns":5},{"damage":35,"enemies":"conspire:FuzzyDice","floor":19,"turns":6},{"damage":28,"enemies":"Sentry and Sphere","floor":20,"turns":5},{"damage":3,"enemies":"Cultist and Chosen","floor":24,"turns":4},{"damage":0,"enemies":"Centurion and Healer","floor":27,"turns":5},{"damage":19,"enemies":"Snecko","floor":29,"turns":6},{"damage":27,"enemies":"Shelled Parasite and Fungi","floor":30,"turns":5},{"damage":18,"enemies":"3 Cultists","floor":31,"turns":4}],"seed_played":"3053491272546113218","potions_obtained":[{"floor":1,"key":"Strength Potion"},{"floor":7,"key":"potionbrewer:CleansingPotion"},{"floor":16,"key":"DuplicationPotion"},{"floor":19,"key":"Explosive Potion"},{"floor":24,"key":"potionbrewer:InfectionPotion"},{"floor":30,"key":"SpeedPotion"}],"is_trial":false,"path_per_floor":["M","?","M","?","$","R","E","?","T","E","M","?","R","M","R","B",null,"M","M","M","$","?","R","M","R","T","M","$","M","M","M"],"character_chosen":"THE_CASTER","items_purchased":["caster:SpontaneousCombustion","caster:Grimoire","potionbrewer:ToyAutogyro","caster:PhoenixFlare","caster:BookThrow","caster:FrigidBeam"],"campfire_rested":4,"item_purchase_floors":[5,5,21,21,21,28],"current_hp_per_floor":[70,70,69,69,69,69,58,58,58,47,51,33,54,50,70,36,70,66,37,11,11,11,32,33,54,54,54,54,37,16,0,0],"gold":27,"neow_bonus":"TEN_PERCENT_HP_BONUS","is_daily":false,"chose_seed":false,"campfire_upgraded":1,"win_rate":0.0,"timestamp":1609717460,"path_taken":["M","?","M","?","$","R","E","?","T","E","?","?","R","M","R","BOSS","M","M","M","$","?","R","M","R","T","M","?","M","M","?"],"items_purchased_type":["Card","Card","Relic","Card","Card","Card"],"build_version":"2020-12-22","purchased_purges":0,"victory":false,"max_hp_per_floor":[70,70,70,70,70,70,70,70,70,70,70,70,70,70,70,70,70,70,70,70,70,70,70,70,70,70,70,70,70,70,70,70],"card_choices":[{"not_picked":["caster:JupitelThunder","caster:MagicResonance"],"picked":"caster:Sandstorm","floor":1},{"not_picked":["caster:GaiasBlessing","caster:ShivasGrace"],"picked":"caster:Incinerate","floor":3},{"not_picked":["caster:FrigidBeam","caster:MagicResonance"],"picked":"caster:LightningBolt","floor":7},{"not_picked":["caster:DiablosFlame","caster:Sleet"],"picked":"caster:BookThrow","floor":10},{"not_picked":["caster:IzanagisObdurance","caster:Sleet"],"picked":"caster:Eruption","floor":11},{"not_picked":["caster:LAZER","caster:MagicWeapon"],"picked":"caster:Sandstorm","floor":14},{"not_picked":["caster:ManaOverflow","caster:Demi"],"picked":"caster:LordOfVermillion","floor":16},{"not_picked":["caster:FlashFrost+1","caster:MagicResonance"],"picked":"caster:WallOfMirrors+1","floor":18},{"not_picked":["caster:Charge","caster:Cryogenesis","caster:Enfeeble"],"picked":"SKIP","floor":19},{"not_picked":["caster:Incinerate","caster:MagicResonance"],"picked":"caster:Fissure","floor":20},{"not_picked":["caster:Charge+1","caster:FlashSpeed"],"picked":"caster:MagicWeapon+1","floor":24},{"not_picked":["caster:Charge","caster:MagicResonance"],"picked":"caster:PhoenixFlare","floor":27},{"not_picked":["caster:FlashFrost","caster:AbsoluteZero"],"picked":"caster:Barbroot","floor":29},{"not_picked":["caster:MegaloSpark","caster:Enfeeble+1"],"picked":"caster:PyroclasticTide","floor":30}],"player_experience":821997,"relics_obtained":[{"floor":7,"key":"potionbrewer:WarMedal"},{"floor":9,"key":"War Paint"},{"floor":10,"key":"Centennial Puzzle"},{"floor":26,"key":"Matryoshka"}],"event_choices":[{"damage_healed":0,"gold_gain":0,"player_choice":"2 cards matched","damage_taken":0,"max_hp_gain":0,"max_hp_loss":0,"event_name":"Match and Keep!","floor":4,"gold_loss":0,"cards_obtained":["caster:Ifrit","caster:AlternatingCurrent"]},{"damage_healed":0,"gold_gain":1,"player_choice":"Relic ","damage_taken":18,"max_hp_gain":0,"max_hp_loss":0,"event_name":"betterThird:BetterScrap","floor":12,"gold_loss":0,"cards_obtained":["Exhume"]},{"damage_healed":0,"gold_gain":0,"player_choice":"Upgraded","damage_taken":0,"max_hp_gain":0,"max_hp_loss":0,"event_name":"Upgrade Shrine","floor":22,"gold_loss":0,"cards_upgraded":["caster:PhoenixFlare"]}],"is_beta":false,"boss_relics":[{"not_picked":["energizedSpire:RedRose","aspiration:RunicSpoon"],"picked":"Pandora\u0027s Box"}],"items_purged_floors":[],"is_endless":false,"potions_floor_spawned":[1,7,16,19,24,30],"killed_by":"3 Cultists","ascension_level":0}}