{"host":"es89jqq87guwhc1m","time":1609684292,"event":{"mods":["BaseMod","Colored Map","DeckTracker","Minty Spire (QoL Compilation)","StSLib","SuperFastMode"],"gold_per_floor":[116,216,229,229,154,182,182,212,262,51,51,80,230,240,240,317,317,333,383,298,36,62,90,105,25,25,38,38,68,85,39,39,116,116,131,6,18,28,28,61,61,89,101,125,155,167,198,230,242,254,266,278,37,64,64,64],"floor_reached":55,"playtime":4757,"items_purged":["Strike_B","Doubt","Defend_B"],"score":1483,"play_id":"0fa8fc7a-d339-4a4a-ba2e-0445ea44dedf","local_time":"20210103233132","is_ascension_mode":true,"campfire_choices":[{"data":"Zap","floor":7.0,"key":"SMITH"},{"data":"Dualcast","floor":11.0,"key":"SMITH"},{"data":"Steam Power","floor":15.0,"key":"SMITH"},{"data":"Skim","floor":28.0,"key":"SMITH"},{"data":"Turbo","floor":32.0,"key":"SMITH"},{"data":"Seek","floor":41.0,"key":"SMITH"},{"floor":49.0,"key":"RECALL"},{"data":"Loop","floor":52.0,"key":"SMITH"}],"circlet_count":0,"master_deck":["AscendersBane","Strike_B","Strike_B","Defend_B","Defend_B+1","Defend_B","Zap+1","Dualcast+1","Ball Lightning+1","Recycle+1","Core Surge","Steam Power+1","Meteor Strike","Cold Snap","Biased Cognition","Hologram+1","Defragment","Turbo+1","Sunder+1","Skim+1","Genetic Algorithm","Self Repair","Hologram","Compile Driver+1","Stack","Seek+1","Coolheaded+1","Glacier+1","Loop+1","Madness","Madness","Skim","Fusion+1"],"relics":["Cracked Core","NeowsBlessing","Orichalcum","Gambling Chip","Bag of Preparation","White Beast Statue","Coffee Dripper","Strawberry","Vajra","Bronze Scales","Bottled Flame","Whetstone","Nuclear Battery","Bag of Marbles","MawBank","Sundial","Bottled Lightning"],"acts_visited":["Exordium","TheCity","TheBeyond","TheEnding"],"potions_floor_usage":[55,55],"damage_taken":[{"damage":0.0,"enemies":"2 Louse","floor":1.0,"turns":1.0},{"damage":0.0,"enemies":"Cultist","floor":3.0,"turns":1.0},{"damage":0.0,"enemies":"3 Sentries","floor":6.0,"turns":1.0},{"damage":22.0,"enemies":"Gremlin Nob","floor":8.0,"turns":4.0},{"damage":17.0,"enemies":"Lagavulin","floor":12.0,"turns":4.0},{"damage":0.0,"enemies":"Jaw Worm","floor":14.0,"turns":3.0},{"damage":11.0,"enemies":"Slime Boss","floor":16.0,"turns":7.0},{"damage":2.0,"enemies":"Shell Parasite","floor":18.0,"turns":5.0},{"damage":9.0,"enemies":"Slavers","floor":23.0,"turns":5.0},{"damage":5.0,"enemies":"2 Thieves","floor":24.0,"turns":3.0},{"damage":4.0,"enemies":"Centurion and Healer","floor":27.0,"turns":4.0},{"damage":10.0,"enemies":"Gremlin Leader","floor":29.0,"turns":4.0},{"damage":6.0,"enemies":"Shelled Parasite and Fungi","floor":30.0,"turns":2.0},{"damage":44.0,"enemies":"Automaton","floor":33.0,"turns":10.0},{"damage":0.0,"enemies":"Orb Walker","floor":35.0,"turns":1.0},{"damage":0.0,"enemies":"3 Shapes","floor":37.0,"turns":1.0},{"damage":0.0,"enemies":"3 Darklings","floor":38.0,"turns":2.0},{"damage":0.0,"enemies":"Reptomancer","floor":40.0,"turns":5.0},{"damage":0.0,"enemies":"Nemesis","floor":42.0,"turns":3.0},{"damage":5.0,"enemies":"Sphere and 2 Shapes","floor":44.0,"turns":3.0},{"damage":27.0,"enemies":"Transient","floor":45.0,"turns":5.0},{"damage":0.0,"enemies":"4 Shapes","floor":47.0,"turns":4.0},{"damage":0.0,"enemies":"Jaw Worm Horde","floor":48.0,"turns":3.0},{"damage":2.0,"enemies":"Awakened One","floor":50.0,"turns":13.0},{"damage":14.0,"enemies":"Shield and Spear","floor":54.0,"turns":8.0},{"damage":66,"enemies":"The Heart","floor":55,"turns":9}],"seed_played":"5844985515930819838","potions_obtained":[{"floor":1.0,"key":"PowerPotion"},{"floor":3.0,"key":"Regen Potion"},{"floor":14.0,"key":"SkillPotion"},{"floor":16.0,"key":"PowerPotion"},{"floor":18.0,"key":"Ancient Potion"},{"floor":23.0,"key":"Dexterity Potion"},{"floor":24.0,"key":"GamblersBrew"},{"floor":29.0,"key":"Regen Potion"},{"floor":30.0,"key":"EntropicBrew"},{"floor":33.0,"key":"Fire Potion"},{"floor":35.0,"key":"SpeedPotion"},{"floor":37.0,"key":"SkillPotion"},{"floor":38.0,"key":"DuplicationPotion"},{"floor":40.0,"key":"FearPotion"},{"floor":44.0,"key":"PowerPotion"},{"floor":45.0,"key":"Explosive Potion"},{"floor":47.0,"key":"Swift Potion"},{"floor":48.0,"key":"FearPotion"},{"floor":54.0,"key":"Swift Potion"}],"is_trial":false,"path_per_floor":["M","?","M","?","?","E","R","E","T","$","R","E","?","M","R","B",null,"M","?","?","$","T","E","M","$","T","M","R","E","M","$","R","B",null,"M","$","M","M","$","E","R","E","T","M","M","?","M","M","R","B",null,"R","$","E","B"],"character_chosen":"DEFECT","items_purchased":["Meteor Strike","Defragment","Turbo","Sunder","Self Repair","Stack","Sundial"],"campfire_rested":0,"item_purchase_floors":[10,21,21,21,25,31,53],"current_hp_per_floor":[64,64,64,43,43,43,43,33,33,33,33,16,16,16,16,5,55,53,53,60,60,60,51,46,46,46,49,49,46,49,49,49,12,62,62,62,69,76,76,78,78,78,78,78,51,37,44,51,51,49,71,71,71,64,0,0],"gold":64,"neow_bonus":"THREE_ENEMY_KILL","is_daily":false,"chose_seed":false,"campfire_upgraded":7,"win_rate":0.0,"timestamp":1609684292,"path_taken":["M","?","?","?","?","E","R","E","T","$","R","E","?","M","R","BOSS","M","?","?","$","?","E","M","?","T","M","R","E","M","$","R","BOSS","M","$","M","M","$","E","R","E","T","M","M","?","M","M","R","BOSS","R","$","E","BOSS"],"items_purchased_type":["Card","Card","Card","Card","Card","Card","Relic"],"build_version":"2020-12-22","purchased_purges":3,"victory":false,"max_hp_per_floor":[71,71,71,71,71,71,71,71,71,71,71,71,71,71,71,71,71,71,71,78,78,78,78,78,78,78,78,78,78,78,78,78,78,78,78,78,78,78,78,78,78,78,78,78,78,78,78,78,78,78,78,78,78,78,78,78],"card_choices":[{"not_picked":["Self Repair","Aggregate"],"picked":"Ball Lightning","floor":1.0},{"not_picked":["Steam","Turbo"],"picked":"Recycle","floor":3.0},{"not_picked":["Go for the Eyes","Chaos"],"picked":"Core Surge","floor":6.0},{"not_picked":["Streamline","Cold Snap"],"picked":"Steam Power","floor":8.0},{"not_picked":["Hologram","Beam Cell"],"picked":"Cold Snap","floor":12.0},{"not_picked":["Beam Cell","Storm","Cold Snap"],"picked":"SKIP","floor":14.0},{"not_picked":["Creative AI","Amplify"],"picked":"Biased Cognition","floor":16.0},{"not_picked":["Loop","Beam Cell"],"picked":"Hologram+1","floor":18.0},{"not_picked":["Amplify","Double Energy"],"picked":"Skim","floor":23.0},{"not_picked":["Tempest","Rip and Tear"],"picked":"Genetic Algorithm","floor":24.0},{"not_picked":["Cold Snap","Beam Cell","Streamline"],"picked":"SKIP","floor":27.0},{"not_picked":["Cold Snap","Beam Cell","Streamline"],"picked":"SKIP","floor":27.0},{"not_picked":["Leap","Redo"],"picked":"Hologram","floor":29.0},{"not_picked":["Gash","Auto Shields"],"picked":"Compile Driver+1","floor":30.0},{"not_picked":["Multi-Cast","All For One"],"picked":"Seek","floor":33.0},{"not_picked":["Scrape+1","Conserve Battery"],"picked":"Coolheaded+1","floor":35.0},{"not_picked":["White Noise+1","Ball Lightning","Rebound"],"picked":"SKIP","floor":37.0},{"not_picked":["Compile Driver","Turbo+1","Melter"],"picked":"SKIP","floor":38.0},{"not_picked":["Steam","Hologram"],"picked":"Glacier+1","floor":40.0},{"not_picked":["Leap","Ball Lightning","Fusion"],"picked":"SKIP","floor":42.0},{"not_picked":["Auto Shields","Fusion"],"picked":"Loop","floor":44.0},{"not_picked":["Scrape","Streamline","Reinforced Body"],"picked":"SKIP","floor":45.0},{"not_picked":["Hello World","Double Energy"],"picked":"Skim","floor":47.0},{"not_picked":["Redo","Streamline+1","Consume+1"],"picked":"SKIP","floor":48.0},{"not_picked":["Machine Learning","Redo"],"picked":"Fusion+1","floor":54.0}],"player_experience":1605180,"relics_obtained":[{"floor":6.0,"key":"Orichalcum"},{"floor":8.0,"key":"Gambling Chip"},{"floor":9.0,"key":"Bag of Preparation"},{"floor":12.0,"key":"White Beast Statue"},{"floor":22.0,"key":"Vajra"},{"floor":23.0,"key":"Bronze Scales"},{"floor":26.0,"key":"Bottled Flame"},{"floor":29.0,"key":"Whetstone"},{"floor":40.0,"key":"Bag of Marbles"},{"floor":42.0,"key":"MawBank"},{"floor":54.0,"key":"Bottled Lightning"}],"event_choices":[{"damage_healed":0.0,"max_hp_gain":0.0,"max_hp_loss":0.0,"gold_gain":100.0,"event_name":"Wheel of Change","player_choice":"Gold","floor":2.0,"gold_loss":0.0,"damage_taken":0.0},{"damage_healed":0.0,"max_hp_gain":0.0,"max_hp_loss":0.0,"gold_gain":0.0,"event_name":"Shining Light","player_choice":"Entered Light","floor":4.0,"gold_loss":0.0,"damage_taken":21.0,"cards_upgraded":["Defend_B","Recycle"]},{"cards_removed":["Strike_B"],"damage_healed":0.0,"max_hp_gain":0.0,"max_hp_loss":0.0,"gold_gain":0.0,"event_name":"The Cleric","player_choice":"Card Removal","floor":5.0,"gold_loss":75.0,"damage_taken":0.0},{"damage_healed":0.0,"max_hp_gain":0.0,"max_hp_loss":0.0,"gold_gain":150.0,"event_name":"Liars Game","player_choice":"AGREE","floor":13.0,"gold_loss":0.0,"damage_taken":0.0,"cards_obtained":["Doubt"]},{"damage_healed":0.0,"max_hp_gain":0.0,"max_hp_loss":0.0,"gold_gain":50.0,"event_name":"Nest","player_choice":"Stole From Cult","floor":19.0,"gold_loss":0.0,"damage_taken":0.0},{"damage_healed":0.0,"max_hp_gain":0.0,"max_hp_loss":0.0,"gold_gain":0.0,"event_name":"Addict","player_choice":"Obtained Relic","floor":20.0,"gold_loss":85.0,"damage_taken":0.0,"relics_obtained":["Strawberry"]},{"damage_healed":0.0,"max_hp_gain":0.0,"max_hp_loss":0.0,"gold_gain":0.0,"event_name":"Winding Halls","player_choice":"Embrace Madness","floor":46.0,"gold_loss":0.0,"damage_taken":14.0,"cards_obtained":["Madness","Madness"]}],"is_beta":false,"boss_relics":[{"not_picked":["Ectoplasm","Sozu"],"picked":"Coffee Dripper"},{"not_picked":["Cursed Key","Velvet Choker"],"picked":"Nuclear Battery"}],"items_purged_floors":[10,21,36],"is_endless":false,"potions_floor_spawned":[1,3,14,16,18,23,24,27,29,30,33,35,37,38,40,42,44,45,47,48,54],"killed_by":"The Heart","ascension_level":15}}