{"host":"1rf9pknejqhzkc4o","time":1609716310,"event":{"mods":["Aspiration","BaseMod","Better Altar","Better Match","Better Note","Better Sensory Stone","Better Skull","Better Third Choice","Colored Map","Colored Powertips","Communication Mod","Conspire","Energized Spire","Hubris","Infinite Spire","Ironclad Rager","Minty Spire (QoL Compilation)","Quick Restart","RNG Fix","Rare Cards Sparkle","Relic Stats","Replay The Spire","Retaliation","Spicy Shops","StSLib","The Blue Laboratory","Trackpad"],"gold_per_floor":[109,109,119,137,153,153,170,22,22,22,42,74,74,86,86,191,191,205,19,19,31,47,58,58,75,75,75,118,118,118,137,6,27,27,41,41],"floor_reached":35,"playtime":1497,"items_purged":[],"score":283,"play_id":"0286640b-202c-40d5-a19f-598c6bbb641c","local_time":"20210104022510","is_ascension_mode":false,"campfire_choices":[{"data":"Flex","floor":6.0,"key":"SMITH"},{"data":"Flex","floor":10.0,"key":"SMITH"},{"data":"Heavy Blade","floor":13.0,"key":"SMITH"},{"floor":15.0,"key":"REST"},{"data":"Demonic Infusion","floor":24.0,"key":"SMITH"},{"floor":27.0,"key":"REST"},{"floor":34,"key":"REST"}],"circlet_count":0,"master_deck":["Bash","ICR:RageStrike","ICR:RageStrike","ICR:RageStrike","ICR:RageStrike","ICR:RageStrike","ICR:ShieldBash","ICR:ShieldBash","ICR:ShieldBash","ICR:ShieldBash","Flex+1","Flex+1","Heavy Blade+1","Searing Blow","Rage","Demonic Infusion+1","Eclipse","Flame Barrier","Perfected Strike","DDmod:UnstoppableAttack","Heavy Blade+1","conspire:ExplosiveBarrier+1"],"relics":["Cracked Core","infinitespire:Cubic Diamond","trackpad:PocketGalaxy","Letter Opener","hubris:CuriousFeather","energizedSpire:OgreHead","Membership Card","TheAbacus","ReplayTheSpireMod:Shallot","infinitespire:Midas Blood","trackpad:SappingStone","Pantograph"],"acts_visited":["Exordium","TheCity"],"potions_floor_usage":[33],"damage_taken":[{"damage":6.0,"enemies":"Cultist","floor":1.0,"turns":3.0},{"damage":0.0,"enemies":"2 Louse","floor":3.0,"turns":2.0},{"damage":6.0,"enemies":"Jaw Worm","floor":4.0,"turns":3.0},{"damage":13.0,"enemies":"3 Louse","floor":5.0,"turns":2.0},{"damage":0.0,"enemies":"Gremlin Gang","floor":7.0,"turns":4.0},{"damage":4.0,"enemies":"2 Fungi Beasts","floor":11.0,"turns":2.0},{"damage":27.0,"enemies":"Lagavulin","floor":12.0,"turns":6.0},{"damage":0.0,"enemies":"Blue Slaver","floor":14.0,"turns":2.0},{"damage":51.0,"enemies":"Hexaghost","floor":16.0,"turns":9.0},{"damage":20.0,"enemies":"Spheric Guardian","floor":18.0,"turns":4.0},{"damage":20.0,"enemies":"conspire:FuzzyDice","floor":21.0,"turns":4.0},{"damage":0.0,"enemies":"Centurion and Healer","floor":22.0,"turns":4.0},{"damage":0.0,"enemies":"Sentry and Sphere","floor":23.0,"turns":3.0},{"damage":18.0,"enemies":"conspire:HollyBat","floor":25.0,"turns":7.0},{"damage":39.0,"enemies":"Nightmare","floor":28.0,"turns":6.0},{"damage":0.0,"enemies":"Cultist and Chosen","floor":31.0,"turns":5.0},{"damage":13,"enemies":"Snecko","floor":33,"turns":4},{"damage":94,"enemies":"Collector","floor":35,"turns":7}],"seed_played":"4298152619737610616","potions_obtained":[{"floor":3.0,"key":"Strength Potion"},{"floor":7.0,"key":"Reflective Coating"},{"floor":11.0,"key":"SkillPotion"},{"floor":14.0,"key":"ElixirPotion"},{"floor":21.0,"key":"SkillPotion"},{"floor":23.0,"key":"DistilledChaos"},{"floor":25.0,"key":"SteroidPotion"}],"is_trial":false,"path_per_floor":["M","?","M","M","M","R","M","$","T","R","M","E","R","M","R","B",null,"M","$","?","M","M","M","R","M","T","R","NM","PTL","PTL","M","$","M","R","B"],"character_chosen":"IRONCLAD","items_purchased":["trackpad:PocketGalaxy","Membership Card","TheAbacus","Pantograph"],"campfire_rested":3,"item_purchase_floors":[8,19,19,32],"current_hp_per_floor":[80,80,80,74,61,61,61,61,61,61,57,36,36,36,60,9,80,60,60,60,40,40,40,40,33,33,57,22,22,22,26,26,22,46,0,0],"gold":41,"neow_bonus":"IRONCLAD_RAGER","is_daily":false,"chose_seed":false,"campfire_upgraded":4,"win_rate":0.0,"timestamp":1609716310,"path_taken":["M","?","?","?","M","R","M","$","T","R","M","E","R","M","R","BOSS","M","$","?","?","?","M","R","M","T","R","NM","PTL","PTL","M","?","M","R","BOSS"],"items_purchased_type":["Relic","Relic","Relic","Relic"],"build_version":"2020-12-22","purchased_purges":0,"victory":false,"max_hp_per_floor":[80,80,80,80,80,80,80,80,80,80,80,80,80,80,80,80,80,80,80,80,80,80,80,80,80,80,80,80,80,80,80,80,80,80,80,80],"relic_stats":{"TheAbacus":[0],"counters":[18,77],"Pantograph":25,"Letter Opener":[75],"obtain_stats":[{"trackpad:SappingStone":28,"infinitespire:Cubic Diamond":2,"energizedSpire:OgreHead":17,"Letter Opener":9,"Burning Blood":0,"trackpad:PocketGalaxy":8,"TheAbacus":19,"ReplayTheSpireMod:Shallot":20,"Pantograph":32,"hubris:CuriousFeather":12,"Membership Card":19,"Cracked Core":2,"infinitespire:Midas Blood":26},{"trackpad:SappingStone":15,"infinitespire:Cubic Diamond":1,"energizedSpire:OgreHead":9,"Letter Opener":5,"Burning Blood":0,"trackpad:PocketGalaxy":5,"TheAbacus":10,"ReplayTheSpireMod:Shallot":10,"Pantograph":16,"hubris:CuriousFeather":7,"Membership Card":10,"Cracked Core":1,"infinitespire:Midas Blood":14},{"trackpad:SappingStone":61,"infinitespire:Cubic Diamond":3,"energizedSpire:OgreHead":33,"Letter Opener":14,"Burning Blood":0,"trackpad:PocketGalaxy":14,"TheAbacus":37,"ReplayTheSpireMod:Shallot":37,"Pantograph":66,"hubris:CuriousFeather":22,"Membership Card":37,"Cracked Core":3,"infinitespire:Midas Blood":55}]},"card_choices":[{"not_picked":["DDmod:RapidStrikeAttack","Shrug It Off","Cleave"],"picked":"SKIP","floor":1.0},{"not_picked":["Anger","Offering"],"picked":"Flex","floor":3.0},{"not_picked":["Run Through","DDmod:CallousedSkill"],"picked":"Flex","floor":4.0},{"not_picked":["Armaments","Headbutt"],"picked":"Heavy Blade","floor":5.0},{"not_picked":["DDmod:SpikedSkill","Dropkick"],"picked":"Searing Blow","floor":7.0},{"not_picked":["Shrug It Off","Flex"],"picked":"Rage","floor":11.0},{"not_picked":["Massacre","Intimidate"],"picked":"Demonic Infusion","floor":12.0},{"not_picked":["Warcry","Battle Trance","ReplayTheSpireMod:LeadingStrike"],"picked":"SKIP","floor":14.0},{"not_picked":["Demon Form","DDmod:AllInSkill"],"picked":"Eclipse","floor":16.0},{"not_picked":["Sword Boomerang","DDmod:CallousedSkill+1"],"picked":"Flame Barrier","floor":18.0},{"not_picked":["Twin Strike","DDmod:CallousedSkill"],"picked":"Perfected Strike","floor":21.0},{"not_picked":["Wild Strike+1","Twin Strike","DDmod:EasePowerCard"],"picked":"SKIP","floor":22.0},{"not_picked":["Iron Wave","DDmod:PlatedThornsSkill"],"picked":"DDmod:UnstoppableAttack","floor":23.0},{"not_picked":["Clothesline","Thunderclap"],"picked":"Heavy Blade+1","floor":25.0},{"not_picked":["Bloodletting","Shrug It Off","Replay:Many Hands"],"picked":"SKIP","floor":28.0},{"not_picked":["hubris:CleavingFinish","infinitespire:OneForAll+1","Replay:Undeath\u0027s Touch"],"picked":"SKIP","floor":31.0},{"not_picked":["Replay:Undeath\u0027s Touch","DDmod:EasePowerCard+1"],"picked":"conspire:ExplosiveBarrier+1","floor":33}],"player_experience":164374,"relics_obtained":[{"floor":9.0,"key":"Letter Opener"},{"floor":12.0,"key":"hubris:CuriousFeather"},{"floor":20.0,"key":"ReplayTheSpireMod:Shallot"},{"floor":26.0,"key":"infinitespire:Midas Blood"},{"floor":28.0,"key":"trackpad:SappingStone"}],"event_choices":[{"damage_healed":0.0,"max_hp_gain":0.0,"max_hp_loss":0.0,"gold_gain":0.0,"event_name":"Wheel of Change","player_choice":"Relic","floor":20.0,"gold_loss":0.0,"damage_taken":0.0}],"is_beta":false,"boss_relics":[{"not_picked":["aspiration:BursterCore","energizedSpire:TabascoSauce"],"picked":"energizedSpire:OgreHead"}],"items_purged_floors":[],"is_endless":true,"potions_floor_spawned":[3,7,11,14,21,23,25],"killed_by":"Collector","ascension_level":0}}