{"host":"a2lvm7nbw6nkrc91","time":1609673940,"event":{"mods":["BaseMod","Friendly Minions","Hermit","Kiyohime£¨?ýï£©","Koishi","Marisa£¨Ùöéë¡¡Øª×âÞÞ£©","Minty Spire (QoL Compilation)","Prisma Mod","Replay The Spire","StSLib","Td1madao Mod","The Bug Knight","The Dragon Tamer"],"gold_per_floor":[117,117,17,17,29,57,22,22,22,22,51,51,77,97,97,193,193,204,221,17,28,28,63,63,92,161,180,280,280,293,293,293,293,293],"floor_reached":33,"playtime":907,"items_purged":["KiyohimeMod:Defend"],"score":416,"play_id":"f53c56ac-65b8-4c13-9667-6e7b2db01bf7","local_time":"20210103203900","is_ascension_mode":true,"campfire_choices":[{"data":"KiyohimeMod:LimitedZeroOver","floor":8.0,"key":"SMITH"},{"data":"KiyohimeMod:Destruction","floor":10.0,"key":"SMITH"},{"floor":15.0,"key":"REST"},{"floor":24,"key":"REST"},{"floor":29,"key":"REST"},{"data":"Apotheosis","floor":32,"key":"SMITH"}],"circlet_count":0,"master_deck":["KiyohimeMod:Strike+1","KiyohimeMod:Strike","KiyohimeMod:Strike","KiyohimeMod:Defend","KiyohimeMod:Defend","KiyohimeMod:Defend","KiyohimeMod:Track","KiyohimeMod:FlameKiss","KiyohimeMod:Shapeshift","KiyohimeMod:RedBlackKey+1","KiyohimeMod:Berserker","KiyohimeMod:Destruction+1","KiyohimeMod:Grimoire","KiyohimeMod:LimitedZeroOver+1","KiyohimeMod:SteelTraining","KiyohimeMod:RedBlackKey","KiyohimeMod:Fragarach","KiyohimeMod:ImaginaryNumberMagecraft","KiyohimeMod:BeElegant","KiyohimeMod:AndSoTheShipConquers+1","Apotheosis+1","KiyohimeMod:AndSoTheShipConquers","KiyohimeMod:SteelTraining","KiyohimeMod:AndSoTheShipConquers","KiyohimeMod:LimitedZeroOver"],"relics":["ChewingGum","Bag of Marbles","Mango","Happy Flower","FaceOfCleric","Gambling Chip","KiyohimeMod:TheBlackGrail","Darkstone Periapt","Toxic Egg 2","Mummified Hand"],"acts_visited":["Exordium","TheCity"],"potions_floor_usage":[23,30,33],"damage_taken":[{"damage":7.0,"enemies":"Small Slimes","floor":1.0,"turns":5.0},{"damage":0.0,"enemies":"Cultist","floor":5.0,"turns":2.0},{"damage":25.0,"enemies":"Lagavulin","floor":6.0,"turns":5.0},{"damage":0.0,"enemies":"Gremlin Nob","floor":11.0,"turns":2.0},{"damage":17.0,"enemies":"Lagavulin","floor":13.0,"turns":4.0},{"damage":0.0,"enemies":"2 Louse","floor":14.0,"turns":1.0},{"damage":3.0,"enemies":"Fading Forest","floor":16.0,"turns":11.0},{"damage":16.0,"enemies":"Shell Parasite","floor":18.0,"turns":4.0},{"damage":0.0,"enemies":"2 Thieves","floor":19.0,"turns":1.0},{"damage":14.0,"enemies":"Snecko","floor":21.0,"turns":3.0},{"damage":37,"enemies":"Slavers","floor":23,"turns":4},{"damage":25,"enemies":"Book of Stabbing","floor":25,"turns":4},{"damage":6,"enemies":"Centurion and Healer","floor":27,"turns":5},{"damage":9,"enemies":"3 Cultists","floor":30,"turns":5},{"damage":29,"enemies":"Pondfish","floor":33,"turns":4}],"seed_played":"-3316670143248097792","potions_obtained":[{"floor":1.0,"key":"BlessingOfTheForge"},{"floor":5.0,"key":"SpeedPotion"},{"floor":11.0,"key":"Explosive Potion"},{"floor":18.0,"key":"PowerPotion"},{"floor":23,"key":"Weak Potion"},{"floor":25,"key":"Death Potion"}],"is_trial":false,"path_per_floor":["M","?","$","?","M","E","?","R","T","R","E","?","E","M","R","B",null,"M","M","$","M","?","E","R","E","T","M","?","R","M","?","R","B"],"character_chosen":"Kiyohime","items_purchased":["KiyohimeMod:Berserker","Apotheosis","KiyohimeMod:AndSoTheShipConquers"],"campfire_rested":3,"item_purchase_floors":[3,20,20],"current_hp_per_floor":[53,41,41,41,41,16,31,31,45,45,45,45,29,30,52,58,77,62,63,63,50,50,14,38,14,14,9,9,33,25,25,25,0,0],"gold":293,"neow_bonus":"BOSS_RELIC","is_daily":false,"chose_seed":false,"campfire_upgraded":3,"win_rate":0.0,"timestamp":1609673940,"path_taken":["M","?","$","?","?","E","?","R","T","R","E","?","E","M","R","BOSS","M","M","$","M","?","E","R","E","T","M","?","R","?","?","R","BOSS"],"items_purchased_type":["Card","Card","Card"],"build_version":"2020-12-22","purchased_purges":1,"victory":false,"max_hp_per_floor":[60,60,60,60,60,60,60,60,74,74,74,74,75,76,76,77,77,78,79,79,80,80,81,81,82,82,83,83,83,84,84,84,84,84],"card_choices":[{"not_picked":["KiyohimeMod:FormalCraft","KiyohimeMod:BeElegant"],"picked":"KiyohimeMod:RedBlackKey","floor":1.0},{"not_picked":["KiyohimeMod:BeElegant","KiyohimeMod:GreenBlackKey"],"picked":"KiyohimeMod:Grimoire","floor":5.0},{"not_picked":["KiyohimeMod:Fragarach","KiyohimeMod:EatSoul"],"picked":"KiyohimeMod:LimitedZeroOver","floor":6.0},{"not_picked":["KiyohimeMod:CommandCard_Arts","KiyohimeMod:BlueBlackKey"],"picked":"KiyohimeMod:SteelTraining","floor":11.0},{"not_picked":["KiyohimeMod:BlueBlackKey","KiyohimeMod:Grimoire"],"picked":"KiyohimeMod:RedBlackKey","floor":13.0},{"not_picked":["KiyohimeMod:RedBlackKey","KiyohimeMod:FirstPremonition"],"picked":"KiyohimeMod:Fragarach","floor":14.0},{"not_picked":["KiyohimeMod:Barrier","KiyohimeMod:FragmentsOf2030"],"picked":"KiyohimeMod:ImaginaryNumberMagecraft","floor":16.0},{"not_picked":["KiyohimeMod:WaterTurn+1","KiyohimeMod:CommandCard_Arts+1"],"picked":"KiyohimeMod:BeElegant","floor":18.0},{"not_picked":["KiyohimeMod:BeElegant","KiyohimeMod:HotSpringOfTheMoon"],"picked":"KiyohimeMod:AndSoTheShipConquers+1","floor":19.0},{"not_picked":["KiyohimeMod:Preemptive","KiyohimeMod:BlueBlackKey+1"],"picked":"KiyohimeMod:SteelTraining","floor":21.0},{"not_picked":["KiyohimeMod:SteelTraining","KiyohimeMod:BeElegant"],"picked":"KiyohimeMod:AndSoTheShipConquers","floor":23},{"not_picked":["KiyohimeMod:BlueBlackKey","KiyohimeMod:HotSpringOfTheMoon+1","KiyohimeMod:CommandCard_Arts+1"],"picked":"SKIP","floor":25},{"not_picked":["KiyohimeMod:RealityMarble","KiyohimeMod:AndSoTheShipConquers+1","KiyohimeMod:EatSoul+1"],"picked":"SKIP","floor":27},{"not_picked":["KiyohimeMod:RedBlackKey","KiyohimeMod:RealityMarble"],"picked":"KiyohimeMod:LimitedZeroOver","floor":30}],"player_experience":521470,"relics_obtained":[{"floor":6.0,"key":"Bag of Marbles"},{"floor":9.0,"key":"Mango"},{"floor":11.0,"key":"Happy Flower"},{"floor":13.0,"key":"Gambling Chip"},{"floor":23,"key":"Darkstone Periapt"},{"floor":25,"key":"Toxic Egg 2"},{"floor":26,"key":"Mummified Hand"}],"event_choices":[{"damage_healed":0.0,"max_hp_gain":0.0,"max_hp_loss":0.0,"gold_gain":0.0,"event_name":"Shining Light","player_choice":"Entered Light","floor":2.0,"gold_loss":0.0,"damage_taken":12.0,"cards_upgraded":["KiyohimeMod:RedBlackKey","KiyohimeMod:Strike"]},{"damage_healed":0.0,"max_hp_gain":0.0,"max_hp_loss":0.0,"gold_gain":0.0,"event_name":"Match and Keep!","player_choice":"1 cards matched","floor":4.0,"gold_loss":0.0,"damage_taken":0.0,"cards_obtained":["KiyohimeMod:Destruction"]},{"damage_healed":15.0,"max_hp_gain":0.0,"max_hp_loss":0.0,"gold_gain":0.0,"event_name":"The Cleric","player_choice":"Healed","floor":7.0,"gold_loss":35.0,"damage_taken":0.0},{"damage_healed":0.0,"max_hp_gain":0.0,"max_hp_loss":0.0,"gold_gain":0.0,"event_name":"FaceTrader","player_choice":"Trade","floor":12.0,"gold_loss":0.0,"damage_taken":0.0,"relics_obtained":["FaceOfCleric"]},{"damage_healed":0,"gold_gain":100,"player_choice":"Pray","damage_taken":0,"max_hp_gain":0,"max_hp_loss":0,"event_name":"Golden Shrine","floor":28,"gold_loss":0},{"cards_removed":["KiyohimeMod:Strike"],"damage_healed":0,"gold_gain":0,"player_choice":"Purged","damage_taken":0,"max_hp_gain":0,"max_hp_loss":0,"event_name":"Purifier","floor":31,"gold_loss":0}],"is_beta":false,"boss_relics":[{"not_picked":["Ring of Chaos","Snecko Eye"],"picked":"KiyohimeMod:TheBlackGrail"}],"items_purged_floors":[3],"is_endless":false,"potions_floor_spawned":[1,5,11,18,23,25],"killed_by":"Pondfish","ascension_level":4}}