{"host":"tl8jdqk9pnwb74j1","time":1609660707,"event":{"mods":["BaseMod","BetterRewards","Custom Start","Minty Spire (QoL Compilation)","Shop Mod","StSLib","SuperFastMode"],"gold_per_floor":[152,52,66,66,86,86,101,101,124,135,151,51,51,61,61,61,61],"floor_reached":16,"playtime":608,"items_purged":["Strike_R","Strike_R"],"score":132,"play_id":"a5f94ec9-b599-4d17-bc3d-e952b4a305f9","local_time":"20210103155827","is_ascension_mode":true,"campfire_choices":[{"data":"Body Slam","floor":6.0,"key":"SMITH"},{"data":"Body Slam","floor":13.0,"key":"SMITH"},{"data":"Armaments","floor":15.0,"key":"SMITH"}],"circlet_count":0,"master_deck":["Strike_R","Strike_R","Strike_R","Defend_R+1","Defend_R+1","Defend_R","Defend_R","Bash","Transmutation","Body Slam+1","Armaments+1","Pommel Strike","Shockwave","Battle Trance","Body Slam+1","Body Slam"],"relics":["Burning Blood","War Paint"],"acts_visited":["Exordium"],"potions_floor_usage":[],"damage_taken":[{"damage":0.0,"enemies":"Small Slimes","floor":1.0,"turns":4.0},{"damage":2.0,"enemies":"2 Louse","floor":3.0,"turns":2.0},{"damage":15.0,"enemies":"Cultist","floor":5.0,"turns":5.0},{"damage":7.0,"enemies":"Looter","floor":7.0,"turns":4.0},{"damage":11.0,"enemies":"Large Slime","floor":10.0,"turns":9.0},{"damage":6.0,"enemies":"3 Louse","floor":11.0,"turns":4.0},{"damage":13.0,"enemies":"Lots of Slimes","floor":14.0,"turns":5.0},{"damage":35,"enemies":"The Guardian","floor":16,"turns":7}],"seed_played":"2611203118168127782","potions_obtained":[{"floor":1.0,"key":"LiquidBronze"},{"floor":3.0,"key":"SkillPotion"},{"floor":11.0,"key":"Swift Potion"}],"is_trial":false,"path_per_floor":["M","$","M","?","M","R","M","?","T","M","M","$","R","M","R","B"],"character_chosen":"IRONCLAD","items_purchased":["Armaments"],"campfire_rested":0,"item_purchase_floors":[2],"current_hp_per_floor":[57,57,61,66,57,57,56,48,48,43,43,43,43,36,36,1,1],"gold":61,"neow_bonus":"RANDOM_COLORLESS_2","is_daily":false,"chose_seed":false,"campfire_upgraded":3,"win_rate":0.0,"timestamp":1609660707,"path_taken":["M","$","M","?","M","R","M","?","T","M","M","$","R","M","R","BOSS"],"items_purchased_type":["Card"],"build_version":"2020-12-22","purchased_purges":2,"victory":false,"max_hp_per_floor":[80,80,80,85,85,85,85,85,85,85,85,85,85,85,85,85,85],"card_choices":[{"not_picked":["Chrysalis","Magnetism"],"picked":"Transmutation","floor":0.0},{"not_picked":["Clash","Warcry"],"picked":"Body Slam","floor":1.0},{"not_picked":["Iron Wave","Clothesline"],"picked":"Pommel Strike","floor":3.0},{"not_picked":["Flex","Armaments"],"picked":"Shockwave","floor":5.0},{"not_picked":["Anger","Sword Boomerang"],"picked":"Battle Trance","floor":7.0},{"not_picked":["Shrug It Off","Pommel Strike"],"picked":"Body Slam","floor":10.0},{"not_picked":["Pommel Strike","Perfected Strike","Twin Strike"],"picked":"SKIP","floor":11.0},{"not_picked":["Power Through","Clash"],"picked":"Body Slam","floor":14.0}],"player_experience":952052,"relics_obtained":[{"floor":9.0,"key":"War Paint"}],"event_choices":[{"damage_healed":0.0,"max_hp_gain":5.0,"max_hp_loss":0.0,"gold_gain":0.0,"event_name":"Big Fish","player_choice":"Donut","floor":4.0,"gold_loss":0.0,"damage_taken":0.0},{"damage_healed":0.0,"max_hp_gain":0.0,"max_hp_loss":0.0,"gold_gain":0.0,"event_name":"Wheel of Change","player_choice":"Damaged","floor":8.0,"gold_loss":0.0,"damage_taken":8.0}],"is_beta":false,"boss_relics":[],"items_purged_floors":[2,12],"is_endless":false,"potions_floor_spawned":[1,3,11],"killed_by":"The Guardian","ascension_level":8}}