{"host":"csp9nt53rootlkah","time":1609675589,"event":{"mods":["Act Like it!","BaseMod","Colored Powertips","Friendly Minions","Gensokyo","Highlight Path","Minty Spire (QoL Compilation)","Quick Restart","Replay The Spire","StSLib","TestMod","The Factory","The Jungle","The Saiyan","UnlockEverythingMod","¡¾ÒÅÎï¿¨ÅÆ¡¿REMEMod"],"gold_per_floor":[97,117,117,117,117,161,161],"floor_reached":6,"playtime":740,"items_purged":[],"score":69,"play_id":"ff845e35-a291-4f86-b421-e74447f6f633","local_time":"20210103200629","is_ascension_mode":false,"campfire_choices":[],"circlet_count":0,"master_deck":["Saiyan:SAIYA_Strike","Saiyan:SAIYA_Strike","Saiyan:SAIYA_Strike","Saiyan:SAIYA_Strike","Saiyan:SAIYA_Defend","Saiyan:SAIYA_Defend","Saiyan:SAIYA_Defend","Saiyan:SAIYA_Defend","Saiyan:EnergyBlast","Saiyan:KaioKen","Saiyan:RuthlessBlow","Saiyan:SenzuBean","Saiyan:KiExplosion"],"relics":["SaiyanSoul","SaiyanHeart","testmod-TestBox","REME_ComplimentaryCards","testmod-CrystalShield","NeowsBlessing","Juzu Bracelet","testmod-AssaultLearning","Golden Idol","The Courier","Mummified Hand"],"acts_visited":["Exordium"],"potions_floor_usage":[],"damage_taken":[{"damage":0,"enemies":"Cultist","floor":1,"turns":6},{"damage":12,"enemies":"Jaw Worm","floor":2,"turns":6},{"damage":0,"enemies":"Lagavulin","floor":6,"turns":1}],"seed_played":"9213475926288101257","potions_obtained":[{"floor":1,"key":"EntropicBrew"}],"is_trial":false,"path_per_floor":["M","M","?","T","T","E"],"character_chosen":"SAIYAJIN","items_purchased":[],"campfire_rested":0,"item_purchase_floors":[],"current_hp_per_floor":[61,50,50,50,50,50,50],"gold":161,"neow_bonus":"THREE_ENEMY_KILL","is_daily":false,"chose_seed":false,"campfire_upgraded":0,"win_rate":0.0,"timestamp":1609675589,"path_taken":["M","M","?","?","?","E"],"items_purchased_type":[],"build_version":"2020-12-22","purchased_purges":0,"victory":false,"max_hp_per_floor":[61,62,58,58,58,58,58],"card_choices":[{"not_picked":["Saiyan:MeteorDash","Saiyan:PowerUp"],"picked":"Saiyan:KiExplosion","floor":1},{"not_picked":["Saiyan:Honing","Saiyan:Furor","Saiyan:KiExplosion"],"picked":"SKIP","floor":2}],"player_experience":115836,"relics_obtained":[{"floor":1,"key":"Juzu Bracelet"},{"floor":2,"key":"testmod-AssaultLearning"},{"floor":5,"key":"The Courier"},{"floor":6,"key":"Mummified Hand"}],"event_choices":[{"damage_healed":0,"gold_gain":0,"player_choice":"Lose Max HP","damage_taken":0,"relics_obtained":["Golden Idol"],"max_hp_gain":0,"max_hp_loss":4,"event_name":"Golden Idol","floor":3,"gold_loss":0}],"is_beta":false,"boss_relics":[],"items_purged_floors":[],"is_endless":false,"potions_floor_spawned":[1],"killed_by":"Lagavulin","ascension_level":0}}