{"host":"0cgp910o8339lr91","time":1609650120,"event":{"mods":["BaseMod","Block Reminder","Colored Map","Colored Powertips","Filter the Spire","Minty Spire (QoL Compilation)","Relic Stats","Slay-I","ojb\u0027s Better Paths Mod","ojb\u0027s Info Mod"],"gold_per_floor":[112,125,143,163,163,193,468,499,499,510,510,187,203,238,238,334,334,372,372,391,571,153,210,226,226,226,251,289,621,657,682,682,783,783,821,821,836,849,888,888,918,936,959,959,959,959,998,1026,1026,1026,1026],"floor_reached":50,"playtime":8736,"items_purged":["Regret","Strike_P+1"],"score":1608,"play_id":"e2425134-f4e5-4dad-b2f0-a4dbd5cbdeba","local_time":"20210103060200","is_ascension_mode":true,"campfire_choices":[{"floor":15.0,"key":"RECALL"},{"floor":25.0,"key":"REST"},{"data":"1","floor":32.0,"key":"LIFT"},{"data":"2","floor":40,"key":"LIFT"},{"data":"3","floor":44,"key":"LIFT"},{"floor":49,"key":"REST"}],"circlet_count":0,"master_deck":["AscendersBane","Strike_P+1","Strike_P+1","Defend_P+1","Defend_P+1","Defend_P+1","Defend_P+1","Eruption+1","Vigilance","SashWhip+1","FearNoEvil+1","InnerPeace+1","DeceiveReality+1","InnerPeace+1","InnerPeace+1","Meditate+1","Adaptation","CutThroughFate+1","Conclude","Wish","LessonLearned+1","MentalFortress+1","LikeWater+1","LikeWater","EmptyFist","InnerPeace+1","MentalFortress","Wireheading+1","EmptyBody","MentalFortress+1","Crescendo+1","Scrawl+1","Worship+1","DeceiveReality+1","FlurryOfBlows+1","Perseverance+1","FlurryOfBlows+1","FlurryOfBlows","Devotion+1","EmptyBody+1","EmptyBody+1","EmptyBody+1","CutThroughFate+1"],"relics":["Fusion Hammer","White Beast Statue","Prayer Wheel","Shuriken","War Paint","Pear","VioletLotus","Girya","Vajra","Akabeko","Juzu Bracelet","Old Coin","SlaversCollar","Boot","Toxic Egg 2","Bag of Preparation"],"acts_visited":["Exordium","TheCity","TheBeyond"],"potions_floor_usage":[37,42,42,50,50],"damage_taken":[{"damage":0.0,"enemies":"Cultist","floor":1.0,"turns":2.0},{"damage":6.0,"enemies":"Jaw Worm","floor":2.0,"turns":3.0},{"damage":3.0,"enemies":"2 Louse","floor":3.0,"turns":3.0},{"damage":1.0,"enemies":"Red Slaver","floor":4.0,"turns":4.0},{"damage":6.0,"enemies":"Lagavulin","floor":6.0,"turns":10.0},{"damage":19.0,"enemies":"3 Sentries","floor":8.0,"turns":6.0},{"damage":2.0,"enemies":"3 Louse","floor":10.0,"turns":2.0},{"damage":0.0,"enemies":"Looter","floor":13.0,"turns":2.0},{"damage":0.0,"enemies":"Lagavulin","floor":14.0,"turns":5.0},{"damage":11.0,"enemies":"The Guardian","floor":16.0,"turns":10.0},{"damage":11.0,"enemies":"Spheric Guardian","floor":18.0,"turns":11.0},{"damage":21.0,"enemies":"Shell Parasite","floor":20.0,"turns":9.0},{"damage":31.0,"enemies":"Slavers","floor":23.0,"turns":9.0},{"damage":5.0,"enemies":"3 Cultists","floor":24.0,"turns":4.0},{"damage":14.0,"enemies":"Book of Stabbing","floor":27.0,"turns":8.0},{"damage":5.0,"enemies":"Snake Plant","floor":28.0,"turns":7.0},{"damage":1.0,"enemies":"Gremlin Leader","floor":29.0,"turns":6.0},{"damage":0.0,"enemies":"Sentry and Sphere","floor":30.0,"turns":6.0},{"damage":0.0,"enemies":"Slavers","floor":31.0,"turns":1.0},{"damage":0.0,"enemies":"Champ","floor":33.0,"turns":9.0},{"damage":7.0,"enemies":"3 Shapes","floor":35.0,"turns":8.0},{"damage":6,"enemies":"3 Darklings","floor":37,"turns":7},{"damage":13,"enemies":"Spire Growth","floor":38,"turns":6},{"damage":0,"enemies":"Writhing Mass","floor":39,"turns":8},{"damage":5,"enemies":"Giant Head","floor":41,"turns":4},{"damage":12,"enemies":"Jaw Worm Horde","floor":42,"turns":5},{"damage":1,"enemies":"Spire Growth","floor":47,"turns":6},{"damage":0,"enemies":"Reptomancer","floor":48,"turns":4},{"damage":52,"enemies":"Awakened One","floor":50,"turns":3}],"seed_played":"2278530910367715940","potions_obtained":[{"floor":1.0,"key":"Strength Potion"},{"floor":8.0,"key":"Explosive Potion"},{"floor":10.0,"key":"SmokeBomb"},{"floor":13.0,"key":"PowerPotion"},{"floor":14.0,"key":"FairyPotion"},{"floor":16.0,"key":"LiquidMemories"},{"floor":18.0,"key":"AttackPotion"},{"floor":20.0,"key":"StancePotion"},{"floor":23.0,"key":"Block Potion"},{"floor":24.0,"key":"SteroidPotion"},{"floor":28.0,"key":"EssenceOfSteel"},{"floor":29.0,"key":"SmokeBomb"},{"floor":30.0,"key":"DuplicationPotion"},{"floor":33.0,"key":"DistilledChaos"},{"floor":37,"key":"FearPotion"},{"floor":42,"key":"PowerPotion"},{"floor":47,"key":"Weak Potion"}],"is_trial":false,"path_per_floor":["M","M","M","M","?","E","?","E","T","M","?","$","M","E","R","B",null,"M","?","M","?","$","E","M","R","T","E","M","E","M","E","R","B",null,"M","?","M","M","M","R","E","M","T","R","?","T","M","E","R","B"],"character_chosen":"WATCHER","items_purchased":["Adaptation","War Paint","Girya"],"campfire_rested":2,"item_purchase_floors":[12,12,22],"current_hp_per_floor":[61,55,52,51,31,25,25,6,6,4,26,26,26,36,36,25,65,54,54,33,14,14,14,9,32,32,18,13,12,12,12,12,12,62,55,55,49,36,36,36,31,19,19,19,19,19,18,18,41,0,0],"gold":1026,"neow_bonus":"BOSS_RELIC","is_daily":false,"chose_seed":false,"campfire_upgraded":0,"win_rate":0.0,"timestamp":1609650120,"path_taken":["M","?","M","M","?","E","?","E","T","?","?","$","M","E","R","BOSS","M","?","M","?","$","E","M","R","T","E","M","E","M","E","R","BOSS","M","?","M","M","M","R","E","M","T","R","?","?","M","E","R","BOSS"],"items_purchased_type":["Card","Relic","Relic"],"build_version":"2020-12-22","purchased_purges":2,"victory":false,"max_hp_per_floor":[68,68,68,68,68,68,68,68,68,68,68,68,68,78,78,78,78,78,78,78,78,78,78,78,78,78,78,78,78,78,78,78,78,78,78,78,78,78,78,78,78,78,78,78,78,78,78,78,78,78,78],"relic_stats":{"counters":[29,168],"Shuriken":[50],"Prayer Wheel":13,"VioletLotus":[67],"Juzu Bracelet":2,"Bag of Preparation":[2],"War Paint":["DeceiveReality","Defend_P"],"Boot":[9],"obtain_stats":[{"Girya":22,"Pear":14,"Vajra":23,"Juzu Bracelet":27,"Bag of Preparation":48,"War Paint":12,"Boot":41,"White Beast Statue":6,"Akabeko":26,"Old Coin":29,"SlaversCollar":34,"Shuriken":9,"Prayer Wheel":8,"Fusion Hammer":0,"VioletLotus":17,"PureWater":0,"Toxic Egg 2":46},{"Girya":12,"Pear":9,"Vajra":13,"Juzu Bracelet":15,"Bag of Preparation":28,"War Paint":7,"Boot":25,"White Beast Statue":5,"Akabeko":14,"Old Coin":17,"SlaversCollar":20,"Shuriken":6,"Prayer Wheel":6,"Fusion Hammer":0,"VioletLotus":10,"PureWater":0,"Toxic Egg 2":26},{"Girya":67,"Pear":37,"Vajra":76,"Juzu Bracelet":88,"Bag of Preparation":165,"War Paint":30,"Boot":150,"White Beast Statue":22,"Akabeko":80,"Old Coin":101,"SlaversCollar":117,"Shuriken":28,"Prayer Wheel":28,"Fusion Hammer":0,"VioletLotus":47,"PureWater":0,"Toxic Egg 2":155}]},"card_choices":[{"not_picked":["WaveOfTheHand","Prostrate"],"picked":"SashWhip","floor":1.0},{"not_picked":["CrushJoints","FlyingSleeves"],"picked":"FearNoEvil","floor":2.0},{"not_picked":["Crescendo","Vengeance"],"picked":"InnerPeace","floor":3.0},{"not_picked":["Vengeance","Crescendo"],"picked":"DeceiveReality","floor":4.0},{"not_picked":["Prostrate","Evaluate"],"picked":"InnerPeace","floor":6.0},{"not_picked":["Wireheading","Devotion","Study"],"picked":"SKIP","floor":8.0},{"not_picked":["Perseverance","Halt"],"picked":"InnerPeace","floor":10.0},{"not_picked":["CutThroughFate","Protect"],"picked":"Meditate","floor":10.0},{"not_picked":["Study","FearNoEvil"],"picked":"CutThroughFate","floor":13.0},{"not_picked":["EmptyFist","Protect"],"picked":"Conclude","floor":13.0},{"not_picked":["Evaluate","CutThroughFate"],"picked":"Wish","floor":14.0},{"not_picked":["DeusExMachina","DevaForm"],"picked":"LessonLearned","floor":16.0},{"not_picked":["Prostrate","Consecrate"],"picked":"MentalFortress+1","floor":18.0},{"not_picked":["Perseverance","ClearTheMind","JustLucky"],"picked":"SKIP","floor":18.0},{"not_picked":["Adaptation","Halt"],"picked":"LikeWater","floor":20.0},{"not_picked":["Prostrate","JustLucky","Perseverance"],"picked":"SKIP","floor":20.0},{"not_picked":["SashWhip+1","Evaluate"],"picked":"LikeWater","floor":23.0},{"not_picked":["PathToVictory","FlurryOfBlows"],"picked":"EmptyFist","floor":24.0},{"not_picked":["ThirdEye+1","CrushJoints+1"],"picked":"InnerPeace","floor":24.0},{"not_picked":["Devotion","SignatureMove"],"picked":"MentalFortress","floor":27.0},{"not_picked":["Meditate","Protect"],"picked":"Wireheading+1","floor":28.0},{"not_picked":["FollowUp","Swivel","Indignation"],"picked":"SKIP","floor":28.0},{"not_picked":["BowlingBash","Prostrate"],"picked":"EmptyBody","floor":29.0},{"not_picked":["CrushJoints","WindmillStrike"],"picked":"MentalFortress","floor":30.0},{"not_picked":["Protect","ClearTheMind"],"picked":"Crescendo","floor":30.0},{"not_picked":["Establishment","Brilliance"],"picked":"Scrawl","floor":33.0},{"not_picked":["Evaluate","JustLucky","CrushJoints"],"picked":"SKIP","floor":35.0},{"not_picked":["Halt","FollowUp","Collect"],"picked":"SKIP","floor":35.0},{"not_picked":["Halt+1","FearNoEvil"],"picked":"DeceiveReality+1","floor":37},{"not_picked":["PathToVictory","FollowUp","SashWhip"],"picked":"SKIP","floor":37},{"not_picked":["Swivel","CarveReality"],"picked":"FlurryOfBlows+1","floor":38},{"not_picked":["WheelKick","Halt"],"picked":"Perseverance+1","floor":38},{"not_picked":["Prostrate","Fasting2"],"picked":"FlurryOfBlows","floor":39},{"not_picked":["PathToVictory+1","Swivel"],"picked":"FlurryOfBlows","floor":39},{"not_picked":["JustLucky+1","SandsOfTime"],"picked":"Devotion","floor":41},{"not_picked":["BowlingBash","Conclude+1"],"picked":"EmptyBody+1","floor":42},{"not_picked":["CrushJoints","FlyingSleeves","ReachHeaven"],"picked":"SKIP","floor":42},{"not_picked":["Collect+1","CrushJoints+1"],"picked":"EmptyBody+1","floor":47},{"not_picked":["SignatureMove","Evaluate+1"],"picked":"EmptyBody+1","floor":47},{"not_picked":["BowlingBash","Protect+1"],"picked":"CutThroughFate+1","floor":48}],"player_experience":1359150,"relics_obtained":[{"floor":6.0,"key":"White Beast Statue"},{"floor":8.0,"key":"Prayer Wheel"},{"floor":9.0,"key":"Shuriken"},{"floor":14.0,"key":"Pear"},{"floor":23.0,"key":"Vajra"},{"floor":26.0,"key":"Akabeko"},{"floor":27.0,"key":"Juzu Bracelet"},{"floor":29.0,"key":"Old Coin"},{"floor":41,"key":"Boot"},{"floor":46,"key":"Toxic Egg 2"},{"floor":48,"key":"Bag of Preparation"}],"event_choices":[{"damage_healed":0.0,"max_hp_gain":0.0,"max_hp_loss":0.0,"gold_gain":0.0,"event_name":"Shining Light","player_choice":"Entered Light","floor":5.0,"gold_loss":0.0,"damage_taken":20.0,"cards_upgraded":["FearNoEvil","Defend_P"]},{"damage_healed":0.0,"max_hp_gain":0.0,"max_hp_loss":0.0,"gold_gain":275.0,"event_name":"Golden Shrine","player_choice":"Desecrate","floor":7.0,"gold_loss":0.0,"damage_taken":0.0,"cards_obtained":["Regret"]},{"damage_healed":22.0,"max_hp_gain":0.0,"max_hp_loss":0.0,"gold_gain":0.0,"event_name":"Big Fish","player_choice":"Banana","floor":11.0,"gold_loss":0.0,"damage_taken":0.0},{"damage_healed":0.0,"max_hp_gain":0.0,"max_hp_loss":0.0,"gold_gain":0.0,"event_name":"Back to Basics","player_choice":"Simplicity","floor":19.0,"gold_loss":0.0,"damage_taken":0.0,"cards_upgraded":["Strike_P","Strike_P","Strike_P","Strike_P","Defend_P","Defend_P"]},{"damage_healed":0.0,"max_hp_gain":0.0,"max_hp_loss":0.0,"gold_gain":180.0,"event_name":"Knowing Skull","player_choice":"GOLD GOLD ","floor":21.0,"potions_obtained":[],"gold_loss":0.0,"damage_taken":19.0,"cards_obtained":[]},{"damage_healed":0.0,"max_hp_gain":0.0,"max_hp_loss":0.0,"gold_gain":0.0,"cards_transformed":["Strike_P"],"event_name":"Transmorgrifier","player_choice":"Transformed","floor":36.0,"gold_loss":0.0,"damage_taken":0.0,"cards_obtained":["Worship"]},{"damage_healed":0,"gold_gain":0,"player_choice":"Forge","damage_taken":0,"max_hp_gain":0,"max_hp_loss":0,"event_name":"Accursed Blacksmith","floor":45,"gold_loss":0,"cards_upgraded":["Devotion"]}],"is_beta":false,"boss_relics":[{"not_picked":["Calling Bell","Philosopher\u0027s Stone"],"picked":"VioletLotus"},{"not_picked":["Sozu","Tiny House"],"picked":"SlaversCollar"}],"items_purged_floors":[12,22],"is_endless":false,"potions_floor_spawned":[1,8,10,13,14,16,18,20,23,24,27,28,29,30,31,33,35,37,38,39,41,42,47,48],"killed_by":"Awakened One","ascension_level":20}}