{"host":"zes78fzwct0uoxij","time":1609695672,"event":{"mods":["BaseMod","Colored Map","Highlight Path","Minty Spire (QoL Compilation)"],"gold_per_floor":[118,128,53,67,67,96,96,96,147,165,184,184,196,196,196,196,196],"floor_reached":16,"playtime":822,"items_purged":["Strike_R"],"score":102,"play_id":"c8e6ab7b-b401-46ca-ac87-7dfda7c0f297","local_time":"20210103184112","is_ascension_mode":false,"campfire_choices":[{"floor":7,"key":"REST"},{"floor":12,"key":"REST"},{"floor":15,"key":"REST"}],"circlet_count":0,"master_deck":["Strike_R","Strike_R","Defend_R","Defend_R","Defend_R","Defend_R","Bash","Shrug It Off","Pommel Strike","Body Slam","Headbutt","Decay"],"relics":["Burning Blood","Darkstone Periapt","Pen Nib","Nunchaku"],"acts_visited":["Exordium"],"potions_floor_usage":[6,11,16],"damage_taken":[{"damage":6,"enemies":"Cultist","floor":1,"turns":3},{"damage":0,"enemies":"Small Slimes","floor":2,"turns":4},{"damage":6,"enemies":"2 Louse","floor":4,"turns":2},{"damage":75,"enemies":"Lagavulin","floor":6,"turns":10},{"damage":5,"enemies":"Lots of Slimes","floor":10,"turns":6},{"damage":19,"enemies":"Gremlin Gang","floor":11,"turns":6},{"damage":4,"enemies":"Looter","floor":13,"turns":3},{"damage":76,"enemies":"Hexaghost","floor":16,"turns":11}],"seed_played":"-5652552241910861224","potions_obtained":[{"floor":1,"key":"Dexterity Potion"},{"floor":4,"key":"SpeedPotion"},{"floor":11,"key":"Explosive Potion"},{"floor":13,"key":"Strength Potion"}],"is_trial":false,"path_per_floor":["M","M","$","M","T","E","R","?","T","M","M","R","M","?","R","B"],"character_chosen":"IRONCLAD","items_purchased":[],"campfire_rested":3,"item_purchase_floors":[],"current_hp_per_floor":[80,80,80,80,80,11,35,28,28,29,16,40,42,48,73,0,0],"gold":196,"neow_bonus":"REMOVE_CARD","is_daily":false,"chose_seed":false,"campfire_upgraded":0,"win_rate":0.0,"timestamp":1609695672,"path_taken":["M","M","?","?","?","E","R","?","T","M","M","R","M","?","R","BOSS"],"items_purchased_type":[],"build_version":"2020-12-22","purchased_purges":1,"victory":false,"max_hp_per_floor":[80,80,80,80,80,80,80,80,80,80,80,80,80,86,86,86,86],"card_choices":[{"not_picked":["Carnage","Feel No Pain"],"picked":"Shrug It Off","floor":1},{"not_picked":["Warcry","Fire Breathing"],"picked":"Pommel Strike","floor":2},{"not_picked":["Clash","Twin Strike"],"picked":"Body Slam","floor":4},{"not_picked":["Clash","Second Wind","Warcry"],"picked":"SKIP","floor":6},{"not_picked":["Havoc","Infernal Blade","Wild Strike"],"picked":"SKIP","floor":10},{"not_picked":["Uppercut","Clothesline","Feed"],"picked":"SKIP","floor":11},{"not_picked":["Inflame","Clash"],"picked":"Headbutt","floor":13}],"player_experience":580500,"relics_obtained":[{"floor":5,"key":"Darkstone Periapt"},{"floor":6,"key":"Pen Nib"},{"floor":9,"key":"Nunchaku"}],"event_choices":[{"cards_removed":["Strike_R"],"damage_healed":0,"gold_gain":0,"player_choice":"Card Removal","damage_taken":7,"max_hp_gain":0,"max_hp_loss":0,"event_name":"Golden Wing","floor":8,"gold_loss":0},{"damage_healed":0,"gold_gain":0,"player_choice":"Cursed","damage_taken":0,"max_hp_gain":0,"max_hp_loss":0,"event_name":"Wheel of Change","floor":14,"gold_loss":0,"cards_obtained":["Decay"]}],"is_beta":false,"boss_relics":[],"items_purged_floors":[3],"is_endless":false,"potions_floor_spawned":[1,4,11,13],"killed_by":"Hexaghost","ascension_level":0}}