{"host":"rcanb95qz4o6v6pp","time":1609690500,"event":{"mods":["AchievementEnabler","BaseMod","Better Third Choice","BetterRewards","Clawfect","Colored Map","Downfall","Googly Eyes","Minty Spire (QoL Compilation)","Replay The Spire","Spicy Shops","StSLib","The Blue Laboratory"],"gold_per_floor":[113,113,42,58,70,100,114,114,114,114,149,175,175,190,190,285,285,297,11,11,11,26,53,53,66,66,66,92,124,158,205,205,310,310,329,329,340,68,114,149,174,25,25,44,44,79,111,43,43,43,43,43,43,71,71],"floor_reached":56,"playtime":21125,"items_purged":["Rebound"],"score":1937,"play_id":"c401796f-b45a-4943-a040-c75da4b58c87","local_time":"20210103111500","daily_mods":["Draft","Heirloom","Flight","DeadlyEvents"],"is_ascension_mode":false,"campfire_choices":[{"data":"Chaos","floor":8.0,"key":"SMITH"},{"floor":10.0,"key":"REST"},{"floor":13.0,"key":"REST"},{"data":"White Noise","floor":24.0,"key":"PURGE"},{"data":"Defragment","floor":27.0,"key":"PURGE"},{"data":"Chaos+1","floor":32.0,"key":"PURGE"},{"floor":45,"key":"RECALL"},{"data":"Capacitor","floor":49,"key":"SMITH"},{"data":"Tempest","floor":52,"key":"SMITH"}],"circlet_count":0,"master_deck":["Clawfect:ClawSnap","Capacitor+1","Clawfect:ClawSnap","Tempest+1","Clawfect:ClawCell","Steam+1","Clawfect:ClawLightning","Clawfect:ClawLightning","Clawfect:ClawAndGloom+1","Clawfect:ClawForTheEyes","Clawfect:ClawSnap","Gash","Clawfect:ClawAndTear","Clawfect:ClawLightning","Clawfect:Clawter","Clawfect:Clawrage","Clawfect:Clawter","Clawfect:ClawCell+1","Gash","Clawfect:ClawForTheEyes+1","Clawfect:ClawSnap+1","Clawfect:ClawSnap+1","ReplayRNGCard+1"],"relics":["Clawfect:DRClaw","Ring of Chaos","Unceasing Top","Omamori","Gremlin Food","Snack Pack","Ginger","Black Star","Ornamental Fan","Peace Pipe","Dream Catcher","Geode","CaptainsWheel","PreservedInsect","Pen Nib","Replay:Bottled Steam","Matryoshka","Toxic Egg 2","Pet Ghost","Philosopher\u0027s Stone","Replay:Wax Seal","Vajra","Bottled Flame","hexamod:BolsterEngine","ReplayFunnel","Pear","Regal Pillow","Replay:Baseball","StrikeDummy","Pondfish Scales","Solar Panel","Ice Cream","Ancient Tea Set","Replay:Antivirus Software","Anchor","Bag of Preparation"],"acts_visited":["Exordium","TheCity","TheBeyond","TheEnding"],"potions_floor_usage":[55,55,55],"damage_taken":[{"damage":11.0,"enemies":"Jaw Worm","floor":1.0,"turns":2.0},{"damage":0.0,"enemies":"Cultist","floor":4.0,"turns":2.0},{"damage":1.0,"enemies":"2 Louse","floor":5.0,"turns":2.0},{"damage":0.0,"enemies":"3 Sentries","floor":6.0,"turns":3.0},{"damage":14.0,"enemies":"Exordium Thugs","floor":7.0,"turns":2.0},{"damage":0.0,"enemies":"Gremlin Nob","floor":11.0,"turns":1.0},{"damage":0.0,"enemies":"Replay:BlueRogue","floor":12.0,"turns":2.0},{"damage":0.0,"enemies":"2 Fungi Beasts","floor":14.0,"turns":1.0},{"damage":0.0,"enemies":"Slime Boss","floor":16.0,"turns":2.0},{"damage":1.0,"enemies":"2 Thieves","floor":18.0,"turns":2.0},{"damage":0.0,"enemies":"Spheric Guardian","floor":22.0,"turns":1.0},{"damage":0.0,"enemies":"Replay:Snechameleon","floor":23.0,"turns":2.0},{"damage":0.0,"enemies":"Snake Plant","floor":25.0,"turns":2.0},{"damage":0.0,"enemies":"Slavers","floor":28.0,"turns":1.0},{"damage":0.0,"enemies":"Gremlin Leader","floor":29.0,"turns":1.0},{"damage":8.0,"enemies":"Book of Stabbing","floor":30.0,"turns":2.0},{"damage":0.0,"enemies":"Champ","floor":33.0,"turns":1.0},{"damage":0.0,"enemies":"3 Darklings","floor":35.0,"turns":2.0},{"damage":0.0,"enemies":"Orb Walker","floor":37.0,"turns":1.0},{"damage":18,"enemies":"R_Hoarder","floor":39,"turns":3},{"damage":0,"enemies":"Giant Head","floor":40,"turns":1},{"damage":0,"enemies":"R_Hoarder","floor":41,"turns":3},{"damage":0,"enemies":"Transient","floor":44,"turns":1},{"damage":0,"enemies":"Reptomancer","floor":46,"turns":1},{"damage":0,"enemies":"Giant Head","floor":47,"turns":1},{"damage":0,"enemies":"Time Eater","floor":50,"turns":2},{"damage":0,"enemies":"Shield and Spear","floor":54,"turns":1},{"damage":49,"enemies":"The Heart","floor":55,"turns":4}],"seed_played":"-8147195642292806786","potions_obtained":[{"floor":1.0,"key":"Cursed Concoction"},{"floor":12.0,"key":"ColorlessPotion"},{"floor":15.0,"key":"Guardian:BlockOnCardUsePotion"},{"floor":35.0,"key":"BlessingOfTheForge"}],"is_trial":true,"path_per_floor":["M","?","$","M","M","E","M","R","T","R","E","E","R","M","R_BF","B",null,"M","$","?","$","M","E","R","M","T","R","E","E","E","T","R","B",null,"M","?","M","$","E","E","E","$","T","M","R","E","E","$","R","B",null,"R","$","E","B",null],"character_chosen":"DEFECT","items_purchased":["Clawfect:ClawAndTear","Clawfect:Clawrage","Ornamental Fan","Replay:Wax Seal","Vajra","Replay:Baseball","ReplayRNGCard+1"],"campfire_rested":2,"item_purchase_floors":[3,19,19,38,38,42,48],"current_hp_per_floor":[64,57,57,57,56,56,42,42,42,64,64,70,75,75,75,75,75,75,75,75,75,75,75,75,75,75,75,75,75,71,71,71,75,75,75,75,75,75,57,65,85,85,85,85,85,85,85,85,85,85,85,85,85,85,42],"gold":71,"neow_bonus":"","is_daily":false,"chose_seed":false,"campfire_upgraded":3,"win_rate":0.0,"timestamp":1609690500,"path_taken":["M","?","?","M","?","E","?","R","T","R","?","E","R","M","R_BF","BOSS","M","$","?","?","?","E","R","M","T","R","E","?","E","?","R","BOSS","M","?","?","$","?","E","E","?","T","?","R","E","?","$","R","BOSS","R","$","E","BOSS"],"items_purchased_type":["Card","Card","Relic","Relic","Relic","Relic","Card"],"build_version":"2020-12-22","purchased_purges":1,"victory":true,"max_hp_per_floor":[75,75,75,75,75,75,75,75,75,75,75,75,75,75,75,75,75,75,75,75,75,75,75,75,75,75,75,75,75,75,75,75,75,75,75,75,75,75,75,75,85,85,85,85,85,85,85,85,85,85,85,85,85,85,85],"card_choices":[{"not_picked":["Coolheaded","Loop"],"picked":"Clawfect:ClawSnap","floor":0.0},{"not_picked":["Undo","Clawfect:Clawter"],"picked":"Capacitor","floor":0.0},{"not_picked":["Turbo","Clawfect:ClawingBeam"],"picked":"Clawfect:ClawSnap","floor":0.0},{"not_picked":["BasicCrystalCard","FTL"],"picked":"Tempest","floor":0.0},{"not_picked":["Hologram","Clawfect:ClawpileDriver"],"picked":"Clawfect:ClawCell","floor":0.0},{"not_picked":["Clawfect:ClawingBeam","Clawfect:ClawLightning"],"picked":"Steam","floor":0.0},{"not_picked":["Turbo","Double Energy"],"picked":"Chaos","floor":0.0},{"not_picked":["BasicCrystalCard","Clawfect:ClawCell"],"picked":"Clawfect:ClawLightning","floor":0.0},{"not_picked":["Coolheaded","Panic Button"],"picked":"Clawfect:ClawLightning","floor":0.0},{"not_picked":["Stack","Consume"],"picked":"Clawfect:ClawAndGloom","floor":0.0},{"not_picked":["Aggregate","Heatsinks"],"picked":"Clawfect:ClawForTheEyes","floor":0.0},{"not_picked":["ReplayTheSpireMod:Reroute Power","Steam"],"picked":"Defragment","floor":0.0},{"not_picked":["Hello World","Aggregate"],"picked":"Clawfect:ClawSnap","floor":0.0},{"not_picked":["Chaos","Time Bomb"],"picked":"Gash","floor":0.0},{"not_picked":["Turbo","Coolheaded"],"picked":"Glacier","floor":0.0},{"not_picked":["Turbo","Redo","Crystallizer"],"picked":"SKIP","floor":1.0},{"not_picked":["ReplayTheSpireMod:Reroute Power","Leap","Aggregate"],"picked":"SKIP","floor":4.0},{"not_picked":["BasicCrystalCard","Redo","Turbo"],"picked":"SKIP","floor":5.0},{"not_picked":["Auto Shields","Steam"],"picked":"Clawfect:ClawLightning","floor":6.0},{"not_picked":["Clawfect:ClawCell","Clawfect:Clawrage"],"picked":"Clawfect:Clawter","floor":7.0},{"not_picked":["Conserve Battery","ReplayGash","Clawfect:Clawline"],"picked":"SKIP","floor":11.0},{"not_picked":["ReplayTheSpireMod:Calculation Training","Tempest"],"picked":"Rebound","floor":12.0},{"not_picked":["Self Repair","ReplayTheSpireMod:System Scan","Auto Shields"],"picked":"SKIP","floor":14.0},{"not_picked":["Coolheaded","Clawfect:Clawline","Steam Power"],"picked":"SKIP","floor":18.0},{"not_picked":["Undo+1","BasicCrystalCard"],"picked":"Clawfect:Clawter","floor":22.0},{"not_picked":["BasicCrystalCard","Panic Button"],"picked":"White Noise","floor":23.0},{"not_picked":["Static Discharge","Clawfect:Clawrage"],"picked":"Clawfect:ClawCell+1","floor":25.0},{"not_picked":["Hello World","Lockon+1","BasicCrystalCard"],"picked":"SKIP","floor":28.0},{"not_picked":["Clawfect:ScrapingClaw","Glacier+1"],"picked":"Gash","floor":29.0},{"not_picked":["Thunder Strike","BasicCrystalCard","Double Energy"],"picked":"SKIP","floor":30.0},{"not_picked":["Clawfect:Clawline+1","Clawfect:ScrapingClaw+1","Darkness+1"],"picked":"SKIP","floor":35.0},{"not_picked":["Conserve Battery+1","ReplayTheSpireMod:Reroute Power+1"],"picked":"Clawfect:ClawForTheEyes+1","floor":37},{"not_picked":["FIFO Queue+1","Clawfect:ClawForTheEyes","Reinforced Body+1"],"picked":"SKIP","floor":39},{"not_picked":["Clawfect:ClawCell+1","Static Discharge+1"],"picked":"Clawfect:ClawSnap+1","floor":40},{"not_picked":["Clawfect:ScrapingClaw","Self Repair+1","Clawfect:ClawForTheEyes+1"],"picked":"SKIP","floor":41},{"not_picked":["FIFO Queue","Clawfect:Clawline+1","Clawfect:ClawAndGloom+1"],"picked":"SKIP","floor":44},{"not_picked":["ReplayTheSpireMod:System Scan+1","Recycle+1","ReplayTheSpireMod:Omega Cannon"],"picked":"SKIP","floor":46},{"not_picked":["FTL","Loop+1"],"picked":"Clawfect:ClawSnap+1","floor":47},{"not_picked":["BasicCrystalCard+1","Conserve Battery+1","Clawfect:ClawpileDriver"],"picked":"SKIP","floor":54}],"player_experience":1819647,"relics_obtained":[{"floor":6.0,"key":"Omamori"},{"floor":9.0,"key":"Gremlin Food"},{"floor":11.0,"key":"Snack Pack"},{"floor":12.0,"key":"Ginger"},{"floor":23.0,"key":"Peace Pipe"},{"floor":23.0,"key":"Dream Catcher"},{"floor":28.0,"key":"Geode"},{"floor":28.0,"key":"CaptainsWheel"},{"floor":29.0,"key":"PreservedInsect"},{"floor":29.0,"key":"Pen Nib"},{"floor":30.0,"key":"Replay:Bottled Steam"},{"floor":30.0,"key":"Matryoshka"},{"floor":31.0,"key":"Toxic Egg 2"},{"floor":31.0,"key":"Pet Ghost"},{"floor":39,"key":"Bottled Flame"},{"floor":40,"key":"hexamod:BolsterEngine"},{"floor":40,"key":"ReplayFunnel"},{"floor":41,"key":"Pear"},{"floor":41,"key":"Regal Pillow"},{"floor":43,"key":"StrikeDummy"},{"floor":43,"key":"Pondfish Scales"},{"floor":46,"key":"Solar Panel"},{"floor":46,"key":"Ice Cream"},{"floor":47,"key":"Ancient Tea Set"},{"floor":47,"key":"Replay:Antivirus Software"},{"floor":54,"key":"Anchor"},{"floor":54,"key":"Bag of Preparation"}],"event_choices":[{"cards_removed":["Glacier"],"damage_healed":0.0,"max_hp_gain":0.0,"max_hp_loss":0.0,"gold_gain":0.0,"event_name":"Golden Wing","player_choice":"Card Removal","floor":2.0,"gold_loss":0.0,"damage_taken":7.0},{"damage_healed":0.0,"max_hp_gain":0.0,"max_hp_loss":0.0,"gold_gain":0.0,"event_name":"Vampires","player_choice":"Ignored","floor":20.0,"gold_loss":0.0,"damage_taken":0.0},{"damage_healed":0.0,"max_hp_gain":0.0,"max_hp_loss":0.0,"gold_gain":0.0,"event_name":"SensoryStone","player_choice":"Memory 1","floor":36.0,"gold_loss":0.0,"damage_taken":0.0}],"is_beta":false,"boss_relics":[{"not_picked":["Fusion Hammer","SlaversCollar"],"picked":"Black Star"},{"not_picked":["ChewingGum","Honey Jar"],"picked":"Philosopher\u0027s Stone"}],"items_purged_floors":[38],"is_endless":false,"potions_floor_spawned":[1,4,12,18,29,35,41,47,54],"ascension_level":0}}