{"host":"sum4dy402bbv9y4o","time":1609644812,"event":{"mods":["Aspiration","BaseMod","Conspire","Highlight Path","Minty Spire (QoL Compilation)","StSLib"],"gold_per_floor":[112,0,0,12,12,42,42,17,41,58,58,88,104,29,29,100,100,111,130,130,144,3,3,17,17,40,40,40,40,40,51,51,51,51],"floor_reached":33,"playtime":962,"items_purged":["conspire:GhostlyStrike"],"score":581,"play_id":"c2d00c88-6146-459e-8e73-9ee8fcc98f97","local_time":"20210103063332","is_ascension_mode":true,"campfire_choices":[{"data":"Eruption","floor":7,"key":"SMITH"},{"data":"Conclude","floor":11,"key":"SMITH"},{"data":"Wallop","floor":15,"key":"SMITH"},{"floor":23,"key":"REST"},{"data":"FollowUp","floor":27,"key":"SMITH"},{"data":"Vigilance","floor":29,"key":"SMITH"},{"floor":32,"key":"REST"}],"circlet_count":0,"master_deck":["AscendersBane","conspire:GhostlyStrike+1","conspire:GhostlyStrike+1","conspire:GhostlyStrike+1","conspire:GhostlyDefend+1","conspire:GhostlyDefend+1","conspire:GhostlyDefend+1","conspire:GhostlyDefend+1","Eruption+1","Vigilance+1","FollowUp+1","EmptyFist","Conclude+1","BowlingBash","EmptyFist","Consecrate","FollowUp+1","Wallop+1","Brilliance","FollowUp+1","Perseverance","CutThroughFate","Halt","EmptyBody","Protect"],"relics":["PureWater","aspiration:Nostalgia","Ring of the Snake","Bag of Preparation","Art of War","GoldenEye","VioletLotus","conspire:DeflatedDodgeball","Whetstone"],"acts_visited":["Exordium","TheCity"],"potions_floor_usage":[6,6,12,16,24,24,33],"damage_taken":[{"damage":14,"enemies":"Small Slimes","floor":1,"turns":5},{"damage":10,"enemies":"2 Louse","floor":4,"turns":3},{"damage":0,"enemies":"Gremlin Nob","floor":6,"turns":2},{"damage":0,"enemies":"Jaw Worm","floor":10,"turns":1},{"damage":2,"enemies":"3 Sentries","floor":12,"turns":3},{"damage":0,"enemies":"Exordium Wildlife","floor":13,"turns":2},{"damage":32,"enemies":"The Guardian","floor":16,"turns":10},{"damage":21,"enemies":"3 Byrds","floor":18,"turns":5},{"damage":0,"enemies":"Spheric Guardian","floor":19,"turns":2},{"damage":14,"enemies":"Snecko","floor":21,"turns":4},{"damage":0,"enemies":"Chosen and Byrds","floor":24,"turns":4},{"damage":16,"enemies":"Snake Plant","floor":31,"turns":4},{"damage":73,"enemies":"Automaton","floor":33,"turns":8}],"seed_played":"1560259685361687054","potions_obtained":[{"floor":1,"key":"Strength Potion"},{"floor":10,"key":"Swift Potion"},{"floor":13,"key":"BlessingOfTheForge"},{"floor":21,"key":"ColorlessPotion"},{"floor":31,"key":"conspire:TimeTravelPotion"}],"is_trial":false,"path_per_floor":["M","$","?","M","?","E","R","$","T","M","R","E","M","$","R","B",null,"M","M","T","M","$","R","M","?","T","R","?","R","?","M","R","B"],"character_chosen":"WATCHER","items_purchased":["EmptyFist","BlessingOfTheForge","EmptyFist","Halt","DuplicationPotion"],"campfire_rested":2,"item_purchase_floors":[2,2,8,22,22],"current_hp_per_floor":[47,47,47,37,37,37,37,37,37,37,37,35,35,35,35,3,52,31,31,31,17,17,37,37,37,37,37,40,40,40,24,44,0,0],"gold":51,"neow_bonus":"NOSTALGIA","is_daily":false,"chose_seed":false,"campfire_upgraded":5,"win_rate":0.0,"timestamp":1609644812,"path_taken":["M","$","?","M","?","E","R","?","T","?","R","E","M","$","R","BOSS","M","M","?","M","?","R","M","?","T","R","?","R","?","?","R","BOSS"],"items_purchased_type":["Card","Potion","Card","Card","Potion"],"build_version":"2020-12-22","purchased_purges":1,"victory":false,"max_hp_per_floor":[68,68,68,68,68,68,68,68,68,68,68,68,68,68,68,68,68,68,68,68,68,68,68,68,68,68,68,68,68,68,68,68,68,68],"card_choices":[{"not_picked":["ForeignInfluence","Pray"],"picked":"FollowUp","floor":1},{"not_picked":["Adaptation","Weave"],"picked":"Conclude","floor":4},{"not_picked":["Vault","EmptyBody"],"picked":"BowlingBash","floor":6},{"not_picked":["CutThroughFate","Crescendo"],"picked":"Consecrate","floor":10},{"not_picked":["Establishment","Meditate"],"picked":"FollowUp","floor":12},{"not_picked":["ThirdEye","Consecrate"],"picked":"Wallop","floor":13},{"not_picked":["Blasphemy","Scrawl"],"picked":"Brilliance","floor":16},{"not_picked":["Evaluate","Crescendo"],"picked":"FollowUp","floor":18},{"not_picked":["WreathOfFlame","Collect+1"],"picked":"Perseverance","floor":19},{"not_picked":["Indignation","Alpha"],"picked":"CutThroughFate","floor":21},{"not_picked":["FlyingSleeves","CrushJoints"],"picked":"EmptyBody","floor":24},{"not_picked":["EmptyFist","CarveReality+1"],"picked":"Protect","floor":31}],"player_experience":2897875,"relics_obtained":[{"floor":6,"key":"Bag of Preparation"},{"floor":9,"key":"Art of War"},{"floor":12,"key":"GoldenEye"},{"floor":20,"key":"conspire:DeflatedDodgeball"},{"floor":26,"key":"Whetstone"}],"event_choices":[{"damage_healed":0,"gold_gain":0,"player_choice":"Agree","damage_taken":0,"max_hp_gain":0,"max_hp_loss":0,"event_name":"conspire:LoneGhost","floor":3,"gold_loss":0},{"damage_healed":0,"gold_gain":0,"player_choice":"Ignored","damage_taken":0,"max_hp_gain":0,"max_hp_loss":0,"event_name":"Ghosts","floor":25,"gold_loss":0},{"damage_healed":0,"gold_gain":0,"player_choice":"Simplicity","damage_taken":0,"max_hp_gain":0,"max_hp_loss":0,"event_name":"Back to Basics","floor":30,"gold_loss":0,"cards_upgraded":["conspire:GhostlyStrike","conspire:GhostlyStrike","conspire:GhostlyStrike","conspire:GhostlyDefend","conspire:GhostlyDefend","conspire:GhostlyDefend","conspire:GhostlyDefend"]}],"is_beta":false,"boss_relics":[{"not_picked":["conspire:RoyalGoblet","aspiration:DefectSkillbook"],"picked":"VioletLotus"}],"items_purged_floors":[14],"is_endless":false,"potions_floor_spawned":[1,10,13,21,31],"killed_by":"Automaton","ascension_level":20}}