{"host":"3vgzk5mhz751jdrj","time":1609668771,"event":{"mods":["2.2 Compatiblity","AchievementEnabler","Act Like it!","Aspiration","BaseMod","Better Match","Better Note","Better Sensory Stone","Better Skull","Better Third Choice","Block Reminder","Colored Map","Conspire","Displayed Cursed Tome","Downfall","Downfall-Rebalance","Friendly Minions","GifTheSpireLib","Halation","Hubris","Marked Mod","Mimic Mod","Minty Spire (QoL Compilation)","Quick Restart","Rare Cards Sparkle","Replay The Spire","Reworked Bosses","Shop Mod","Spicy Shops","Spikes Relics","StSLib","Stuff the Spire","The Dragon Tamer","The Marked","Trackpad","vexMod"],"gold_per_floor":[117,92,92,103,114,144,164,191,191,63,63,63,90,90,90,191,191,205,205,224,224,224,224,258,292,292,292,305,255,11,28,28,130,130,144,144,244,263,268,268],"floor_reached":39,"playtime":1809,"items_purged":["theMarked:Strike"],"score":511,"play_id":"15b60ad1-d01a-4aee-b934-60915971c1ac","local_time":"20210103051251","is_ascension_mode":true,"campfire_choices":[{"floor":12.0,"key":"REST"},{"floor":15.0,"key":"REST"},{"data":"theMarked:ComboAttacks","floor":23.0,"key":"SMITH"},{"floor":27.0,"key":"REST"},{"floor":32.0,"key":"REST"}],"circlet_count":0,"master_deck":["theMarked:Strike","theMarked:Strike","theMarked:Strike","theMarked:Strike","theMarked:Defend","theMarked:Defend","theMarked:Defend","theMarked:Defend","theMarked:SoldierOfQuellstein","theMarked:Electrocute","theMarked:ChainLightning","theMarked:GodGivenPower","theMarked:ElectricStrings","theMarked:Polarize","theMarked:ComboAttacks+1","theMarked:ElementalBlade","Parasite","theMarked:EternalStudent","theMarked:CreepingChasm+1","StuffTheSpire:CelestialWarden","theMarked:MaelstromOfLightning","theMarked:Overcharge","theMarked:MagicAdept","StuffTheSpire:FreeRealEstate","expansioncontent:QuickStudy","theMarked:Generate+1"],"relics":["theMarked:BronzeBlade","hubris:MysteriousPyramids","StuffTheSpire:Expresso","halation:TwoAmDonut","Ornamental Fan","vexMod:BigBerry","MutagenicStrength","Mango","halation:BlackBeret","hubris:BottledRain"],"acts_visited":["Exordium","TheCity","TheBeyond"],"potions_floor_usage":[],"damage_taken":[{"damage":0.0,"enemies":"Small Slimes","floor":1.0,"turns":3.0},{"damage":1.0,"enemies":"Jaw Worm","floor":4.0,"turns":3.0},{"damage":0.0,"enemies":"Cultist","floor":5.0,"turns":4.0},{"damage":24.0,"enemies":"Gremlin Nob","floor":6.0,"turns":4.0},{"damage":26.0,"enemies":"Large Slime","floor":7.0,"turns":4.0},{"damage":16.0,"enemies":"Lagavulin","floor":8.0,"turns":7.0},{"damage":27.0,"enemies":"Gremlin Nob","floor":13.0,"turns":5.0},{"damage":33.0,"enemies":"The Guardian","floor":16.0,"turns":10.0},{"damage":22.0,"enemies":"Spheric Guardian","floor":18.0,"turns":4.0},{"damage":15.0,"enemies":"Chosen","floor":20.0,"turns":5.0},{"damage":29.0,"enemies":"Book of Stabbing","floor":24.0,"turns":6.0},{"damage":10.0,"enemies":"Shelled Parasite and Fungi","floor":25.0,"turns":6.0},{"damage":44.0,"enemies":"Shelled Parasite and Fungi","floor":28.0,"turns":5.0},{"damage":12.0,"enemies":"Snake Plant","floor":31.0,"turns":4.0},{"damage":46.0,"enemies":"conspire:MysteriousRune","floor":33.0,"turns":8.0},{"damage":18.0,"enemies":"Orb Walker","floor":35.0,"turns":3.0},{"damage":27.0,"enemies":"3 Darklings","floor":38.0,"turns":5.0},{"damage":90,"enemies":"Spire Growth","floor":39,"turns":6}],"seed_played":"8165045545501724415","potions_obtained":[{"floor":8.0,"key":"SpeedPotion"},{"floor":16.0,"key":"Adrenaline Potion"},{"floor":20.0,"key":"Explosive Potion"},{"floor":31.0,"key":"Milkshake"},{"floor":35.0,"key":"Fire Potion"}],"is_trial":false,"path_per_floor":["M","?","T","M","M","E","M","E","T","$","?","R","E","?","R","B",null,"M","?","M","?","?","R","E","MIM","T","R","M","?","$","M","R","B",null,"M","?","?","M","M"],"character_chosen":"THE_DEFAULT","items_purchased":["theMarked:ElementalBlade","hubris:BottledRain"],"campfire_rested":4,"item_purchase_floors":[10,30],"current_hp_per_floor":[70,70,70,69,69,45,19,3,3,3,20,41,14,14,35,2,100,78,78,63,63,63,63,48,38,38,72,28,28,28,16,50,4,114,96,96,96,69,0,0],"gold":268,"neow_bonus":"THREE_CARDS","is_daily":false,"chose_seed":false,"campfire_upgraded":1,"win_rate":0.0,"timestamp":1609668771,"path_taken":["M","?","?","M","?","E","M","E","T","$","?","R","E","?","R","BOSS","M","?","?","?","?","R","E","?","T","R","M","?","$","?","R","BOSS","M","?","?","?","?"],"items_purchased_type":["Card","Relic"],"build_version":"2020-12-22","purchased_purges":1,"victory":false,"max_hp_per_floor":[70,70,70,70,70,70,70,70,70,70,70,70,70,70,70,70,100,100,100,100,100,100,100,114,114,114,114,114,114,114,114,114,114,114,114,114,114,114,114,114],"card_choices":[{"not_picked":["theMarked:Parry","theMarked:BanishingStrike"],"picked":"theMarked:Electrocute","floor":0.0},{"not_picked":["theMarked:SwordAndMagic","theMarked:BanishingStrike"],"picked":"theMarked:ChainLightning","floor":1.0},{"not_picked":["theMarked:BanishingStrike","theMarked:HeritageOfTheMarked"],"picked":"theMarked:GodGivenPower","floor":4.0},{"not_picked":["theMarked:Improvise","theMarked:Static"],"picked":"theMarked:ElectricStrings","floor":5.0},{"not_picked":["theMarked:ChainLightning","theMarked:KeepCalmAndFightOn"],"picked":"theMarked:Polarize","floor":6.0},{"not_picked":["theMarked:WastefulAttack","theMarked:WardOff","theMarked:ChainLightning"],"picked":"SKIP","floor":7.0},{"not_picked":["theMarked:TurnInvisible","theMarked:RepellingDischarge"],"picked":"theMarked:ComboAttacks","floor":8.0},{"not_picked":["theMarked:WastefulDefense","theMarked:HeritageOfTheMarked","theMarked:Parry"],"picked":"SKIP","floor":13.0},{"not_picked":["theMarked:MagicAdept","theMarked:SuspiciousRaven"],"picked":"theMarked:EternalStudent","floor":16.0},{"not_picked":["theMarked:WastefulAttack","theMarked:EmpowerWeapon","theMarked:BanishingStrike"],"picked":"SKIP","floor":18.0},{"not_picked":["theMarked:ShockingTouch+1","theMarked:Opportunist+1"],"picked":"theMarked:CreepingChasm+1","floor":19.0},{"not_picked":["theMarked:WardOff+1","theMarked:WastefulAttack","theMarked:ElectricStrings"],"picked":"SKIP","floor":20.0},{"not_picked":["StuffTheSpire:Ambrosia","StuffTheSpire:Perfection"],"picked":"StuffTheSpire:CelestialWarden","floor":21.0},{"not_picked":["theMarked:Indomitable","theMarked:WardOff"],"picked":"theMarked:MaelstromOfLightning","floor":24.0},{"not_picked":["theMarked:WastefulAttack","theMarked:Frustration"],"picked":"theMarked:Overcharge","floor":25.0},{"not_picked":["theMarked:WastefulAttack","theMarked:ResourceFulStrike","theMarked:Improvise"],"picked":"SKIP","floor":28.0},{"not_picked":["theMarked:ResourceFulStrike","theMarked:ElectricStrings","theMarked:Parry"],"picked":"SKIP","floor":31.0},{"not_picked":["theMarked:Challenge","theMarked:TakeOffHeels"],"picked":"theMarked:MagicAdept","floor":33.0},{"not_picked":["theMarked:Parkour","theMarked:ChainLightning","theMarked:Opportunist+1"],"picked":"SKIP","floor":35.0},{"not_picked":["expansioncontent:TimeRipple","Replay:SS_forest_6"],"picked":"StuffTheSpire:FreeRealEstate","floor":36.0},{"not_picked":["expansioncontent:DefensiveStance","expansioncontent:ChargeUp"],"picked":"expansioncontent:QuickStudy","floor":36.0},{"not_picked":["theMarked:HeightenedSenses+1","theMarked:MysticalArsenal+1"],"picked":"theMarked:Generate+1","floor":38.0}],"player_experience":434786,"relics_obtained":[{"floor":3.0,"key":"hubris:MysteriousPyramids"},{"floor":6.0,"key":"StuffTheSpire:Expresso"},{"floor":8.0,"key":"Smiling Mask"},{"floor":9.0,"key":"halation:TwoAmDonut"},{"floor":13.0,"key":"Ornamental Fan"},{"floor":24.0,"key":"Mango"},{"floor":26.0,"key":"halation:BlackBeret"}],"event_choices":[{"damage_healed":17.0,"max_hp_gain":0.0,"max_hp_loss":0.0,"gold_gain":0.0,"event_name":"Mushrooms","player_choice":"Healed and dodged fight","floor":11.0,"gold_loss":0.0,"damage_taken":0.0,"cards_obtained":["Parasite"]},{"damage_healed":14.0,"max_hp_gain":0.0,"max_hp_loss":70.0,"gold_gain":0.0,"event_name":"betterThird:BetterShining","player_choice":"Leave","floor":14.0,"gold_loss":0.0,"damage_taken":0.0},{"damage_healed":0.0,"max_hp_gain":0.0,"max_hp_loss":0.0,"gold_gain":0.0,"event_name":"betterMatch:BetterMatch","player_choice":"2","floor":19.0,"gold_loss":0.0,"damage_taken":0.0,"cards_obtained":["betterMatch:CommonCard","betterMatch:UncommonCard"]},{"damage_healed":0.0,"max_hp_gain":0.0,"max_hp_loss":0.0,"gold_gain":0.0,"event_name":"Drug Dealer","player_choice":"Inject Mutagens","floor":22.0,"gold_loss":0.0,"damage_taken":0.0,"relics_obtained":["MutagenicStrength"]},{"damage_healed":0.0,"max_hp_gain":0.0,"max_hp_loss":0.0,"gold_gain":0.0,"event_name":"The Joust","player_choice":"Bet on Owner","floor":29.0,"gold_loss":50.0,"damage_taken":0.0},{"damage_healed":0.0,"max_hp_gain":0.0,"max_hp_loss":0.0,"gold_gain":3.0,"event_name":"betterStone:BetterStone","player_choice":"1","floor":36.0,"gold_loss":0.0,"damage_taken":0.0},{"damage_healed":0.0,"max_hp_gain":0.0,"max_hp_loss":0.0,"gold_gain":100.0,"event_name":"Golden Shrine","player_choice":"Pray","floor":37.0,"gold_loss":0.0,"damage_taken":0.0}],"is_beta":false,"boss_relics":[{"not_picked":["Tiny House","StuffTheSpire:RunicHypercube"],"picked":"vexMod:BigBerry"},{"not_picked":["halation:CatFaceCupcake","Replay:Ancient Bell"],"picked":"theMarked:BronzeBlade"}],"items_purged_floors":[10],"is_endless":false,"potions_floor_spawned":[8,16,20,31,35],"killed_by":"Spire Growth","ascension_level":1}}