{"host":"kev6uqotw4tlyx8l","time":1609649036,"event":{"mods":["Act Like it!","Aspiration","BaseMod","Colored Powertips","Dota2Spire","Downfall","Hallownest","Infinite Spire","Marisa????????","Minty Spire (QoL Compilation)","Quick Restart","Remilia??????","Replay The Spire","StSLib","The Cursed","The Jungle","The Marked","The Mystic","The Servant 0.9.4"],"gold_per_floor":[109,125,125,125,138,138,43,43,68,96,96,28,28,38,38,133,133,149,269,269,283,397,397],"floor_reached":22,"playtime":583,"items_purged":["Parasite"],"score":182,"play_id":"99207590-e43b-4750-bc9f-b9d75860ffc7","local_time":"20210103114356","is_ascension_mode":false,"campfire_choices":[{"data":"BombardNight","floor":6,"key":"SMITH"},{"data":"BloodAndWine","floor":11,"key":"SMITH"}],"circlet_count":0,"master_deck":["Strike_RM","Strike_RM","Strike_RM","Strike_RM","Defend_RM","Defend_RM","Defend_RM","Defend_RM","RedMoon","ScarletShoot","BloodAndWine+1","BombardNight+1","DiffusionOfMisfortune+1","DiffusionOfMisfortune+1","MiserableFate","BombardNight+1","FitfulNightmare","ScarletDevilSign+1","BloodySeventeenLaser+1","BombardNight+1","VampirishNight","MastersStateliness","VampireSweep+1"],"relics":["ScarletHat","NeowsBlessing","Molten Egg 2","Smiling Mask","infinitespire:BottledMercury","aspiration:FutureDiary","Dota2Spire:AssaultCuirass","Dota2Spire:PhaseBoots"],"acts_visited":["Exordium","Exordium"],"potions_floor_usage":[16,21,21],"damage_taken":[{"damage":0,"enemies":"Small Slimes","floor":1,"turns":1},{"damage":0,"enemies":"Cultist","floor":2,"turns":1},{"damage":0,"enemies":"Jaw Worm","floor":5,"turns":1},{"damage":35,"enemies":"Lagavulin","floor":10,"turns":8},{"damage":0,"enemies":"Looter","floor":14,"turns":3},{"damage":35,"enemies":"Hexaghost","floor":16,"turns":10},{"damage":5,"enemies":"Shell Parasite","floor":18,"turns":4},{"damage":3,"enemies":"theJungle:5_Spyders","floor":21,"turns":4}],"seed_played":"7021378750214205295","potions_obtained":[{"floor":2,"key":"Energy Potion"},{"floor":10,"key":"Dota2Spire:HealingSalve"},{"floor":15,"key":"Explosive Potion"},{"floor":18,"key":"Fire Potion"}],"is_trial":false,"path_per_floor":["M","M","?","?","M","R","$","?","T","E","R","$","?","M","R","B",null,"M","?","AVR","M","?"],"character_chosen":"REMILIA","items_purchased":["DiffusionOfMisfortune+1","MiserableFate","FitfulNightmare"],"campfire_rested":0,"item_purchase_floors":[7,7,12],"current_hp_per_floor":[75,75,75,75,75,75,75,75,75,45,45,45,63,66,66,47,75,70,59,59,56,28,28],"gold":397,"neow_bonus":"THREE_ENEMY_KILL","is_daily":false,"chose_seed":false,"campfire_upgraded":2,"win_rate":0.0,"timestamp":1609649036,"path_taken":["M","M","?","?","?","R","$","?","T","E","R","?","?","M","R","BOSS","M","?","AVR","M","?"],"items_purchased_type":["Card","Card","Card"],"build_version":"2020-12-22","purchased_purges":1,"victory":false,"max_hp_per_floor":[75,75,75,75,75,75,75,75,75,75,75,75,75,75,75,75,75,75,75,72,72,72,72],"card_choices":[{"not_picked":["ScarletNetherworld","CharismaGuard"],"picked":"BloodAndWine","floor":1},{"not_picked":["Stigmanizer","ScarletImprint"],"picked":"BombardNight","floor":2},{"not_picked":["QueenOfMidnight","StarOfDavid+1"],"picked":"DiffusionOfMisfortune+1","floor":5},{"not_picked":["CharismaGuard","VampireKiss+1"],"picked":"BombardNight+1","floor":10},{"not_picked":["BlasphemousPunishment","RedNightlessCastle+1"],"picked":"ScarletDevilSign+1","floor":14},{"not_picked":["HellCatastrophe+1","BloodyHallows"],"picked":"BloodySeventeenLaser+1","floor":16},{"not_picked":["UnderTheZenith","FavorOfDestiny"],"picked":"BombardNight+1","floor":18},{"not_picked":["UnderTheZenith","AfternoonTea+1"],"picked":"VampirishNight","floor":21},{"not_picked":["BatForm","RedRainbow+1"],"picked":"MastersStateliness","floor":22},{"not_picked":["LeisurelyOfLord+1","MiserableFate"],"picked":"VampireSweep+1","floor":22}],"player_experience":77665,"relics_obtained":[{"floor":9,"key":"Smiling Mask"},{"floor":10,"key":"infinitespire:BottledMercury"},{"floor":22,"key":"Dota2Spire:PhaseBoots"}],"event_choices":[{"cards_removed":["Injury"],"damage_healed":0,"gold_gain":0,"player_choice":"Removed Curses","damage_taken":0,"max_hp_gain":0,"max_hp_loss":0,"event_name":"Fountain of Cleansing","floor":4,"gold_loss":0},{"damage_healed":25,"gold_gain":0,"player_choice":"Banana","damage_taken":0,"max_hp_gain":0,"max_hp_loss":0,"event_name":"Big Fish","floor":8,"gold_loss":0},{"damage_healed":18,"gold_gain":0,"player_choice":"Healed and dodged fight","damage_taken":0,"max_hp_gain":0,"max_hp_loss":0,"event_name":"Mushrooms","floor":13,"gold_loss":0,"cards_obtained":["Parasite"]}],"is_beta":false,"boss_relics":[{"not_picked":["Replay:Drink Me","aspiration:RunicSpoon"],"picked":"aspiration:FutureDiary"}],"items_purged_floors":[20],"is_endless":false,"potions_floor_spawned":[1,2,10,18],"ascension_level":0}}