{"host":"Charlie","time":1609657517,"event":{"mods":["Aspiration","BaseMod","Better Match","Better Skull","Better Third Choice","BetterRewards","ChefMod","Colored Map","Colored Powertips","Conspire","Curses Come First","Downfall","Ekko","Evolution","Friendly Minions","Halation","Hermit","Hubris","Infinite Spire","Luminous","Melee Mod","Minty Spire (QoL Compilation)","Quick Restart","Rare Cards Sparkle","Relic Stats","Robot Space Explorer","Shade Mod","Spicy Shops","StSLib","SuperFastMode","Synergy Search","The Animator","The Blue Laboratory","The Caster","The Cursed","The Dragon Tamer","The Factory","The Gatherer","The Jungle","The Marked","The Necromancer","Unceasing Turn Reminder","vexMod","??????REMEMod"],"gold_per_floor":[116,116,133,143,68,125,125,19,19,19,44,57,73,93,93,191,191,201,189,189,114,134,134,162,162,188,222,222,222,236,253,253,353,353,371,381,130,130,142,142,195,195,195,212,61,78,0,10,10,107,107,113,113,113,113,113,113,121,121,121,119,119,165,168,172,172,239,239,236,233,233,233,233,237,225,182,182,182,175,165,165,159,159,233,283,281,283,280,274,274,274,283,283,283,289,289,280,278,28,28,4,4],"floor_reached":101,"playtime":7961,"items_purged":["RobotSpaceExplorer:Strike","RobotSpaceExplorer:Defend","RobotSpaceExplorer:ImprovisedAttack","Defend_G"],"score":1668,"play_id":"131a3775-1808-4482-ba96-b3f266704d38","local_time":"20210102230517","is_ascension_mode":false,"campfire_choices":[{"data":"RobotSpaceExplorer:StarLightning","floor":7,"key":"SMITH"},{"floor":10,"key":"REST"},{"data":"RobotSpaceExplorer:MiniLasers","floor":10,"key":"SMITH"},{"data":"RobotSpaceExplorer:Scanner","floor":15,"key":"SMITH"},{"floor":23,"key":"REST"},{"data":"RobotSpaceExplorer:Accelerator","floor":23,"key":"SMITH"},{"floor":25,"key":"REST"},{"data":"RobotSpaceExplorer:DoubleFind","floor":25,"key":"SMITH"},{"floor":29,"key":"REST"},{"data":"RobotSpaceExplorer:StarDust","floor":29,"key":"SMITH"},{"floor":32,"key":"REST"},{"data":"RobotSpaceExplorer:MiniBoosters","floor":32,"key":"SMITH"},{"floor":40,"key":"REST"},{"data":"RobotSpaceExplorer:Comet","floor":40,"key":"SMITH"},{"floor":49,"key":"REST"},{"data":"Phantasmal Killer","floor":49,"key":"SMITH"},{"floor":57,"key":"REST"},{"data":"RobotSpaceExplorer:TrailblazerForm","floor":57,"key":"SMITH"},{"data":"RobotSpaceExplorer:MiniBoosters","floor":59,"key":"SMITH"},{"floor":66,"key":"REST"},{"data":"RobotSpaceExplorer:MiniBoosters","floor":66,"key":"SMITH"},{"floor":78,"key":"REST"},{"data":"RobotSpaceExplorer:MiniBoosters","floor":78,"key":"SMITH"},{"floor":81,"key":"REST"},{"data":"RobotSpaceExplorer:DroneSwarm","floor":81,"key":"SMITH"},{"floor":83,"key":"REST"},{"floor":91,"key":"REST"},{"data":"RobotSpaceExplorer:Autoloader","floor":91,"key":"SMITH"},{"data":"hubris:InfiniteBlow","floor":93,"key":"SMITH"},{"data":"hubris:InfiniteBlow+1","floor":96,"key":"SMITH"},{"floor":100,"key":"REST"},{"data":"RobotSpaceExplorer:Accelerator","floor":100,"key":"SMITH"}],"circlet_count":0,"master_deck":["RobotSpaceExplorer:Scan","RobotSpaceExplorer:MiniLasers+1","RobotSpaceExplorer:StarLightning+1","RobotSpaceExplorer:StarDust+1","RobotSpaceExplorer:Scanner+1","RobotSpaceExplorer:DoubleFind+1","RobotSpaceExplorer:Accelerator+1","RobotSpaceExplorer:MiniBoosters+1","RobotSpaceExplorer:Comet+1","RobotSpaceExplorer:FreezingShield+1","Eviscerate","Phantasmal Killer+1","RobotSpaceExplorer:TrailblazerForm+1","RobotSpaceExplorer:MiniBoosters+1","RobotSpaceExplorer:BlastShield+1","RobotSpaceExplorer:MiniBoosters+1","RobotSpaceExplorer:DroneSwarm+1","hubris:InfiniteBlow+2","RobotSpaceExplorer:MiniBoosters+1","RobotSpaceExplorer:PowerCollector+1","RobotSpaceExplorer:Autoloader+1","RobotSpaceExplorer:Accelerator+1","RobotSpaceExplorer:PowerCollector"],"relics":["RobotSpaceExplorer:TurboCore","EVO:Axolotl","REME_ComplimentaryCards","Blood Vial","halation:PeacePiece","infinitespire:Magic Flask","Vajra","aspiration:PoetsPen_weak","hubris:Icosahedron","Nunchaku","Ornamental Fan","SacredBark","halation:Thesaurus","Shuriken","Unceasing Top","infinitespire:ShieldingShard","Anchor","Red Mask","halation:StarCompass","Toxic Egg 2","Pocketwatch","Centennial Puzzle","Bottled Flame","hubris:PeanutButter","hubris:TenFootPole","REME_DuelDisc","Nloth\u0027s Gift","Membership Card","aspiration:ChemicalBlood","halation:PromiseList","REME_HandOfSuture","Gremlin Horn","Tiny House","halation:PinkSoulGem","Singing Bowl","Letter Opener","hubris:TinFlute","halation:LettersToHer"],"acts_visited":["Exordium","TheCity","TheBeyond","Exordium","TheCity","TheBeyond"],"potions_floor_usage":[6,30,31,50,50,61,75,76,76,76,76,82,84,84,86,92,92,97,101,101,101,101],"damage_taken":[{"damage":0,"enemies":"Small Slimes","floor":1,"turns":1},{"damage":0,"enemies":"Cultist","floor":3,"turns":1},{"damage":0,"enemies":"Jaw Worm","floor":4,"turns":1},{"damage":23,"enemies":"Lagavulin","floor":6,"turns":8},{"damage":0,"enemies":"Exordium Thugs","floor":12,"turns":5},{"damage":1,"enemies":"Gremlin Gang","floor":13,"turns":4},{"damage":0,"enemies":"Large Slime","floor":14,"turns":5},{"damage":48,"enemies":"Hexaghost","floor":16,"turns":9},{"damage":0,"enemies":"3 Byrds","floor":18,"turns":3},{"damage":8,"enemies":"2 Thieves","floor":19,"turns":4},{"damage":13,"enemies":"Centurion and Healer","floor":22,"turns":5},{"damage":47,"enemies":"Book of Stabbing","floor":24,"turns":7},{"damage":14,"enemies":"Nightmare","floor":27,"turns":8},{"damage":34,"enemies":"Cultist and Chosen","floor":30,"turns":9},{"damage":21,"enemies":"Sentry and Sphere","floor":31,"turns":5},{"damage":32,"enemies":"Collector","floor":33,"turns":10},{"damage":1,"enemies":"3 Darklings","floor":35,"turns":4},{"damage":0,"enemies":"3 Shapes","floor":36,"turns":2},{"damage":0,"enemies":"Jaw Worm Horde","floor":39,"turns":4},{"damage":65,"enemies":"2 Orb Walkers","floor":41,"turns":5},{"damage":0,"enemies":"3 Darklings","floor":44,"turns":5},{"damage":10,"enemies":"Spire Growth","floor":46,"turns":5},{"damage":42,"enemies":"4 Shapes","floor":48,"turns":4},{"damage":14,"enemies":"Donu and Deca","floor":50,"turns":8},{"damage":0,"enemies":"Jaw Worm","floor":52,"turns":2},{"damage":19,"enemies":"3 Sentries","floor":58,"turns":4},{"damage":20,"enemies":"Lagavulin","floor":61,"turns":4},{"damage":0,"enemies":"Small Slimes","floor":62,"turns":4},{"damage":0,"enemies":"Cultist","floor":64,"turns":2},{"damage":0,"enemies":"Blue Slaver","floor":65,"turns":3},{"damage":3,"enemies":"The Guardian","floor":67,"turns":7},{"damage":9,"enemies":"Spheric Guardian","floor":69,"turns":5},{"damage":0,"enemies":"3 Byrds","floor":70,"turns":4},{"damage":0,"enemies":"Snake Plant","floor":73,"turns":3},{"damage":0,"enemies":"Gremlin Leader","floor":74,"turns":6},{"damage":11,"enemies":"3 Cultists","floor":75,"turns":6},{"damage":43,"enemies":"Slavers","floor":76,"turns":7},{"damage":0,"enemies":"Snecko","floor":79,"turns":5},{"damage":13,"enemies":"Shelled Parasite and Fungi","floor":80,"turns":7},{"damage":21,"enemies":"Snake Plant","floor":82,"turns":6},{"damage":12,"enemies":"conspire:MysteriousRune","floor":84,"turns":7},{"damage":0,"enemies":"Orb Walker","floor":86,"turns":4},{"damage":0,"enemies":"3 Shapes","floor":87,"turns":2},{"damage":18,"enemies":"Sphere and 2 Shapes","floor":88,"turns":4},{"damage":13,"enemies":"3 Darklings","floor":89,"turns":4},{"damage":0,"enemies":"Reptomancer","floor":92,"turns":4},{"damage":0,"enemies":"4 Shapes","floor":95,"turns":2},{"damage":60,"enemies":"Giant Head","floor":97,"turns":10},{"damage":0,"enemies":"Spire Growth","floor":98,"turns":5},{"damage":61,"enemies":"Time Eater","floor":101,"turns":5}],"seed_played":"-4583756104947466792","potions_obtained":[{"floor":1,"key":"REME_GoldPotion"},{"floor":3,"key":"blueLaboratory:EnragingPotion"},{"floor":12,"key":"FairyPotion"},{"floor":16,"key":"RobotSpaceExplorer:PlasmaFlask"},{"floor":18,"key":"BlessingOfTheForge"},{"floor":36,"key":"LiquidMemories"},{"floor":44,"key":"blueLaboratory:HummingbirdPotion"},{"floor":50,"key":"blueLaboratory:HorrorPotion"},{"floor":58,"key":"Explosive Potion"},{"floor":61,"key":"SpeedPotion"},{"floor":67,"key":"blueLaboratory:ArtificerPotion"},{"floor":69,"key":"Swift Potion"},{"floor":75,"key":"Strength Potion"},{"floor":76,"key":"Ancient Potion"},{"floor":80,"key":"blueLaboratory:FrostheartPotion"},{"floor":82,"key":"FearPotion"},{"floor":84,"key":"blueLaboratory:LouseDecoction"},{"floor":85,"key":"blueLaboratory:HorrorPotion"},{"floor":88,"key":"ColorlessPotion"},{"floor":97,"key":"RobotSpaceExplorer:RecyclePotion"},{"floor":101,"key":"blueLaboratory:ForbiddenFruitJuice"}],"is_trial":false,"path_per_floor":["M","?","M","M","$","E","R","$","T","R","T","M","M","M","R","B",null,"M","M","?","?","M","R","E","R","T","NM","?","R","M","M","R","B",null,"M","M","$","?","M","R","?","?","T","M","$","M","?","M","R","B",null,"M","?","?","?","?","R","E","R","T","E","M","T","M","M","R","B",null,"M","M","?","$","M","E","M","E","T","R","M","M","R","M","R","B",null,"M","M","M","M","?","R","E","R","T","M","R","E","M","$","R","B"],"character_chosen":"RobotSpaceExplorer","items_purchased":["halation:PeacePiece","halation:Thesaurus","Anchor","Membership Card","RobotSpaceExplorer:PowerCollector","halation:LettersToHer"],"campfire_rested":14,"item_purchase_floors":[8,37,45,72,99,99],"current_hp_per_floor":[75,75,75,75,75,52,52,52,52,74,74,75,74,75,75,27,75,75,67,67,67,56,75,28,50,50,38,75,75,41,22,44,14,75,74,75,75,75,75,75,10,10,10,12,12,4,4,29,51,39,75,75,75,75,75,57,75,56,56,56,38,40,40,42,44,66,72,75,66,68,68,58,60,62,53,12,12,34,36,25,47,28,50,40,80,80,80,62,51,51,75,82,82,82,84,84,24,28,28,53,0,0],"gold":4,"neow_bonus":"THREE_ENEMY_KILL","is_daily":false,"chose_seed":false,"campfire_upgraded":18,"win_rate":0.0,"timestamp":1609657517,"path_taken":["M","?","M","?","$","E","R","?","T","R","?","M","?","M","R","BOSS","M","M","?","?","M","R","E","R","T","NM","?","R","?","M","R","BOSS","M","M","$","?","M","R","?","?","T","M","$","?","?","M","R","BOSS","M","?","?","?","?","R","E","R","T","E","M","?","M","?","R","BOSS","M","M","?","?","?","E","M","E","T","R","M","M","R","M","R","BOSS","M","M","M","M","?","R","E","R","T","M","R","E","M","$","R","BOSS"],"items_purchased_type":["Relic","Relic","Relic","Relic","Card","Relic"],"build_version":"2020-12-18","purchased_purges":4,"victory":false,"max_hp_per_floor":[75,75,75,75,75,75,75,75,75,75,75,75,75,75,75,75,75,75,75,75,75,75,75,75,75,75,75,75,75,75,75,75,75,75,75,75,75,75,75,75,75,75,75,75,75,75,75,75,75,75,75,75,75,75,75,75,75,75,75,75,75,75,75,75,75,75,75,75,75,75,75,75,75,75,75,75,75,75,75,75,75,75,75,75,80,80,80,80,80,80,80,82,82,82,84,84,84,86,86,86,86,86],"relic_stats":{"Gremlin Horn":[11,14],"Singing Bowl":6,"counters":[50,244],"Letter Opener":[25],"Blood Vial":55,"Nunchaku":[27],"Centennial Puzzle":[30],"Ornamental Fan":[144],"Shuriken":[23],"Nloth\u0027s Gift":6,"obtain_stats":[{"Tiny House":85,"Gremlin Horn":77,"Singing Bowl":92,"SacredBark":34,"Vajra":11,"aspiration:PoetsPen_weak":17,"REME_DuelDisc":68,"EVO:Axolotl":0,"halation:StarCompass":53,"Blood Vial":6,"Nunchaku":26,"Centennial Puzzle":58,"hubris:Icosahedron":20,"infinitespire:ShieldingShard":43,"hubris:DeckOfHolding":24,"Red Mask":47,"halation:PromiseList":76,"Toxic Egg 2":54,"halation:LettersToHer":99,"hubris:TinFlute":97,"aspiration:ChemicalBlood":74,"NeowsBlessing":0,"RobotSpaceExplorer:RoboCore":0,"infinitespire:Magic Flask":9,"halation:Thesaurus":37,"Letter Opener":94,"RobotSpaceExplorer:TurboCore":51,"Anchor":45,"Bottled Flame":60,"Ornamental Fan":27,"Shuriken":37,"hubris:PeanutButter":61,"REME_HandOfSuture":76,"hubris:TenFootPole":63,"Nloth\u0027s Gift":71,"Membership Card":72,"halation:PinkSoulGem":90,"halation:PeacePiece":8,"Unceasing Top":41,"REME_ComplimentaryCards":0,"Pocketwatch":56},{"Tiny House":41,"Gremlin Horn":37,"Singing Bowl":46,"SacredBark":16,"Vajra":4,"aspiration:PoetsPen_weak":8,"REME_DuelDisc":31,"EVO:Axolotl":0,"halation:StarCompass":25,"Blood Vial":4,"Nunchaku":12,"Centennial Puzzle":26,"hubris:Icosahedron":10,"infinitespire:ShieldingShard":20,"hubris:DeckOfHolding":12,"Red Mask":22,"halation:PromiseList":37,"Toxic Egg 2":25,"halation:LettersToHer":49,"hubris:TinFlute":48,"aspiration:ChemicalBlood":35,"NeowsBlessing":0,"RobotSpaceExplorer:RoboCore":0,"infinitespire:Magic Flask":4,"halation:Thesaurus":18,"Letter Opener":46,"RobotSpaceExplorer:TurboCore":24,"Anchor":21,"Bottled Flame":26,"Ornamental Fan":13,"Shuriken":18,"hubris:PeanutButter":27,"REME_HandOfSuture":37,"hubris:TenFootPole":28,"Nloth\u0027s Gift":33,"Membership Card":33,"halation:PinkSoulGem":45,"halation:PeacePiece":4,"Unceasing Top":20,"REME_ComplimentaryCards":0,"Pocketwatch":25},{"Tiny House":204,"Gremlin Horn":179,"Singing Bowl":222,"SacredBark":85,"Vajra":11,"aspiration:PoetsPen_weak":34,"REME_DuelDisc":148,"EVO:Axolotl":0,"halation:StarCompass":124,"Blood Vial":11,"Nunchaku":53,"Centennial Puzzle":128,"hubris:Icosahedron":41,"infinitespire:ShieldingShard":100,"hubris:DeckOfHolding":53,"Red Mask":110,"halation:PromiseList":179,"Toxic Egg 2":124,"halation:LettersToHer":239,"hubris:TinFlute":234,"aspiration:ChemicalBlood":166,"NeowsBlessing":0,"RobotSpaceExplorer:RoboCore":0,"infinitespire:Magic Flask":11,"halation:Thesaurus":91,"Letter Opener":222,"RobotSpaceExplorer:TurboCore":122,"Anchor":105,"Bottled Flame":128,"Ornamental Fan":61,"Shuriken":91,"hubris:PeanutButter":132,"REME_HandOfSuture":179,"hubris:TenFootPole":136,"Nloth\u0027s Gift":157,"Membership Card":157,"halation:PinkSoulGem":218,"halation:PeacePiece":11,"Unceasing Top":100,"REME_ComplimentaryCards":0,"Pocketwatch":124}],"Unceasing Top":[5],"Pocketwatch":[34]},"card_choices":[{"not_picked":["RobotSpaceExplorer:ImprovisedAttack","RobotSpaceExplorer:Counterblock"],"picked":"RobotSpaceExplorer:StarLightning","floor":1},{"not_picked":["RobotSpaceExplorer:Counterblock","RobotSpaceExplorer:TurboDodge","RobotSpaceExplorer:Electropulse"],"picked":"SKIP","floor":3},{"not_picked":["RobotSpaceExplorer:MiniDrones","RobotSpaceExplorer:PlasmaMissile","RobotSpaceExplorer:MetalStrike"],"picked":"SKIP","floor":4},{"not_picked":["RobotSpaceExplorer:Blitz","RobotSpaceExplorer:MiniDrones","RobotSpaceExplorer:IronShell"],"picked":"SKIP","floor":6},{"not_picked":["RobotSpaceExplorer:StunGrenade","RobotSpaceExplorer:BigMissile"],"picked":"RobotSpaceExplorer:StarDust","floor":12},{"not_picked":["RobotSpaceExplorer:DoubleBlock","RobotSpaceExplorer:MiniDrones"],"picked":"RobotSpaceExplorer:Scanner","floor":13},{"not_picked":["RobotSpaceExplorer:FrostMissile","RobotSpaceExplorer:ShockKick"],"picked":"RobotSpaceExplorer:DoubleFind","floor":14},{"not_picked":["RobotSpaceExplorer:Exploration","RobotSpaceExplorer:HighVoltage"],"picked":"RobotSpaceExplorer:Accelerator","floor":16},{"not_picked":["RobotSpaceExplorer:LaserBurst","RobotSpaceExplorer:Reload","RobotSpaceExplorer:Ammunition"],"picked":"SKIP","floor":18},{"not_picked":["RobotSpaceExplorer:Calculate+1","RobotSpaceExplorer:MetalStrike","RobotSpaceExplorer:ScrapMissile+1"],"picked":"SKIP","floor":19},{"not_picked":["RobotSpaceExplorer:FrostMissile+1","RobotSpaceExplorer:ShockKick","RobotSpaceExplorer:Pulsar"],"picked":"SKIP","floor":22},{"not_picked":["RobotSpaceExplorer:RigExplosive","RobotSpaceExplorer:SurgingStrike","RobotSpaceExplorer:TurboDodge"],"picked":"SKIP","floor":24},{"not_picked":["RobotSpaceExplorer:ScrapToss","RobotSpaceExplorer:GlueSpray","RobotSpaceExplorer:ImprovisedAttack+1"],"picked":"SKIP","floor":27},{"not_picked":["RobotSpaceExplorer:ShockKick","RobotSpaceExplorer:FrostMissile+1"],"picked":"RobotSpaceExplorer:MiniBoosters","floor":30},{"not_picked":["RobotSpaceExplorer:Explosion","RobotSpaceExplorer:SwiftStep","RobotSpaceExplorer:SurgingShield"],"picked":"SKIP","floor":31},{"not_picked":["RobotSpaceExplorer:Autoloader","RobotSpaceExplorer:Multitool"],"picked":"RobotSpaceExplorer:Comet","floor":33},{"not_picked":["RobotSpaceExplorer:ShovelStrike+1","RobotSpaceExplorer:MiniDrones","RobotSpaceExplorer:ScrapShield"],"picked":"SKIP","floor":35},{"not_picked":["RobotSpaceExplorer:Calculate","RobotSpaceExplorer:ExhaustFan"],"picked":"RobotSpaceExplorer:FreezingShield+1","floor":36},{"not_picked":["RobotSpaceExplorer:SelfCleaning","RobotSpaceExplorer:Calculate+1","RobotSpaceExplorer:MetalStrike"],"picked":"SKIP","floor":39},{"not_picked":["RobotSpaceExplorer:SurgingStrike","RobotSpaceExplorer:PowerCollector","RobotSpaceExplorer:ExhaustFan+1"],"picked":"SKIP","floor":44},{"not_picked":["RobotSpaceExplorer:ShockKick+1","RobotSpaceExplorer:SwiftStep+1","RobotSpaceExplorer:FranticSearch+1"],"picked":"SKIP","floor":46},{"not_picked":["RobotSpaceExplorer:ShovelStrike+1","RobotSpaceExplorer:Multitool","RobotSpaceExplorer:ToxicBomb"],"picked":"SKIP","floor":48},{"not_picked":["RobotSpaceExplorer:DroneSwarm","RobotSpaceExplorer:Asteroid"],"picked":"RobotSpaceExplorer:TrailblazerForm","floor":50},{"not_picked":["RobotSpaceExplorer:FrostMissile","RobotSpaceExplorer:MetalStrike","RobotSpaceExplorer:ScrapShield"],"picked":"SKIP","floor":52},{"not_picked":["RobotSpaceExplorer:ExhaustFan","RobotSpaceExplorer:FranticSearch+1"],"picked":"RobotSpaceExplorer:MiniBoosters","floor":58},{"not_picked":["RobotSpaceExplorer:ShovelStrike","RobotSpaceExplorer:FrostMissile"],"picked":"RobotSpaceExplorer:BlastShield+1","floor":61},{"not_picked":["RobotSpaceExplorer:SlimeMissile","RobotSpaceExplorer:ShockKick","RobotSpaceExplorer:GearShield+1"],"picked":"SKIP","floor":62},{"not_picked":["RobotSpaceExplorer:Blitz","RobotSpaceExplorer:Probe","RobotSpaceExplorer:SlimeMissile"],"picked":"SKIP","floor":64},{"not_picked":["RobotSpaceExplorer:Jetpack+1","RobotSpaceExplorer:ImprovisedAttack"],"picked":"RobotSpaceExplorer:MiniBoosters","floor":65},{"not_picked":["RobotSpaceExplorer:ShockMissile","RobotSpaceExplorer:ChargingLaser"],"picked":"RobotSpaceExplorer:DroneSwarm","floor":67},{"not_picked":["RobotSpaceExplorer:SurgingShield+1","RobotSpaceExplorer:Calculate+1","RobotSpaceExplorer:FranticSearch+1"],"picked":"SKIP","floor":69},{"not_picked":["infinitespire:Starlight","infinitespire:SevenWalls"],"picked":"hubris:InfiniteBlow","floor":70},{"not_picked":["RobotSpaceExplorer:SurgingStrike","RobotSpaceExplorer:MetalStrike","RobotSpaceExplorer:GlueShot+1"],"picked":"SKIP","floor":70},{"not_picked":["RobotSpaceExplorer:SwiftStep+1","RobotSpaceExplorer:DualCore+1"],"picked":"RobotSpaceExplorer:MiniBoosters","floor":73},{"not_picked":["RobotSpaceExplorer:MakeshiftVolley+1","RobotSpaceExplorer:Autoloader"],"picked":"RobotSpaceExplorer:Exploration+1","floor":74},{"not_picked":["RobotSpaceExplorer:Smokescreen+1","RobotSpaceExplorer:MakeshiftVolley","RobotSpaceExplorer:SlimeMissile"],"picked":"SKIP","floor":75},{"not_picked":["RobotSpaceExplorer:BigMissile+1","RobotSpaceExplorer:FranticSearch+1","RobotSpaceExplorer:StunGrenade"],"picked":"SKIP","floor":76},{"not_picked":["RobotSpaceExplorer:ExhaustFan","RobotSpaceExplorer:ScrapMissile","RobotSpaceExplorer:StarDust"],"picked":"SKIP","floor":79},{"not_picked":["RobotSpaceExplorer:Electroshield+1","RobotSpaceExplorer:Counterblock+1","RobotSpaceExplorer:Ammunition+1"],"picked":"SKIP","floor":80},{"not_picked":["RobotSpaceExplorer:GlueShot+1","RobotSpaceExplorer:Probe"],"picked":"RobotSpaceExplorer:PowerCollector","floor":82},{"not_picked":["RobotSpaceExplorer:DroneSwarm","RobotSpaceExplorer:Multitool"],"picked":"RobotSpaceExplorer:Autoloader","floor":84},{"not_picked":["RobotSpaceExplorer:ToxicBomb+1","RobotSpaceExplorer:PlasmaMissile+1","RobotSpaceExplorer:FranticSearch+1"],"picked":"SKIP","floor":86},{"not_picked":["RobotSpaceExplorer:SelfCleaning+1","RobotSpaceExplorer:ScrapToss+1","RobotSpaceExplorer:ScrapMissile+1"],"picked":"SKIP","floor":87},{"not_picked":["RobotSpaceExplorer:Jetpack+1","RobotSpaceExplorer:MiniBoosters+1","RobotSpaceExplorer:ScrapMissile"],"picked":"SKIP","floor":88},{"not_picked":["RobotSpaceExplorer:Discharger+1","RobotSpaceExplorer:MetalStrike+1","RobotSpaceExplorer:Pulsar+1"],"picked":"SKIP","floor":89},{"not_picked":["RobotSpaceExplorer:SwiftStep+1","RobotSpaceExplorer:BigMissile","RobotSpaceExplorer:SlimeMissile"],"picked":"Singing Bowl","floor":92},{"not_picked":["RobotSpaceExplorer:SurgingShield+1","RobotSpaceExplorer:SlimeMissile","RobotSpaceExplorer:MakeshiftVolley+1"],"picked":"Singing Bowl","floor":95},{"not_picked":["RobotSpaceExplorer:FreezeRay+1","RobotSpaceExplorer:PlasmaMissile"],"picked":"RobotSpaceExplorer:Accelerator","floor":97},{"not_picked":["RobotSpaceExplorer:SlimeMissile","RobotSpaceExplorer:MiniBoosters","RobotSpaceExplorer:FrostMissile+1"],"picked":"Singing Bowl","floor":98}],"player_experience":459288,"relics_obtained":[{"floor":6,"key":"Blood Vial"},{"floor":9,"key":"infinitespire:Magic Flask"},{"floor":11,"key":"Vajra"},{"floor":24,"key":"hubris:DeckOfHolding"},{"floor":26,"key":"Nunchaku"},{"floor":27,"key":"Ornamental Fan"},{"floor":41,"key":"Unceasing Top"},{"floor":43,"key":"infinitespire:ShieldingShard"},{"floor":58,"key":"Centennial Puzzle"},{"floor":60,"key":"Bottled Flame"},{"floor":61,"key":"hubris:PeanutButter"},{"floor":63,"key":"hubris:TenFootPole"},{"floor":74,"key":"aspiration:ChemicalBlood"},{"floor":76,"key":"halation:PromiseList"},{"floor":76,"key":"REME_HandOfSuture"},{"floor":77,"key":"Gremlin Horn"},{"floor":92,"key":"Singing Bowl"},{"floor":94,"key":"Letter Opener"},{"floor":97,"key":"hubris:TinFlute"}],"event_choices":[{"cards_removed":["RobotSpaceExplorer:Strike"],"damage_healed":0,"gold_gain":0,"player_choice":"Purged","damage_taken":0,"max_hp_gain":0,"max_hp_loss":0,"event_name":"Purifier","floor":2,"gold_loss":0},{"cards_removed":["RobotSpaceExplorer:Defend"],"damage_healed":0,"gold_gain":0,"player_choice":"Gave Gold","damage_taken":0,"max_hp_gain":0,"max_hp_loss":0,"event_name":"Beggar","floor":21,"gold_loss":75},{"damage_healed":37,"gold_gain":0,"player_choice":"Full Heal","damage_taken":0,"max_hp_gain":0,"max_hp_loss":0,"event_name":"Wheel of Change","floor":28,"gold_loss":0},{"damage_healed":0,"gold_gain":0,"player_choice":"Fight","damage_taken":0,"max_hp_gain":0,"max_hp_loss":0,"event_name":"Mysterious Sphere","floor":41,"gold_loss":0},{"damage_healed":0,"gold_gain":0,"player_choice":"Memory 1","damage_taken":0,"max_hp_gain":0,"max_hp_loss":0,"event_name":"SensoryStone","floor":42,"gold_loss":0},{"damage_healed":0,"gold_gain":0,"player_choice":"Paid","damage_taken":0,"relics_obtained":["Red Mask"],"max_hp_gain":0,"max_hp_loss":0,"event_name":"Tomb of Lord Red Mask","floor":47,"gold_loss":78},{"cards_removed":["Injury"],"damage_healed":0,"gold_gain":0,"player_choice":"Forget","damage_taken":0,"max_hp_gain":0,"max_hp_loss":0,"event_name":"Living Wall","floor":55,"gold_loss":0},{"damage_healed":0,"gold_gain":0,"player_choice":"Relic ","damage_taken":18,"max_hp_gain":0,"max_hp_loss":0,"event_name":"betterThird:BetterScrap","floor":56,"gold_loss":0,"cards_obtained":["Expertise"]},{"damage_healed":0,"gold_gain":0,"player_choice":"Traded Relic","damage_taken":0,"relics_obtained":["Nloth\u0027s Gift"],"max_hp_gain":0,"max_hp_loss":0,"event_name":"N\u0027loth","floor":71,"relics_lost":["NeowsBlessing"],"gold_loss":0}],"is_beta":true,"boss_relics":[{"not_picked":["hubris:CrackedHourglass","aspiration:WatcherSkillbook"],"picked":"aspiration:PoetsPen_weak"},{"not_picked":["Busted Crown","conspire:RoyalGoblet"],"picked":"SacredBark"},{"not_picked":["aspiration:DefectSkillbook","halation:ForbiddenBikini"],"picked":"RobotSpaceExplorer:TurboCore"},{"not_picked":["hubris:TerracottaHorce","halation:LoveArrow"],"picked":"REME_DuelDisc"},{"not_picked":["hubris:BlackHole","conspire:RunicOctahedron"],"picked":"Tiny House"}],"items_purged_floors":[5,37,99,99],"is_endless":true,"potions_floor_spawned":[1,3,12,16,18,22,27,36,44,50,58,61,67,69,73,75,80,82,88,89,97,98],"killed_by":"Time Eater","ascension_level":0}}