{"host":"gg","time":1609666004,"event":{"mods":["BaseMod","Colored Map","Googly Eyes","Minty Spire (QoL Compilation)","Permanent Neow","Relic Stats","The IronCluck"],"gold_per_floor":[110,110,129,129,142,178,178,253,280,315,68,102,114,126,138,150,150],"floor_reached":16,"playtime":498,"items_purged":[],"score":236,"play_id":"cb492186-87c4-4b97-a2ec-59a0677278d1","local_time":"20210103012644","is_ascension_mode":true,"campfire_choices":[{"data":"Inflame","floor":7.0,"key":"SMITH"},{"floor":15,"key":"REST"}],"circlet_count":0,"master_deck":["AscendersBane","Strike_R","Strike_R","Strike_R","Strike_R","Strike_R","Defend_R","Defend_R","Defend_R","Defend_R","Bash","Clothesline","Inflame+1","Shrug It Off","Battle Trance","Impervious","Cleave","Armaments","Uppercut"],"relics":["Runic Pyramid","Golden Idol","Blood Vial","Vajra","Mummified Hand","PreservedInsect","MawBank"],"acts_visited":["Exordium"],"potions_floor_usage":[10,10,13],"damage_taken":[{"damage":1.0,"enemies":"2 Louse","floor":1.0,"turns":4.0},{"damage":9.0,"enemies":"Jaw Worm","floor":3.0,"turns":4.0},{"damage":6.0,"enemies":"Cultist","floor":5.0,"turns":4.0},{"damage":26.0,"enemies":"Gremlin Nob","floor":6.0,"turns":4.0},{"damage":22,"enemies":"Lagavulin","floor":10,"turns":6},{"damage":6,"enemies":"Gremlin Nob","floor":12,"turns":3},{"damage":0,"enemies":"Blue Slaver","floor":13,"turns":2},{"damage":32,"enemies":"Slime Boss","floor":16,"turns":10}],"seed_played":"-5310966770951895990","potions_obtained":[{"floor":4.0,"key":"FearPotion"},{"floor":4.0,"key":"ColorlessPotion"},{"floor":5.0,"key":"PowerPotion"},{"floor":6.0,"key":"BloodPotion"},{"floor":10,"key":"SmokeBomb"}],"is_trial":false,"path_per_floor":["M","?","M","?","M","E","R","?","T","E","$","E","M","?","R","B"],"character_chosen":"IRONCLAD","items_purchased":["PreservedInsect","Cleave","Armaments"],"campfire_rested":1,"item_purchase_floors":[11,11,11],"current_hp_per_floor":[67,67,58,58,52,26,26,15,15,8,8,4,6,6,26,0,0],"gold":150,"neow_bonus":"BOSS_RELIC","is_daily":false,"chose_seed":false,"campfire_upgraded":1,"win_rate":0.0,"timestamp":1609666004,"path_taken":["M","?","M","?","?","E","R","?","T","E","?","E","M","?","R","BOSS"],"items_purchased_type":["Relic","Card","Card"],"build_version":"2020-12-18","purchased_purges":0,"victory":false,"max_hp_per_floor":[75,68,68,68,68,68,68,68,68,68,68,68,68,68,68,68,68],"relic_stats":{"Blood Vial":8,"counters":[8,37],"Golden Idol":32,"Mummified Hand":[3],"PreservedInsect":22,"MawBank":48,"obtain_stats":[{"Blood Vial":6,"Golden Idol":2,"Mummified Hand":10,"Vajra":9,"PreservedInsect":11,"MawBank":12,"Burning Blood":0,"Runic Pyramid":0},{"Blood Vial":4,"Golden Idol":1,"Mummified Hand":5,"Vajra":4,"PreservedInsect":5,"MawBank":6,"Burning Blood":0,"Runic Pyramid":0},{"Blood Vial":16,"Golden Idol":4,"Mummified Hand":22,"Vajra":16,"PreservedInsect":22,"MawBank":25,"Burning Blood":0,"Runic Pyramid":0}]},"card_choices":[{"not_picked":["Cleave","Whirlwind"],"picked":"Clothesline","floor":1.0},{"not_picked":["True Grit","Whirlwind"],"picked":"Inflame","floor":3.0},{"not_picked":["Perfected Strike","Flex"],"picked":"Shrug It Off","floor":5.0},{"not_picked":["Armaments","Warcry"],"picked":"Battle Trance","floor":6.0},{"not_picked":["Cleave","Iron Wave"],"picked":"Impervious","floor":10},{"not_picked":["Reckless Charge","Fire Breathing"],"picked":"Uppercut","floor":12}],"player_experience":1017599,"relics_obtained":[{"floor":6.0,"key":"Blood Vial"},{"floor":9.0,"key":"Vajra"},{"floor":10,"key":"Mummified Hand"},{"floor":12,"key":"MawBank"}],"event_choices":[{"damage_healed":0.0,"max_hp_gain":0.0,"max_hp_loss":7.0,"gold_gain":0.0,"event_name":"Golden Idol","player_choice":"Lose Max HP","floor":2.0,"gold_loss":0.0,"damage_taken":0.0,"relics_obtained":["Golden Idol"]},{"damage_healed":0.0,"max_hp_gain":0.0,"max_hp_loss":0.0,"gold_gain":0.0,"event_name":"Lab","player_choice":"Got Potions","floor":4.0,"gold_loss":0.0,"damage_taken":0.0},{"damage_healed":0.0,"max_hp_gain":0.0,"max_hp_loss":0.0,"gold_gain":75.0,"event_name":"World of Goop","player_choice":"Gather Gold","floor":8.0,"gold_loss":0.0,"damage_taken":11.0},{"damage_healed":0,"gold_gain":0,"player_choice":"Ignored","damage_taken":0,"max_hp_gain":0,"max_hp_loss":0,"event_name":"Shining Light","floor":14,"gold_loss":0}],"is_beta":true,"boss_relics":[],"items_purged_floors":[],"is_endless":false,"potions_floor_spawned":[5,6,10,13],"killed_by":"Slime Boss","ascension_level":20}}