{"host":"e4wnmsyty9uvvtwf","time":1609677366,"event":{"mods":["Act Like it!","Aspiration","BaseMod","Colored Map","Colored Powertips","Gensokyo","Marisa£®ÏF”Í°°ƒß¿Ì…≥£©","Minty Spire (QoL Compilation)","Rare Cards Sparkle","Replay The Spire","StSLib"],"gold_per_floor":[110,13,13,28,28,55,55,55,55,317,317,345,363,376,376,453,453,466,5,16,116,128,128,160,179,202,219,232,232,313,313,313,384,384,395,8,19,36,36,36,65,65,65,244,244,254,254,39,39,39,39],"floor_reached":52,"playtime":2379,"items_purged":[],"score":2230,"play_id":"c504d19c-5fc9-458b-bf18-12fb15b7f365","local_time":"20210103203606","is_ascension_mode":true,"campfire_choices":[{"data":"Occultation","floor":7.0,"key":"SMITH"},{"floor":11.0,"key":"REST"},{"floor":15.0,"key":"REST"},{"floor":23.0,"key":"REST"},{"data":"ManaRampage","floor":40.0,"key":"SMITH"},{"data":"CollectingQuirk","floor":42.0,"key":"SMITH"},{"data":"BlazeAway","floor":47.0,"key":"SMITH"},{"data":"1","floor":49.0,"key":"LIFT"}],"circlet_count":0,"master_deck":["AscendersBane","Strike_MRS","Defend_MRS","Defend_MRS","Defend_MRS","Defend_MRS","MasterSpark","UpSweep","ShootTheMoon","MysteriousBeam","Occultation+1","Gensokyo:CrescentMoonSlash","6A","PulseMagic+1","ManaRampage+1","PowerUp","FairyDestructionRay","GrandCross","CollectingQuirk+1","AbeCurse","BlazeAway+1","Gensokyo:ReactiveArmor","UltimateShortwave","MilkyWay","6A","GasGiant+1","DeepEcoloBomb","SuperPerseids","DarkMatter","Gensokyo:AllTheWorldsEvil","DarkMatter","AsteroidBelt","UltimateShortwave","MagicChant+1","FairyDestructionRay","PulseMagic","MagicAbsorber+1","UltimateShortwave","MysteriousBeam+1","Acceleration+1","MagicAbsorber"],"relics":["MiniHakkero","NeowsBlessing","ReplayTheSpireMod:Ring of Exchange","Mummified Hand","Dream Catcher","Matryoshka","CaptainsWheel","aspiration:HatOfInfinitePower","Abe\u0027s Treasure","Replay:Drink Me","Blue Doll","Girya","Calipers","Smiling Mask","White Beast Statue","Strawberry","Pantograph","Replay:Bottled Flurry","SimpleLauncher","aspiration:SecretTechniqueScroll","Akabeko","The Courier","AmplifyWand","Sundial","InkBottle","Ancient Tea Set"],"acts_visited":["Exordium","Gensokyo:Gensokyo","Gensokyo:Gensokyoer"],"potions_floor_usage":[],"damage_taken":[{"damage":0.0,"enemies":"Gensokyo:3_Fairies","floor":1.0,"turns":1.0},{"damage":14.0,"enemies":"Gensokyo:Gryphon","floor":4.0,"turns":4.0},{"damage":0.0,"enemies":"Gensokyo:Cirno","floor":6.0,"turns":2.0},{"damage":14.0,"enemies":"Gensokyo:2_Kodama","floor":10.0,"turns":3.0},{"damage":10.0,"enemies":"Gensokyo:Mamizou","floor":12.0,"turns":7.0},{"damage":0.0,"enemies":"Gensokyo:LivingMonolith","floor":13.0,"turns":3.0},{"damage":3.0,"enemies":"Gensokyo:Kitsune","floor":14.0,"turns":3.0},{"damage":22.0,"enemies":"Gensokyo:Yukari","floor":16.0,"turns":6.0},{"damage":17.0,"enemies":"Gensokyo:3_Dogs","floor":18.0,"turns":3.0},{"damage":0.0,"enemies":"Gensokyo:AngelMirror","floor":20.0,"turns":4.0},{"damage":7.0,"enemies":"Gensokyo:AngelMirror","floor":21.0,"turns":5.0},{"damage":12.0,"enemies":"Gensokyo:Wraith","floor":22.0,"turns":3.0},{"damage":0.0,"enemies":"Gensokyo:Reisen","floor":24.0,"turns":4.0},{"damage":0.0,"enemies":"Gensokyo:Mirror_and_Dog","floor":25.0,"turns":2.0},{"damage":0.0,"enemies":"Gensokyo:Monolith_and_Dog","floor":27.0,"turns":3.0},{"damage":4.0,"enemies":"Gensokyo:Slime_Group","floor":28.0,"turns":4.0},{"damage":10.0,"enemies":"Gensokyo:Eiki","floor":33.0,"turns":8.0},{"damage":0.0,"enemies":"Gensokyo:AncientGuardian","floor":35.0,"turns":3.0},{"damage":0.0,"enemies":"Gensokyo:3_Boulders","floor":37.0,"turns":3.0},{"damage":7.0,"enemies":"Gensokyo:Rafflesia","floor":38.0,"turns":3.0},{"damage":9.0,"enemies":"Gensokyo:Marisa","floor":41.0,"turns":5.0},{"damage":0.0,"enemies":"Gensokyo:Doremy","floor":44.0,"turns":4.0},{"damage":0.0,"enemies":"Gensokyo:Dusk_and_Dawn","floor":46.0,"turns":4.0},{"damage":0.0,"enemies":"Gensokyo:Scarlet_Devils","floor":50.0,"turns":6.0},{"damage":0,"enemies":"Gensokyo:Shinki","floor":51,"turns":9}],"seed_played":"-8221075383811201503","potions_obtained":[{"floor":1.0,"key":"ColorlessPotion"},{"floor":12.0,"key":"Doom Potion"},{"floor":13.0,"key":"Adrenaline Potion"},{"floor":18.0,"key":"Flashbang"},{"floor":33.0,"key":"Regen Potion"},{"floor":41.0,"key":"Fruit Juice"},{"floor":44.0,"key":"SpeedPotion"}],"is_trial":false,"path_per_floor":["M","COS","?","M","T","E","R","?","T","M","R","E","M","M","R","B",null,"M","COS","M","?","M","R","E","M","T","M","M","?","T","?","R_BF","B",null,"M","COS","M","M","?","R","E","R","T","E","?","M","R","$","R","B","B",null],"character_chosen":"MARISA","items_purchased":["Ancient Tea Set","Acceleration+1","MagicAbsorber"],"campfire_rested":3,"item_purchase_floors":[48,48,48],"current_hp_per_floor":[63,63,63,49,49,49,49,35,35,21,42,32,32,29,50,28,60,43,43,43,36,24,39,39,39,46,46,42,42,42,42,60,50,58,58,58,58,51,51,51,47,47,47,47,31,31,31,31,31,56,65],"gold":39,"neow_bonus":"THREE_ENEMY_KILL","is_daily":false,"chose_seed":false,"campfire_upgraded":4,"win_rate":0.0,"timestamp":1609677366,"path_taken":["M","COS","?","M","?","E","R","?","T","M","R","E","?","M","R","BOSS","M","COS","M","?","M","R","E","M","T","M","M","?","?","?","R_BF","BOSS","M","COS","M","M","?","R","E","R","T","E","?","?","R","$","R","BOSS","BOSS"],"items_purchased_type":["Relic","Card","Card"],"build_version":"2020-12-22","purchased_purges":0,"victory":true,"max_hp_per_floor":[70,70,70,70,70,70,70,70,70,70,70,70,70,70,70,70,70,70,53,53,53,53,53,53,53,60,60,60,60,60,60,60,60,60,60,60,60,60,60,60,65,65,65,65,65,65,65,65,65,65,65],"card_choices":[{"not_picked":["PowerUp","AsteroidBelt"],"picked":"ShootTheMoon","floor":1.0},{"not_picked":["OneTimeOff","IllusionStar"],"picked":"MysteriousBeam","floor":4.0},{"not_picked":["EnergyRecoil","GrandCross"],"picked":"Occultation","floor":6.0},{"not_picked":["GravityBeat","AsteroidBelt"],"picked":"6A","floor":10.0},{"not_picked":["DC","Acceleration"],"picked":"PulseMagic","floor":11.0},{"not_picked":["PulseMagic","EarthLightRay"],"picked":"ManaRampage","floor":12.0},{"not_picked":["AsteroidBelt","AlicesGift"],"picked":"PowerUp","floor":13.0},{"not_picked":["DoubleSpark","Acceleration"],"picked":"FairyDestructionRay","floor":14.0},{"not_picked":["MachineGunSpark","EnergyRecoil"],"picked":"GrandCross","floor":15.0},{"not_picked":["BlazingStar","SatelliteIllusion"],"picked":"CollectingQuirk","floor":16.0},{"not_picked":["IllusionStar","DC"],"picked":"BlazeAway","floor":18.0},{"not_picked":["LuminesStrike","StarBarrage","DC"],"picked":"SKIP","floor":20.0},{"not_picked":["FinalSpark","BlazingStar"],"picked":"UltimateShortwave","floor":21.0},{"not_picked":["GravityBeat","StarBarrage"],"picked":"MilkyWay","floor":21.0},{"not_picked":["WitchOfGreed","DoubleSpark"],"picked":"6A","floor":22.0},{"not_picked":["GravityBeat","DarkMatter"],"picked":"GasGiant+1","floor":23.0},{"not_picked":["OpenUniverse","GrandCross"],"picked":"PulseMagic","floor":24.0},{"not_picked":["WitchLeyline+1","GrandCross"],"picked":"DeepEcoloBomb","floor":25.0},{"not_picked":["DeepEcoloBomb","MysteriousBeam"],"picked":"SuperPerseids","floor":27.0},{"not_picked":["OortCloud","EventHorizon"],"picked":"DarkMatter","floor":28.0},{"not_picked":["WitchOfGreed","ManaRampage"],"picked":"AsteroidBelt","floor":32.0},{"not_picked":["MaximisePower","TreasureHunter"],"picked":"UltimateShortwave","floor":33.0},{"not_picked":["IllusionStar","EnergyRecoil+1"],"picked":"MagicChant+1","floor":35.0},{"not_picked":["GravityBeat","AsteroidBelt"],"picked":"FairyDestructionRay","floor":37.0},{"not_picked":["DC","LuminesStrike"],"picked":"PulseMagic","floor":38.0},{"not_picked":["ShootingEcho","UnstableBomb"],"picked":"MagicAbsorber+1","floor":41.0},{"not_picked":["DoubleSpark","OneTimeOff"],"picked":"UltimateShortwave","floor":44.0},{"not_picked":["6A","GravityBeat"],"picked":"MysteriousBeam+1","floor":46.0}],"player_experience":689618,"relics_obtained":[{"floor":3.0,"key":"ReplayTheSpireMod:Ring of Exchange"},{"floor":5.0,"key":"Mummified Hand"},{"floor":6.0,"key":"Dream Catcher"},{"floor":9.0,"key":"Matryoshka"},{"floor":12.0,"key":"CaptainsWheel"},{"floor":21.0,"key":"Girya"},{"floor":21.0,"key":"Calipers"},{"floor":24.0,"key":"Smiling Mask"},{"floor":26.0,"key":"White Beast Statue"},{"floor":26.0,"key":"Strawberry"},{"floor":30.0,"key":"Pantograph"},{"floor":30.0,"key":"Replay:Bottled Flurry"},{"floor":41.0,"key":"The Courier"},{"floor":43.0,"key":"AmplifyWand"},{"floor":44.0,"key":"Sundial"}],"event_choices":[],"is_beta":false,"boss_relics":[{"not_picked":["Fusion Hammer","Runic Pyramid"],"picked":"Abe\u0027s Treasure"},{"not_picked":["aspiration:RunicSpoon","PrismaticShard"],"picked":"SimpleLauncher"}],"items_purged_floors":[],"is_endless":false,"potions_floor_spawned":[1,12,13,14,18,20,27,28,33,35,37,38,41,44,46],"ascension_level":20}}