{"host":"7sqhl7p0q0irnjd4","time":1609706875,"event":{"mods":["AchievementEnabler","BaseMod","Bestiary","Colored Map","Colored Powertips","Minty Spire (QoL Compilation)","Relic Stats","everything is the same but u backflip on backflip","ojb\u0027s Info Mod"],"gold_per_floor":[119,133,11,30,30,30,63,63,63,89,108,126,156,181,181,280,280,298,314,314,329,329,329,364,364,364,364,364,364,364,179,179,274,274,285,44,0,18,37,63,63,63,63,63,80,80,110,110,110,110],"floor_reached":51,"playtime":3944,"items_purged":["Masterful Stab"],"score":900,"play_id":"a584b2c9-62c3-4795-ab90-edc6c3127c1c","local_time":"20210103154755","is_ascension_mode":true,"campfire_choices":[{"data":"Infinite Blades","floor":6.0,"key":"SMITH"},{"data":"Glass Knife","floor":8.0,"key":"SMITH"},{"data":"Accuracy","floor":15.0,"key":"SMITH"},{"data":"Infinite Blades","floor":23.0,"key":"SMITH"},{"data":"Glass Knife","floor":25.0,"key":"SMITH"},{"data":"Accuracy","floor":30.0,"key":"SMITH"},{"data":"Infinite Blades","floor":32.0,"key":"SMITH"},{"data":"Bullet Time","floor":41.0,"key":"SMITH"},{"data":"Infinite Blades","floor":44,"key":"SMITH"},{"data":"PanicButton","floor":49,"key":"SMITH"}],"circlet_count":0,"master_deck":["Survivor","Neutralize","Backstab","Blur","Infinite Blades+1","Infinite Blades+1","Infinite Blades+1","Glass Knife+1","Accuracy+1","Accuracy+1","Infinite Blades+1","Leg Sweep","Accuracy+1","Backstab","Cloak And Dagger","Terror","Glass Knife+1","Glass Knife","Acrobatics+1","Cloak And Dagger+1","Blade Dance","PanicButton+1","Bullet Time+1","Infinite Blades+1","Burst","PiercingWail+1","Dramatic Entrance+1","PanicButton","Secret Technique"],"relics":["Pandora\u0027s Box","Blue Candle","Thread and Needle","Bag of Marbles","Anchor","WristBlade","MutagenicStrength","Bottled Tornado","Molten Egg 2","Strawberry","Nilry\u0027s Codex","Sozu","Ornamental Fan","Red Mask","Centennial Puzzle","Art of War","Darkstone Periapt","Mummified Hand"],"acts_visited":["Exordium","TheCity","TheBeyond"],"potions_floor_usage":[50],"damage_taken":[{"damage":1.0,"enemies":"2 Louse","floor":1.0,"turns":2.0},{"damage":0.0,"enemies":"Small Slimes","floor":2.0,"turns":3.0},{"damage":4.0,"enemies":"Jaw Worm","floor":4.0,"turns":3.0},{"damage":16.0,"enemies":"Gremlin Nob","floor":7.0,"turns":3.0},{"damage":4.0,"enemies":"Lagavulin","floor":10.0,"turns":4.0},{"damage":0.0,"enemies":"Exordium Wildlife","floor":11.0,"turns":3.0},{"damage":0.0,"enemies":"2 Fungi Beasts","floor":12.0,"turns":2.0},{"damage":6.0,"enemies":"Hexaghost","floor":16.0,"turns":4.0},{"damage":0.0,"enemies":"3 Byrds","floor":18.0,"turns":3.0},{"damage":0.0,"enemies":"Chosen","floor":19.0,"turns":2.0},{"damage":0.0,"enemies":"3 Cultists","floor":21.0,"turns":3.0},{"damage":0.0,"enemies":"Gremlin Leader","floor":24.0,"turns":4.0},{"damage":1.0,"enemies":"Champ","floor":33.0,"turns":5.0},{"damage":6.0,"enemies":"3 Shapes","floor":35.0,"turns":2.0},{"damage":0.0,"enemies":"3 Darklings","floor":38.0,"turns":2.0},{"damage":0.0,"enemies":"Transient","floor":39.0,"turns":5.0},{"damage":8.0,"enemies":"Nemesis","floor":40.0,"turns":3.0},{"damage":0,"enemies":"Sphere and 2 Shapes","floor":45,"turns":3},{"damage":0,"enemies":"Reptomancer","floor":47,"turns":3},{"damage":45,"enemies":"Time Eater","floor":50,"turns":7}],"seed_played":"1078867024","potions_obtained":[{"floor":4.0,"key":"SpeedPotion"},{"floor":10.0,"key":"CunningPotion"},{"floor":11.0,"key":"FearPotion"},{"floor":16.0,"key":"Fire Potion"},{"floor":33.0,"key":"Regen Potion"}],"is_trial":false,"path_per_floor":["M","M","$","M","?","R","E","R","T","E","M","M","?","T","R","B",null,"M","M","?","M","?","R","E","R","T","?","?","?","R","$","R","B",null,"M","$","?","M","M","E","R","?","T","R","M","?","E","T","R","B",null],"character_chosen":"THE_SILENT","items_purchased":["Accuracy","Backstab","Blade Dance","PanicButton","Ornamental Fan"],"campfire_rested":0,"item_purchase_floors":[3,3,31,31,36],"current_hp_per_floor":[69,69,69,65,65,65,49,49,49,45,45,45,45,45,45,39,70,70,70,70,70,70,70,70,70,70,77,77,61,61,61,61,60,77,71,71,71,71,71,63,63,63,63,63,63,53,53,53,53,22],"gold":110,"neow_bonus":"BOSS_RELIC","is_daily":false,"chose_seed":true,"campfire_upgraded":10,"win_rate":0.0,"timestamp":1609706875,"path_taken":["M","M","$","M","?","R","E","R","T","E","M","M","?","?","R","BOSS","M","M","?","M","?","R","E","R","T","?","?","?","R","$","R","BOSS","M","$","?","M","M","E","R","?","T","R","M","?","E","?","R","BOSS"],"items_purchased_type":["Card","Card","Card","Card","Relic"],"build_version":"2020-12-22","purchased_purges":1,"victory":true,"max_hp_per_floor":[70,70,70,70,70,70,70,70,70,70,70,70,70,70,70,70,70,70,70,70,70,70,70,70,70,70,77,77,77,77,77,77,77,77,77,77,77,77,77,77,77,77,77,77,77,77,77,77,77,77],"relic_stats":{"Sozu":3,"Darkstone Periapt":0,"Centennial Puzzle":[3],"counters":[20,66],"Ornamental Fan":[100],"Mummified Hand":[10],"Blue Candle":[0],"Pandora\u0027s Box":["Backstab","Masterful Stab","Blur","Infinite Blades","Infinite Blades","Infinite Blades","Glass Knife","Accuracy","Accuracy","Infinite Blades"],"Art of War":[1],"obtain_stats":[{"Darkstone Periapt":47,"Nilry\u0027s Codex":29,"Blue Candle":7,"Thread and Needle":10,"Bottled Tornado":24,"Sozu":34,"Anchor":14,"Centennial Puzzle":40,"WristBlade":17,"Ornamental Fan":36,"Mummified Hand":48,"MutagenicStrength":20,"Strawberry":27,"Pandora\u0027s Box":0,"Molten Egg 2":26,"Bag of Marbles":13,"Red Mask":37,"Art of War":43,"Ring of the Snake":0},{"Darkstone Periapt":19,"Nilry\u0027s Codex":12,"Blue Candle":4,"Thread and Needle":5,"Bottled Tornado":12,"Sozu":13,"Anchor":7,"Centennial Puzzle":17,"WristBlade":8,"Ornamental Fan":14,"Mummified Hand":19,"MutagenicStrength":10,"Strawberry":12,"Pandora\u0027s Box":0,"Molten Egg 2":12,"Bag of Marbles":7,"Red Mask":14,"Art of War":17,"Ring of the Snake":0},{"Darkstone Periapt":59,"Nilry\u0027s Codex":36,"Blue Candle":11,"Thread and Needle":15,"Bottled Tornado":36,"Sozu":41,"Anchor":20,"Centennial Puzzle":53,"WristBlade":24,"Ornamental Fan":43,"Mummified Hand":59,"MutagenicStrength":29,"Strawberry":36,"Pandora\u0027s Box":0,"Molten Egg 2":36,"Bag of Marbles":20,"Red Mask":43,"Art of War":53,"Ring of the Snake":0}]},"card_choices":[{"not_picked":["Deadly Poison","Slice","All Out Attack"],"picked":"SKIP","floor":1.0},{"not_picked":["Sucker Punch","Bane"],"picked":"Leg Sweep","floor":2.0},{"not_picked":["PiercingWail","Deadly Poison","Sucker Punch"],"picked":"SKIP","floor":4.0},{"not_picked":["Outmaneuver","PiercingWail"],"picked":"Cloak And Dagger","floor":7.0},{"not_picked":["Backstab","Prepared"],"picked":"Terror","floor":10.0},{"not_picked":["Sucker Punch","Bane"],"picked":"Acrobatics","floor":11.0},{"not_picked":["Finisher","Flying Knee"],"picked":"Glass Knife","floor":12.0},{"not_picked":["Venomology","Corpse Explosion"],"picked":"Glass Knife","floor":16.0},{"not_picked":["Dodge and Roll","Leg Sweep"],"picked":"Acrobatics+1","floor":18.0},{"not_picked":["Choke","Dagger Throw+1","Outmaneuver"],"picked":"SKIP","floor":19.0},{"not_picked":["Bane","Acrobatics+1","Cloak And Dagger"],"picked":"SKIP","floor":21.0},{"not_picked":["Flying Knee+1","Skewer"],"picked":"Cloak And Dagger+1","floor":24.0},{"not_picked":["Die Die Die+1","Venomology"],"picked":"Bullet Time","floor":33.0},{"not_picked":["Quick Slash+1","Slice+1"],"picked":"Infinite Blades+1","floor":35.0},{"not_picked":["Blade Dance","Slice+1"],"picked":"Burst","floor":38.0},{"not_picked":["Sucker Punch+1","Blur+1"],"picked":"PiercingWail+1","floor":39.0},{"not_picked":["Setup","Dash+1"],"picked":"PiercingWail+1","floor":40.0},{"not_picked":["Flying Knee+1","Catalyst+1","PiercingWail"],"picked":"SKIP","floor":45},{"not_picked":["Mind Blast+1","Deep Breath"],"picked":"Dramatic Entrance+1","floor":46},{"not_picked":["Metamorphosis","Violence"],"picked":"PanicButton","floor":46},{"not_picked":["Violence","Finesse"],"picked":"Secret Technique","floor":46},{"not_picked":["Poisoned Stab+1","Cloak And Dagger","Dagger Throw+1"],"picked":"SKIP","floor":47}],"player_experience":325647,"relics_obtained":[{"floor":7.0,"key":"Blue Candle"},{"floor":10.0,"key":"Thread and Needle"},{"floor":14.0,"key":"Anchor"},{"floor":24.0,"key":"Bottled Tornado"},{"floor":26.0,"key":"Molten Egg 2"},{"floor":29.0,"key":"Nilry\u0027s Codex"},{"floor":40.0,"key":"Centennial Puzzle"},{"floor":43,"key":"Art of War"},{"floor":47,"key":"Darkstone Periapt"},{"floor":48,"key":"Mummified Hand"}],"event_choices":[{"damage_healed":0.0,"max_hp_gain":0.0,"max_hp_loss":0.0,"gold_gain":0.0,"event_name":"Living Wall","player_choice":"Grow","floor":5.0,"gold_loss":0.0,"damage_taken":0.0,"cards_upgraded":["Accuracy"]},{"damage_healed":0.0,"max_hp_gain":0.0,"max_hp_loss":0.0,"gold_gain":30.0,"event_name":"Dead Adventurer","player_choice":"Searched \u00273\u0027 times","floor":13.0,"gold_loss":0.0,"damage_taken":0.0,"relics_obtained":["Bag of Marbles"]},{"damage_healed":0.0,"max_hp_gain":0.0,"max_hp_loss":0.0,"gold_gain":0.0,"event_name":"Drug Dealer","player_choice":"Inject Mutagens","floor":20.0,"gold_loss":0.0,"damage_taken":0.0,"relics_obtained":["MutagenicStrength"]},{"cards_removed":["Acrobatics"],"damage_healed":0.0,"max_hp_gain":0.0,"max_hp_loss":0.0,"gold_gain":0.0,"event_name":"Back to Basics","player_choice":"Elegance","floor":22.0,"gold_loss":0.0,"damage_taken":0.0},{"damage_healed":0.0,"max_hp_gain":0.0,"max_hp_loss":0.0,"gold_gain":0.0,"event_name":"The Mausoleum","player_choice":"Opened","floor":27.0,"gold_loss":0.0,"damage_taken":0.0,"relics_obtained":["Strawberry"]},{"damage_healed":0.0,"max_hp_gain":0.0,"max_hp_loss":0.0,"gold_gain":0.0,"event_name":"Vampires","player_choice":"Ignored","floor":28.0,"gold_loss":0.0,"damage_taken":0.0},{"damage_healed":0.0,"max_hp_gain":0.0,"max_hp_loss":0.0,"gold_gain":0.0,"event_name":"Cursed Tome","player_choice":"Obtained Book","floor":29.0,"gold_loss":0.0,"damage_taken":16.0},{"damage_healed":0.0,"max_hp_gain":0.0,"max_hp_loss":0.0,"gold_gain":0.0,"event_name":"Tomb of Lord Red Mask","player_choice":"Paid","floor":37.0,"gold_loss":44.0,"damage_taken":0.0,"relics_obtained":["Red Mask"]},{"cards_removed":["PiercingWail"],"damage_healed":0,"gold_gain":0,"player_choice":"Removed Skill","damage_taken":0,"max_hp_gain":0,"max_hp_loss":0,"event_name":"Falling","floor":42,"gold_loss":0},{"damage_healed":0,"gold_gain":0,"player_choice":"Memory 3","damage_taken":10,"max_hp_gain":0,"max_hp_loss":0,"event_name":"SensoryStone","floor":46,"gold_loss":0}],"is_beta":false,"boss_relics":[{"not_picked":["Empty Cage","Runic Pyramid"],"picked":"WristBlade"},{"not_picked":["Philosopher\u0027s Stone","Snecko Eye"],"picked":"Sozu"}],"items_purged_floors":[31],"is_endless":false,"potions_floor_spawned":[4,10,11,16,33,35,38,40],"ascension_level":4}}