{"host":"t179ovrkr5k1gnfh","time":1609709916,"event":{"mods":["AchievementEnabler","BaseMod","Colored Map","Downfall","Marisa????????","Minty Spire (QoL Compilation)","StSLib"],"gold_per_floor":[216,216,216,44,55,55,6,54,130,148,148,181,1,1,1,133,133,152,152,175,175,95,129,3,66,66,97,97,97,137,195,195,340,340,379,16,16,35,67,67],"floor_reached":39,"playtime":1716,"items_purged":["Defend_MRS","StarDustReverie","FinalSpark"],"score":574,"play_id":"ee29e563-543c-43e8-80d2-c0504d027e78","local_time":"20210103223836","is_ascension_mode":true,"campfire_choices":[{"data":"Apotheosis","floor":6,"key":"SMITH"},{"data":"MysteriousBeam","floor":11,"key":"SMITH"},{"floor":15,"key":"REST"},{"data":"MillisecondPulsars","floor":28,"key":"SMITH"},{"floor":32,"key":"REST"}],"circlet_count":0,"master_deck":["Strike_MRS","Defend_MRS+1","Defend_MRS+1","MasterSpark","UpSweep","MachineGunSpark","MysteriousBeam+1","Apotheosis+1","Robbery","MilkyWay","AlicesGift","GrandCross","SporeBomb","NonDirectionalLaser","MillisecondPulsars+1","AsteroidBelt","Parasite","Parasite","FairyDestructionRay","UltimateShortwave","Singularity","AsteroidBelt"],"relics":["MiniHakkero","War Paint","The Courier","Ancient Tea Set","Bronze Scales","Golden Idol","Sozu","Potion Belt","Meat on the Bone","Anchor","Pen Nib","MealTicket","ShroomBag","Vajra","Busted Crown","Letter Opener"],"acts_visited":["Exordium","TheCity","TheBeyond"],"potions_floor_usage":[12,16,18],"damage_taken":[{"damage":2,"enemies":"Jaw Worm","floor":1,"turns":3},{"damage":1,"enemies":"2 Louse","floor":5,"turns":2},{"damage":16,"enemies":"Lagavulin","floor":8,"turns":7},{"damage":0,"enemies":"Cultist","floor":10,"turns":2},{"damage":24,"enemies":"Gremlin Nob","floor":12,"turns":4},{"damage":20,"enemies":"Hexaghost","floor":16,"turns":6},{"damage":6,"enemies":"Shell Parasite","floor":18,"turns":1},{"damage":7,"enemies":"Slavers","floor":23,"turns":2},{"damage":10,"enemies":"Gremlin Leader","floor":25,"turns":3},{"damage":14,"enemies":"Slavers","floor":27,"turns":3},{"damage":0,"enemies":"Chosen","floor":30,"turns":2},{"damage":13,"enemies":"Book of Stabbing","floor":31,"turns":3},{"damage":5,"enemies":"Automaton","floor":33,"turns":6},{"damage":0,"enemies":"3 Shapes","floor":35,"turns":2},{"damage":0,"enemies":"3 Darklings","floor":38,"turns":1},{"damage":78,"enemies":"Orin","floor":39,"turns":5}],"seed_played":"6339465317429187284","potions_obtained":[{"floor":10,"key":"Dexterity Potion"},{"floor":12,"key":"Swift Potion"},{"floor":16,"key":"ColorlessPotion"}],"is_trial":false,"path_per_floor":["M","?","?","$","M","R","$","E","T","M","R","E","$","?","R","B",null,"M","?","T","?","$","E","$","E","T","E","R","?","M","E","R","B",null,"M","$","?","M","?"],"character_chosen":"MARISA","items_purchased":["Apotheosis","MilkyWay","Bronze Scales","Anchor","Singularity","AsteroidBelt","Letter Opener"],"campfire_rested":2,"item_purchase_floors":[4,7,13,24,36,36,36],"current_hp_per_floor":[73,78,78,78,77,77,77,61,61,61,61,37,37,37,59,39,65,59,59,59,59,59,52,52,42,42,40,40,40,42,43,65,64,72,74,74,74,74,0,0],"gold":67,"neow_bonus":"HUNDRED_GOLD","is_daily":false,"chose_seed":false,"campfire_upgraded":3,"win_rate":0.0,"timestamp":1609709916,"path_taken":["M","?","?","$","M","R","?","E","T","?","R","E","$","?","R","BOSS","M","?","?","?","$","E","$","E","T","E","R","?","?","E","R","BOSS","M","$","?","?","?"],"items_purchased_type":["Card","Card","Relic","Relic","Card","Card","Relic"],"build_version":"2020-12-22","purchased_purges":3,"victory":false,"max_hp_per_floor":[75,80,80,80,80,80,80,80,80,80,80,80,80,74,74,74,74,74,74,74,74,74,74,74,74,74,74,74,74,74,74,74,74,74,74,74,74,74,74,74],"card_choices":[{"not_picked":["WitchOfGreed","NonDirectionalLaser"],"picked":"MachineGunSpark","floor":1},{"not_picked":["MysteriousBeam","WitchLeyline"],"picked":"Robbery","floor":5},{"not_picked":["AbsoluteMagnitude","MagicChant"],"picked":"AlicesGift","floor":8},{"not_picked":["LuminesStrike","StarlightTyphoon"],"picked":"GrandCross","floor":10},{"not_picked":["EventHorizon","DoubleSpark"],"picked":"SporeBomb","floor":12},{"not_picked":["BinaryStars","SatelliteIllusion"],"picked":"FinalSpark","floor":16},{"not_picked":["MysteriousBeam","Acceleration","IllusionStar"],"picked":"SKIP","floor":18},{"not_picked":["DarkMatter","StarBarrage"],"picked":"MillisecondPulsars","floor":23},{"not_picked":["DarkSpark","EnergyRecoil"],"picked":"AsteroidBelt","floor":25},{"not_picked":["Robbery+1","NonDirectionalLaser+1"],"picked":"FairyDestructionRay","floor":27},{"not_picked":["PropBag","ShootTheMoon+1","UnstableBomb"],"picked":"SKIP","floor":30},{"not_picked":["GravityBeat","PropBag","UnstableBomb"],"picked":"SKIP","floor":31},{"not_picked":["FinalSpark","MaximisePower"],"picked":"UltimateShortwave","floor":33},{"not_picked":["Acceleration"],"picked":"SKIP","floor":35},{"not_picked":["SporeBomb"],"picked":"SKIP","floor":38}],"player_experience":244719,"relics_obtained":[{"floor":8,"key":"War Paint"},{"floor":9,"key":"The Courier"},{"floor":12,"key":"Ancient Tea Set"},{"floor":23,"key":"Meat on the Bone"},{"floor":25,"key":"Pen Nib"},{"floor":26,"key":"MealTicket"},{"floor":27,"key":"ShroomBag"},{"floor":31,"key":"Vajra"}],"event_choices":[{"damage_healed":0,"gold_gain":0,"player_choice":"Donut","damage_taken":0,"max_hp_gain":5,"max_hp_loss":0,"event_name":"Big Fish","floor":2,"gold_loss":0},{"damage_healed":0,"gold_gain":0,"cards_transformed":["Strike_MRS"],"player_choice":"Change","damage_taken":0,"max_hp_gain":0,"max_hp_loss":0,"event_name":"Living Wall","floor":3,"gold_loss":0,"cards_obtained":["MysteriousBeam"]},{"damage_healed":0,"gold_gain":0,"player_choice":"Lose Max HP","damage_taken":0,"relics_obtained":["Golden Idol"],"max_hp_gain":0,"max_hp_loss":6,"event_name":"Golden Idol","floor":14,"gold_loss":0},{"damage_healed":0,"gold_gain":0,"player_choice":"Opened","damage_taken":0,"relics_obtained":["Potion Belt"],"max_hp_gain":0,"max_hp_loss":0,"event_name":"The Mausoleum","floor":19,"gold_loss":0},{"damage_healed":0,"gold_gain":0,"cards_transformed":["Strike_MRS","Defend_MRS"],"player_choice":"Became Test Subject","damage_taken":0,"max_hp_gain":0,"max_hp_loss":0,"event_name":"Drug Dealer","floor":21,"gold_loss":0,"cards_obtained":["NonDirectionalLaser","StarDustReverie"]},{"cards_removed":["Strike_MRS"],"damage_healed":0,"gold_gain":0,"player_choice":"Purged","damage_taken":0,"max_hp_gain":0,"max_hp_loss":0,"event_name":"Purifier","floor":29,"gold_loss":0},{"damage_healed":0,"gold_gain":0,"player_choice":"Ignored","damage_taken":0,"max_hp_gain":0,"max_hp_loss":0,"event_name":"SecretPortal","floor":37,"gold_loss":0},{"damage_healed":0,"gold_gain":0,"player_choice":"Fight","damage_taken":0,"max_hp_gain":0,"max_hp_loss":0,"event_name":"OrinTheCat","floor":39,"gold_loss":0}],"is_beta":false,"boss_relics":[{"not_picked":["RampagingMagicTools","Runic Dome"],"picked":"Sozu"},{"not_picked":["Coffee Dripper","Philosopher\u0027s Stone"],"picked":"Busted Crown"}],"items_purged_floors":[13,22,36],"is_endless":false,"potions_floor_spawned":[10,12,16,25,27,30],"killed_by":"Orin","ascension_level":5}}