{"host":"drk0p5jtlzl1xmwe","time":1609716944,"event":{"mods":["2.2 Compatiblity","AchievementEnabler","Act Like it!","Bard","BaseMod","Better Note","Better Vampires","Ekko","Friendly Minions","Hermit","Hubris","Infinite Spire","Luminous","Marisa????????","Minty Spire (QoL Compilation)","Rare Cards Sparkle","Relic Stats","Replay The Spire","Shade Mod","StSLib","The Animator","The Bug Knight","The Cursed","The Disciple","The Gatherer","The Servant 0.9.4","The Spell Scribe"],"gold_per_floor":[114,132,132,132,132,132,165,165,165,193,193,193,211,242,242,340,340,351,365,365,365,365,394,411,411,493,504,514,514,543,557,557,654,654,665,717,717,734,753,786,786,803,803,832,850,874,895,921,921,928],"floor_reached":51,"playtime":2599,"items_purged":["hermit:Strike_Hermit"],"score":1072,"play_id":"4c9c5237-83a9-4ff8-b2d7-1e4ccf4a8e46","local_time":"20210103233544","is_ascension_mode":true,"campfire_choices":[{"data":"infinitespire:SevenWalls","floor":6,"key":"SMITH"},{"data":"hermit:HighCaliber","floor":8,"key":"SMITH"},{"data":"hermit:Dive","floor":11,"key":"SMITH"},{"data":"hermit:HighNoon","floor":15,"key":"SMITH"},{"floor":25,"key":"REST"},{"data":"infinitespire:Punishment","floor":32,"key":"SMITH"},{"data":"hermit:EyeOfTheStorm","floor":41,"key":"SMITH"},{"floor":49,"key":"REST"}],"circlet_count":0,"master_deck":["hermit:Strike_Hermit","hermit:Strike_Hermit","hermit:Strike_Hermit+1","hermit:Defend_Hermit","hermit:Defend_Hermit","hermit:Defend_Hermit","hermit:Snapshot","hermit:Covet","hermit:Dive+1","hermit:HighCaliber+1","infinitespire:SevenWalls+1","hermit:HighCaliber","hermit:HighNoon+1","hermit:RoundhouseKick","hermit:Determination","hermit:Deadeye","hermit:EyeOfTheStorm+1","hermit:HighCaliber+1","hermit:GhostlyPresence","hermit:HighCaliber+1","infinitespire:Punishment+1","hermit:Maintenance+1","hermit:HighCaliber","hermit:BodyArmor","hermit:Showdown+1","hermit:Scavenge+1"],"relics":["hermit:Momento","Pet Ghost","Bird Faced Urn","ReplayTheSpireMod:Ninjato","Calipers","infinitespire:Joker Card","SacredBark","Nilry\u0027s Codex","hubris:CrystalStatue","MealTicket","HornCleat","Replay:PocketPolymizer","Omamori","hubris:RunicObelisk","Thread and Needle","hubris:SphereOfDissonance","infinitespire:PuzzleCube","infinitespire:FocusingShard","Whetstone"],"acts_visited":["Exordium","TheCity","TheBeyond"],"potions_floor_usage":[7,16,28,30,33,36,36,36,44,47,50],"damage_taken":[{"damage":5,"enemies":"Small Slimes","floor":1,"turns":3},{"damage":0,"enemies":"2 Louse","floor":2,"turns":2},{"damage":0,"enemies":"Lagavulin","floor":7,"turns":4},{"damage":0,"enemies":"3 Sentries","floor":10,"turns":6},{"damage":0,"enemies":"Jaw Worm","floor":13,"turns":2},{"damage":0,"enemies":"Gremlin Nob","floor":14,"turns":3},{"damage":0,"enemies":"The Guardian","floor":16,"turns":13},{"damage":5,"enemies":"Spheric Guardian","floor":18,"turns":4},{"damage":2,"enemies":"Chosen","floor":19,"turns":5},{"damage":47,"enemies":"Slavers","floor":23,"turns":5},{"damage":2,"enemies":"Snake Plant","floor":24,"turns":4},{"damage":0,"enemies":"Sentry and Sphere","floor":27,"turns":4},{"damage":3,"enemies":"Centurion and Healer","floor":28,"turns":6},{"damage":0,"enemies":"Book of Stabbing","floor":30,"turns":5},{"damage":3,"enemies":"Snake Plant","floor":31,"turns":5},{"damage":44,"enemies":"hubris:MusketHawk","floor":33,"turns":9},{"damage":0,"enemies":"Orb Walker","floor":35,"turns":2},{"damage":44,"enemies":"2 Orb Walkers","floor":36,"turns":5},{"damage":0,"enemies":"3 Darklings","floor":38,"turns":4},{"damage":0,"enemies":"Writhing Mass","floor":39,"turns":6},{"damage":16,"enemies":"Giant Head","floor":40,"turns":9},{"damage":7,"enemies":"Sphere and 2 Shapes","floor":42,"turns":2},{"damage":26,"enemies":"Reptomancer","floor":44,"turns":7},{"damage":0,"enemies":"4 Shapes","floor":45,"turns":4},{"damage":0,"enemies":"Maw","floor":46,"turns":4},{"damage":6,"enemies":"Jaw Worm Horde","floor":47,"turns":3},{"damage":12,"enemies":"infinitespire:MassOfShapes","floor":50,"turns":11}],"seed_played":"6917220105219144420","potions_obtained":[{"floor":1,"key":"Fire Potion"},{"floor":7,"key":"Milkshake"},{"floor":13,"key":"Swift Potion"},{"floor":14,"key":"SpeedPotion"},{"floor":18,"key":"GamblersBrew"},{"floor":27,"key":"EssenceOfSteel"},{"floor":30,"key":"Ancient Potion"},{"floor":31,"key":"Ancient Potion"},{"floor":33,"key":"Doom Potion"},{"floor":42,"key":"BlessingOfTheForge"},{"floor":46,"key":"Dexterity Potion"},{"floor":47,"key":"Cursed Concoction"}],"is_trial":false,"path_per_floor":["M","M","?","$","?","R","E","R","T","E","R","?","M","E","R","B",null,"M","M","?","?","T","E","M","R","T","M","M","AVR","E","M","R","B",null,"M","?","?","M","M","E","R","M","T","E","M","M","M","T","R","B",null],"character_chosen":"HERMIT","items_purchased":[],"campfire_rested":2,"item_purchase_floors":[],"current_hp_per_floor":[77,77,58,58,58,58,58,58,58,58,58,51,51,51,51,53,82,77,77,61,61,61,16,14,38,38,40,39,39,41,42,42,2,82,82,38,38,38,40,28,28,23,23,3,5,9,3,3,26,18],"gold":928,"neow_bonus":"TEN_PERCENT_HP_BONUS","is_daily":false,"chose_seed":false,"campfire_upgraded":6,"win_rate":0.0,"timestamp":1609716944,"path_taken":["M","M","?","$","?","R","E","R","T","E","R","?","M","E","R","BOSS","M","M","?","?","?","E","?","R","T","M","M","AVR","E","M","R","BOSS","M","?","?","M","M","E","R","M","T","E","M","M","M","?","R","BOSS"],"items_purchased_type":[],"build_version":"2020-12-22","purchased_purges":1,"victory":true,"max_hp_per_floor":[82,82,82,82,82,82,82,82,82,82,82,82,82,82,82,82,82,82,82,82,82,82,82,82,82,82,82,82,82,82,82,82,82,82,82,82,78,78,78,78,78,78,78,78,78,78,78,78,78,78],"relic_stats":{"counters":[27,137],"Bird Faced Urn":[44],"MealTicket":0,"Whetstone":["hermit:HighCaliber","hermit:Strike_Hermit"],"obtain_stats":[{"ReplayTheSpireMod:Ninjato":10,"Calipers":12,"hubris:CrystalStatue":22,"Replay:PocketPolymizer":29,"Nilry\u0027s Codex":20,"SacredBark":17,"hubris:SphereOfDissonance":40,"Thread and Needle":36,"infinitespire:Joker Card":14,"infinitespire:FocusingShard":44,"Omamori":30,"Whetstone":48,"hubris:RunicObelisk":34,"Pet Ghost":7,"HornCleat":26,"Bird Faced Urn":9,"MealTicket":23,"hermit:Momento":0,"infinitespire:PuzzleCube":43},{"ReplayTheSpireMod:Ninjato":4,"Calipers":4,"hubris:CrystalStatue":9,"Replay:PocketPolymizer":13,"Nilry\u0027s Codex":9,"SacredBark":7,"hubris:SphereOfDissonance":21,"Thread and Needle":18,"infinitespire:Joker Card":6,"infinitespire:FocusingShard":23,"Omamori":14,"Whetstone":26,"hubris:RunicObelisk":16,"Pet Ghost":3,"HornCleat":11,"Bird Faced Urn":3,"MealTicket":10,"hermit:Momento":0,"infinitespire:PuzzleCube":22},{"ReplayTheSpireMod:Ninjato":15,"Calipers":15,"hubris:CrystalStatue":42,"Replay:PocketPolymizer":61,"Nilry\u0027s Codex":42,"SacredBark":33,"hubris:SphereOfDissonance":106,"Thread and Needle":87,"infinitespire:Joker Card":20,"infinitespire:FocusingShard":115,"Omamori":66,"Whetstone":126,"hubris:RunicObelisk":80,"Pet Ghost":9,"HornCleat":51,"Bird Faced Urn":9,"MealTicket":47,"hermit:Momento":0,"infinitespire:PuzzleCube":108}]},"card_choices":[{"not_picked":["hermit:Feint","hermit:HoleUp"],"picked":"hermit:Dive","floor":1},{"not_picked":["hermit:Coalescence","hermit:WideOpen"],"picked":"hermit:HighCaliber","floor":2},{"not_picked":["Replay:Fractal Strike","infinitespire:Collect"],"picked":"infinitespire:SevenWalls","floor":3},{"not_picked":["hermit:LowProfile","hermit:Misfire","hermit:Quickdraw"],"picked":"SKIP","floor":7},{"not_picked":["hermit:LowProfile","hermit:ItchyTrigger"],"picked":"hermit:HighCaliber","floor":10},{"not_picked":["hermit:Vantage","hermit:Shortfuse","hermit:Misfire"],"picked":"SKIP","floor":13},{"not_picked":["hermit:HoleUp","hermit:Combo"],"picked":"hermit:HighNoon","floor":14},{"not_picked":["hermit:BlackWind","hermit:Reprieve"],"picked":"hermit:RoundhouseKick","floor":16},{"not_picked":["hermit:Coalescence","hermit:WideOpen"],"picked":"hermit:Determination","floor":18},{"not_picked":["hermit:Malice","hermit:Vantage"],"picked":"hermit:Deadeye","floor":19},{"not_picked":["hermit:Desperado","hermit:DeadMansHand"],"picked":"hermit:HighCaliber+1","floor":23},{"not_picked":["hermit:Quickdraw","hermit:Vantage+1","hermit:Adapt"],"picked":"SKIP","floor":24},{"not_picked":["hermit:Snipe","hermit:WideOpen+1"],"picked":"hermit:GhostlyPresence","floor":27},{"not_picked":["hermit:Showdown","hermit:Glare"],"picked":"hermit:HighCaliber","floor":28},{"not_picked":["hermit:Glare","hermit:FinalCanter","hermit:TrackingShot+1"],"picked":"SKIP","floor":30},{"not_picked":["hermit:Misfire","hermit:ItchyTrigger+1","hermit:Roulette+1"],"picked":"SKIP","floor":31},{"not_picked":["hermit:Glare+1","hermit:Grudge+1"],"picked":"hermit:Maintenance+1","floor":35},{"not_picked":["hermit:PistolWhip+1","hermit:SprayPray+1"],"picked":"hermit:HighCaliber","floor":38},{"not_picked":["hermit:FullyLoaded+1","hermit:Feint+1"],"picked":"hermit:BodyArmor","floor":39},{"not_picked":["hermit:FatalDesire","hermit:Maintenance","hermit:BodyArmor+1"],"picked":"SKIP","floor":40},{"not_picked":["hermit:TakeCover+1","hermit:Ricochet+1"],"picked":"hermit:Showdown+1","floor":42},{"not_picked":["hermit:Determination","hermit:Snipe+1"],"picked":"hermit:Scavenge+1","floor":44},{"not_picked":["hermit:Feint","hermit:Misfire","hermit:Ricochet"],"picked":"SKIP","floor":45},{"not_picked":["hermit:Glare","hermit:Misfire+1","hermit:CalledShot"],"picked":"SKIP","floor":46},{"not_picked":["hermit:Virtue+1","hermit:Spite+1","hermit:Misfire"],"picked":"SKIP","floor":47}],"player_experience":660670,"relics_obtained":[{"floor":7,"key":"Pet Ghost"},{"floor":9,"key":"Bird Faced Urn"},{"floor":10,"key":"ReplayTheSpireMod:Ninjato"},{"floor":14,"key":"infinitespire:Joker Card"},{"floor":20,"key":"Nilry\u0027s Codex"},{"floor":22,"key":"hubris:CrystalStatue"},{"floor":23,"key":"MealTicket"},{"floor":26,"key":"HornCleat"},{"floor":30,"key":"Omamori"},{"floor":36,"key":"Thread and Needle"},{"floor":40,"key":"hubris:SphereOfDissonance"},{"floor":43,"key":"infinitespire:PuzzleCube"},{"floor":44,"key":"infinitespire:FocusingShard"},{"floor":48,"key":"Whetstone"}],"event_choices":[{"damage_healed":0,"gold_gain":0,"player_choice":"Success","damage_taken":7,"relics_obtained":["Calipers"],"max_hp_gain":0,"max_hp_loss":0,"event_name":"Scrap Ooze","floor":12,"gold_loss":0},{"damage_healed":0,"gold_gain":0,"player_choice":"Obtained Book","damage_taken":16,"max_hp_gain":0,"max_hp_loss":0,"event_name":"Cursed Tome","floor":20,"gold_loss":0},{"damage_healed":0,"gold_gain":0,"player_choice":"Read","damage_taken":0,"max_hp_gain":0,"max_hp_loss":0,"event_name":"The Library","floor":21,"gold_loss":0,"cards_obtained":["hermit:EyeOfTheStorm"]},{"damage_healed":0,"gold_gain":0,"player_choice":"Fight","damage_taken":0,"max_hp_gain":0,"max_hp_loss":0,"event_name":"Mysterious Sphere","floor":36,"gold_loss":0},{"damage_healed":0,"gold_gain":0,"player_choice":"Max HP","damage_taken":0,"max_hp_gain":0,"max_hp_loss":4,"event_name":"Winding Halls","floor":37,"gold_loss":0}],"is_beta":false,"boss_relics":[{"not_picked":["Velvet Choker","Replay:Ancient Bell"],"picked":"SacredBark"},{"not_picked":["Abe\u0027s Treasure","Astrolabe"],"picked":"hubris:RunicObelisk"}],"items_purged_floors":[29],"is_endless":false,"potions_floor_spawned":[1,7,13,14,18,27,30,31,33,42,46,47],"ascension_level":3}}