{"host":"Fun","time":1609709764,"event":{"mods":["BaseMod","Colored Map","Minty Spire (QoL Compilation)","Relic Stats","StSLib"],"gold_per_floor":[114,125,142,142,160,160,36,36,61,61,79,90,121,132,132,209,209,226,237,252,252,252,252],"floor_reached":22,"playtime":637,"items_purged":[],"score":352,"play_id":"44914141-9f07-452e-b324-8f5c3bb361b0","local_time":"20210103163604","is_ascension_mode":true,"campfire_choices":[{"data":"Beam Cell","floor":6,"key":"SMITH"},{"data":"Defragment","floor":8,"key":"SMITH"},{"data":"Doom and Gloom","floor":10,"key":"SMITH"},{"data":"Go for the Eyes","floor":15,"key":"SMITH"}],"circlet_count":0,"master_deck":["AscendersBane","Strike_B+1","Strike_B+1","Strike_B+1","Strike_B+1","Defend_B+1","Defend_B+1","Defend_B+1","Defend_B+1","Zap+1","Dualcast","Self Repair","Beam Cell+1","Cold Snap","Go for the Eyes+1","Defragment+1","Doom and Gloom+1","Cold Snap","Compile Driver","Sunder","Creative AI","Barrage","Force Field","Consume+1"],"relics":["Cracked Core","WarpedTongs","Potion Belt","Happy Flower","Snecko Eye"],"acts_visited":["Exordium","TheCity"],"potions_floor_usage":[12,16,20],"damage_taken":[{"damage":0,"enemies":"Cultist","floor":1,"turns":3},{"damage":0,"enemies":"2 Louse","floor":2,"turns":2},{"damage":0,"enemies":"Small Slimes","floor":3,"turns":2},{"damage":3,"enemies":"Blue Slaver","floor":5,"turns":4},{"damage":6,"enemies":"3 Louse","floor":11,"turns":2},{"damage":18,"enemies":"Exordium Thugs","floor":12,"turns":4},{"damage":8,"enemies":"Gremlin Nob","floor":13,"turns":4},{"damage":7,"enemies":"Looter","floor":14,"turns":2},{"damage":16,"enemies":"Hexaghost","floor":16,"turns":6},{"damage":11,"enemies":"Chosen","floor":18,"turns":5},{"damage":4,"enemies":"Spheric Guardian","floor":19,"turns":3},{"damage":38,"enemies":"Chosen and Byrds","floor":20,"turns":7},{"damage":34,"enemies":"Masked Bandits","floor":22,"turns":2}],"seed_played":"802474123267282903","potions_obtained":[{"floor":1,"key":"Fire Potion"},{"floor":3,"key":"Fire Potion"},{"floor":14,"key":"LiquidBronze"}],"is_trial":false,"path_per_floor":["M","M","M","?","M","R","$","R","T","R","M","M","E","M","R","B",null,"M","M","M","?","?"],"character_chosen":"DEFECT","items_purchased":["Defragment","Doom and Gloom"],"campfire_rested":0,"item_purchase_floors":[7,7],"current_hp_per_floor":[71,78,78,55,59,59,59,59,59,59,53,42,44,37,37,28,66,62,65,34,34,0,0],"gold":252,"neow_bonus":"TEN_PERCENT_HP_BONUS","is_daily":false,"chose_seed":false,"campfire_upgraded":4,"win_rate":0.0,"timestamp":1609709764,"path_taken":["M","M","?","?","M","R","$","R","T","R","M","M","E","M","R","BOSS","M","M","M","?","?"],"items_purchased_type":["Card","Card"],"build_version":"2020-12-18","purchased_purges":0,"victory":false,"max_hp_per_floor":[78,78,78,78,78,78,78,78,78,78,78,78,78,78,78,78,78,78,78,78,78,78,78],"relic_stats":{"Happy Flower":[8],"counters":[13,46],"Snecko Eye":[29,24,28,35],"obtain_stats":[{"Potion Belt":9,"Happy Flower":13,"Snecko Eye":17,"Cracked Core":0,"WarpedTongs":0},{"Potion Belt":4,"Happy Flower":7,"Snecko Eye":9,"Cracked Core":0,"WarpedTongs":0},{"Potion Belt":11,"Happy Flower":21,"Snecko Eye":29,"Cracked Core":0,"WarpedTongs":0}],"WarpedTongs":[46]},"card_choices":[{"not_picked":["Steam Power","Gash"],"picked":"Self Repair","floor":1},{"not_picked":["Storm","Stack"],"picked":"Beam Cell","floor":2},{"not_picked":["Barrage","Compile Driver"],"picked":"Cold Snap","floor":3},{"not_picked":["Leap","Steam"],"picked":"Go for the Eyes","floor":5},{"not_picked":["Rebound","Ball Lightning"],"picked":"Cold Snap","floor":11},{"not_picked":["Beam Cell","Double Energy"],"picked":"Compile Driver","floor":12},{"not_picked":["Static Discharge","Auto Shields"],"picked":"Sunder","floor":13},{"not_picked":["Stack","Thunder Strike","Turbo"],"picked":"SKIP","floor":14},{"not_picked":["Machine Learning","Seek"],"picked":"Creative AI","floor":16},{"not_picked":["Hello World","Beam Cell"],"picked":"Barrage","floor":18},{"not_picked":["Stack","Loop"],"picked":"Force Field","floor":19},{"not_picked":["Chill","Doom and Gloom"],"picked":"Consume+1","floor":20}],"player_experience":146377,"relics_obtained":[{"floor":9,"key":"Potion Belt"},{"floor":13,"key":"Happy Flower"}],"event_choices":[{"damage_healed":0,"gold_gain":0,"player_choice":"Entered Light","damage_taken":23,"max_hp_gain":0,"max_hp_loss":0,"event_name":"Shining Light","floor":4,"gold_loss":0,"cards_upgraded":["Defend_B","Zap"]},{"damage_healed":0,"gold_gain":0,"player_choice":"Simplicity","damage_taken":0,"max_hp_gain":0,"max_hp_loss":0,"event_name":"Back to Basics","floor":21,"gold_loss":0,"cards_upgraded":["Strike_B","Strike_B","Strike_B","Strike_B","Defend_B","Defend_B","Defend_B"]},{"damage_healed":0,"gold_gain":0,"player_choice":"Fought Bandits","damage_taken":0,"max_hp_gain":0,"max_hp_loss":0,"event_name":"Masked Bandits","floor":22,"gold_loss":0}],"is_beta":true,"boss_relics":[{"not_picked":["Black Star","Inserter"],"picked":"Snecko Eye"}],"items_purged_floors":[],"is_endless":false,"potions_floor_spawned":[1,3,5,14],"killed_by":"Masked Bandits","ascension_level":17}}