{"host":"drk0p5jtlzl1xmwe","time":1609710712,"event":{"mods":["2.2 Compatiblity","AchievementEnabler","Act Like it!","Bard","BaseMod","Better Note","Better Vampires","Ekko","Friendly Minions","Hermit","Hubris","Infinite Spire","Luminous","Marisa????????","Minty Spire (QoL Compilation)","Rare Cards Sparkle","Relic Stats","Replay The Spire","Shade Mod","StSLib","The Animator","The Bug Knight","The Cursed","The Disciple","The Gatherer","The Servant 0.9.4","The Spell Scribe"],"gold_per_floor":[116,126,141,65,85,112,112,137,137,137,137,37,112,125,125,125,125],"floor_reached":16,"playtime":557,"items_purged":["hermit:Defend_Hermit","Amnesia"],"score":127,"play_id":"ee2d58c9-b937-4ef9-b268-dd535cb0c488","local_time":"20210103215152","is_ascension_mode":true,"campfire_choices":[{"data":"hermit:BlackWind","floor":7,"key":"SMITH"},{"data":"hermit:Gestalt","floor":11,"key":"SMITH"},{"data":"hermit:Reprieve","floor":15,"key":"SMITH"}],"circlet_count":0,"master_deck":["hermit:Strike_Hermit","hermit:Strike_Hermit","hermit:Strike_Hermit","hermit:Strike_Hermit","hermit:Defend_Hermit","hermit:Defend_Hermit","hermit:Defend_Hermit","hermit:Snapshot","hermit:Covet","hermit:Determination","hermit:TakeAim","hermit:BlackWind+1","ReplayTheSpireMod:Restless Dread","hermit:Enervate","hermit:BigShot","hermit:Gestalt+1","hermit:Reprieve+1"],"relics":["hermit:Momento","ReplayTheSpireMod:CursedCoin","hubris:SlimyHat","PreservedInsect","MealTicket","HollowMod:LifeEnderRelic"],"acts_visited":["Exordium"],"potions_floor_usage":[5,6,6,16],"damage_taken":[{"damage":2,"enemies":"2 Louse","floor":1,"turns":3},{"damage":6,"enemies":"Jaw Worm","floor":2,"turns":4},{"damage":25,"enemies":"infinitespire:Voidling","floor":3,"turns":5},{"damage":9,"enemies":"Red Slaver","floor":5,"turns":2},{"damage":29,"enemies":"Lagavulin","floor":6,"turns":5},{"damage":15,"enemies":"3 Sentries","floor":8,"turns":5},{"damage":16,"enemies":"Looter","floor":14,"turns":4},{"damage":63,"enemies":"Hexaghost","floor":16,"turns":9}],"seed_played":"-1600775260272444762","potions_obtained":[{"floor":1,"key":"Fire Potion"},{"floor":3,"key":"FearPotion"},{"floor":5,"key":"SpeedPotion"},{"floor":14,"key":"Adrenaline Potion"}],"is_trial":false,"path_per_floor":["M","M","M","$","M","E","R","E","T","?","R","$","?","M","R","B"],"character_chosen":"HERMIT","items_purchased":["ReplayTheSpireMod:CursedCoin","hubris:SlimyHat"],"campfire_rested":0,"item_purchase_floors":[4,4],"current_hp_per_floor":[80,74,61,61,52,23,23,8,8,82,82,82,74,58,58,0,0],"gold":125,"neow_bonus":"TEN_PERCENT_HP_BONUS","is_daily":false,"chose_seed":false,"campfire_upgraded":3,"win_rate":0.0,"timestamp":1609710712,"path_taken":["M","M","M","$","M","E","R","E","T","?","R","$","?","M","R","BOSS"],"items_purchased_type":["Relic","Relic"],"build_version":"2020-12-22","purchased_purges":2,"victory":false,"max_hp_per_floor":[82,82,82,82,82,82,82,82,82,82,82,82,82,82,82,82,82],"relic_stats":{"counters":[8,37],"MealTicket":0,"PreservedInsect":30,"obtain_stats":[{"HollowMod:LifeEnderRelic":9,"ReplayTheSpireMod:CursedCoin":4,"MealTicket":8,"PreservedInsect":6,"hubris:SlimyHat":4,"hermit:Momento":0},{"HollowMod:LifeEnderRelic":6,"ReplayTheSpireMod:CursedCoin":3,"MealTicket":6,"PreservedInsect":5,"hubris:SlimyHat":3,"hermit:Momento":0},{"HollowMod:LifeEnderRelic":24,"ReplayTheSpireMod:CursedCoin":12,"MealTicket":24,"PreservedInsect":19,"hubris:SlimyHat":12,"hermit:Momento":0}]},"card_choices":[{"not_picked":["hermit:LowProfile","hermit:Midnight"],"picked":"hermit:Determination","floor":1},{"not_picked":["hermit:Showdown","hermit:WideOpen"],"picked":"hermit:TakeAim","floor":2},{"not_picked":["hermit:Glare","hermit:HoleUp"],"picked":"hermit:BlackWind","floor":3},{"not_picked":["hermit:ShadowCloak","hermit:GoldenBullet"],"picked":"hermit:Enervate","floor":5},{"not_picked":["hermit:Malice","hermit:Roulette"],"picked":"hermit:BigShot","floor":6},{"not_picked":["hermit:GoldenBullet","hermit:BigShot"],"picked":"hermit:Gestalt","floor":8},{"not_picked":["hermit:Manifest","hermit:Coalescence"],"picked":"hermit:Reprieve","floor":14}],"player_experience":656612,"relics_obtained":[{"floor":6,"key":"PreservedInsect"},{"floor":8,"key":"MealTicket"},{"floor":9,"key":"HollowMod:LifeEnderRelic"}],"event_choices":[{"damage_healed":0,"gold_gain":75,"player_choice":"Touch","damage_taken":8,"max_hp_gain":0,"max_hp_loss":0,"event_name":"FaceTrader","floor":13,"gold_loss":0}],"is_beta":false,"boss_relics":[],"items_purged_floors":[4,12],"is_endless":false,"potions_floor_spawned":[1,3,5,14],"killed_by":"Hexaghost","ascension_level":3}}