{"host":"uyp13icwa33nzjib","time":1609699517,"event":{"mods":["AchievementEnabler","BaseMod","BetterRewards","Colored Map","Colored Powertips","Defuse TimeMaze Blight","Infinite Spire","Mimic Mod","Minty Spire (QoL Compilation)","Quick Restart","Relic Stats","Replay The Spire","StSLib","UnlockEverythingMod"],"gold_per_floor":[116,41,53,53,69,95,95,129,129,129,139,139,168,184,184,184,184],"floor_reached":16,"playtime":436,"items_purged":["Defend_R"],"score":120,"play_id":"d107e8f5-0979-4db9-a3c5-d240f899dd47","local_time":"20210103134517","daily_mods":["Red Cards","Green Cards","Blue Cards","Purple Cards","Heirloom","DeadlyEvents","Elite Swarm","Lethality","Uncertain Future"],"is_ascension_mode":false,"campfire_choices":[{"data":"Double Energy","floor":7,"key":"SMITH"},{"data":"Bash","floor":7,"key":"SMITH"},{"floor":10,"key":"REST"},{"data":"Limit Break","floor":15,"key":"SMITH"},{"data":"Sucker Punch","floor":15,"key":"SMITH"}],"circlet_count":0,"master_deck":["Strike_R","Strike_R","Strike_R","Strike_R","Strike_R","Defend_R","Defend_R","Defend_R","Bash+1","Iron Wave+1","FollowUp","Voices","Double Energy+1","Double Tap","Sucker Punch+1","Limit Break+1","PathToVictory"],"relics":["Burning Blood","Replay:Arrowhead","Ring of Hypnosis","Blood Vial","Du-Vu Doll","Snack Pack","Magic Flower"],"acts_visited":["Exordium"],"potions_floor_usage":[16,16],"damage_taken":[{"damage":0,"enemies":"Small Slimes","floor":1,"turns":2},{"damage":0,"enemies":"2 Louse","floor":3,"turns":2},{"damage":15,"enemies":"Jaw Worm","floor":5,"turns":2},{"damage":35,"enemies":"Gremlin Nob","floor":6,"turns":4},{"damage":38,"enemies":"3 Sentries","floor":8,"turns":5},{"damage":0,"enemies":"Exordium Wildlife","floor":11,"turns":3},{"damage":16,"enemies":"Lagavulin","floor":13,"turns":3},{"damage":7,"enemies":"Blue Slaver","floor":14,"turns":3},{"damage":50,"enemies":"Hexaghost","floor":16,"turns":2}],"seed_played":"-4053642349644445326","potions_obtained":[{"floor":5,"key":"Reflective Coating"},{"floor":8,"key":"SteroidPotion"},{"floor":14,"key":"Ancient Potion"}],"is_trial":true,"path_per_floor":["M","$","M","?","M","E","R","E","T","R","M","?","E","M","R","B"],"character_chosen":"IRONCLAD","items_purchased":[],"campfire_rested":1,"item_purchase_floors":[],"current_hp_per_floor":[80,80,80,80,71,42,42,12,12,36,44,44,40,45,45,0,0],"gold":184,"neow_bonus":"","is_daily":false,"chose_seed":false,"campfire_upgraded":4,"win_rate":0.0,"timestamp":1609699517,"path_taken":["M","$","M","?","M","E","R","E","T","R","M","?","E","?","R","BOSS"],"items_purchased_type":[],"build_version":"2020-12-22","purchased_purges":1,"victory":false,"max_hp_per_floor":[80,80,80,80,80,80,80,80,80,80,80,80,80,80,80,80,80],"relic_stats":{"Blood Vial":12,"counters":[9,26],"Magic Flower":[5],"obtain_stats":[{"Blood Vial":6,"Du-Vu Doll":8,"Ring of Hypnosis":4,"Magic Flower":13,"Snack Pack":9,"Burning Blood":0,"Replay:Arrowhead":0},{"Blood Vial":4,"Du-Vu Doll":5,"Ring of Hypnosis":2,"Magic Flower":7,"Snack Pack":5,"Burning Blood":0,"Replay:Arrowhead":0},{"Blood Vial":10,"Du-Vu Doll":15,"Ring of Hypnosis":4,"Magic Flower":21,"Snack Pack":15,"Burning Blood":0,"Replay:Arrowhead":0}],"Burning Blood":39},"card_choices":[{"not_picked":["Auto Shields","Beam Cell"],"picked":"Iron Wave","floor":1},{"not_picked":["Replay:BluntJabs","ClearTheMind"],"picked":"FollowUp","floor":3},{"not_picked":["Dodge and Roll","Prostrate"],"picked":"Double Energy","floor":5},{"not_picked":["Envenom","Rainbow"],"picked":"Double Tap","floor":6},{"not_picked":["Hemogenesis","Mirror Shield","Amplify"],"picked":"SKIP","floor":8},{"not_picked":["FollowUp","Dagger Spray"],"picked":"Sucker Punch","floor":11},{"not_picked":["Hemogenesis","Establishment"],"picked":"Limit Break","floor":13},{"not_picked":["ThirdEye","Redo"],"picked":"PathToVictory","floor":14}],"player_experience":316435,"relics_obtained":[{"floor":4,"key":"Ring of Hypnosis"},{"floor":6,"key":"Blood Vial"},{"floor":8,"key":"Du-Vu Doll"},{"floor":9,"key":"Snack Pack"},{"floor":13,"key":"Magic Flower"}],"event_choices":[{"damage_healed":0,"gold_gain":0,"player_choice":"Grow","damage_taken":0,"max_hp_gain":0,"max_hp_loss":0,"event_name":"Living Wall","floor":12,"gold_loss":0,"cards_upgraded":["Iron Wave"]}],"is_beta":false,"boss_relics":[],"items_purged_floors":[2],"is_endless":false,"potions_floor_spawned":[5,8,14],"killed_by":"Hexaghost","ascension_level":0}}