{"host":"p9t7qd83igtcp2bh","time":1609708760,"event":{"mods":["2.2 Compatiblity","AchievementEnabler","BaseMod","Colored Map","Colored Powertips","Custom Start","DeckTracker","Keyboard Shortcuts","Minty Spire (QoL Compilation)","Permanent Neow","StSLib","SuperFastMode","everything is the same but u backflip on backflip"],"gold_per_floor":[10,20,34,44,44,44,76,95,122,122,148,148,184,199,199,270,270,294,219,229,249,299,321,338,388,413,43,43,43,70,12,12,91,91,118,18,43,72,130,130,163,163,213,243,267,289,301,28,28,28,28,28,28,61,61],"floor_reached":56,"playtime":1762,"items_purged":["Strike_G","Strike_G"],"score":1872,"play_id":"05bf736d-dfec-4e9f-b93c-2ec2540964ee","local_time":"20210104061920","is_ascension_mode":true,"campfire_choices":[{"data":"Bouncing Flask","floor":6.0,"key":"SMITH"},{"data":"Noxious Fumes","floor":12.0,"key":"SMITH"},{"data":"Sadistic Nature","floor":15.0,"key":"SMITH"},{"data":"Well Laid Plans","floor":28.0,"key":"SMITH"},{"floor":32.0,"key":"REST"},{"floor":40,"key":"REST"},{"data":"Wraith Form v2","floor":42,"key":"SMITH"},{"data":"Madness","floor":47,"key":"SMITH"},{"data":"Madness","floor":49,"key":"SMITH"},{"data":"Acrobatics","floor":52,"key":"SMITH"}],"circlet_count":0,"master_deck":["AscendersBane","Defend_G","Defend_G","Defend_G","Defend_G","Survivor","Neutralize","Sadistic Nature+1","Noxious Fumes+1","Bouncing Flask+1","Leg Sweep","Blade Dance","Backflip","Well Laid Plans+1","Catalyst","Footwork","PiercingWail+1","Backflip+1","Prepared+1","Footwork+1","Wraith Form v2+1","Acrobatics+1","Madness+1","Madness+1","Adrenaline"],"relics":["Ring of the Snake","CeramicFish","Centennial Puzzle","Odd Mushroom","Philosopher\u0027s Stone","Pen Nib","Bird Faced Urn","Sozu","Prayer Wheel","The Specimen","MawBank","TwistedFunnel","Toy Ornithopter"],"acts_visited":["Exordium","TheCity","TheBeyond","TheEnding"],"potions_floor_usage":[33,54,55],"damage_taken":[{"damage":1.0,"enemies":"2 Louse","floor":1.0,"turns":2.0},{"damage":1.0,"enemies":"Small Slimes","floor":2.0,"turns":4.0},{"damage":2.0,"enemies":"Cultist","floor":3.0,"turns":5.0},{"damage":5.0,"enemies":"2 Fungi Beasts","floor":4.0,"turns":3.0},{"damage":2.0,"enemies":"Lagavulin","floor":7.0,"turns":4.0},{"damage":6.0,"enemies":"Exordium Wildlife","floor":8.0,"turns":3.0},{"damage":21.0,"enemies":"3 Sentries","floor":11.0,"turns":7.0},{"damage":0.0,"enemies":"The Mushroom Lair","floor":13.0,"turns":4.0},{"damage":6.0,"enemies":"Large Slime","floor":14.0,"turns":3.0},{"damage":17.0,"enemies":"Slime Boss","floor":16.0,"turns":5.0},{"damage":0.0,"enemies":"Chosen","floor":18.0,"turns":6.0},{"damage":2.0,"enemies":"Spheric Guardian","floor":20.0,"turns":3.0},{"damage":0.0,"enemies":"Snake Plant","floor":21.0,"turns":3.0},{"damage":3.0,"enemies":"3 Cultists","floor":23.0,"turns":3.0},{"damage":18.0,"enemies":"Centurion and Healer","floor":24.0,"turns":5.0},{"damage":7.0,"enemies":"Chosen and Byrds","floor":30.0,"turns":5.0},{"damage":30,"enemies":"Collector","floor":33,"turns":6},{"damage":8,"enemies":"3 Shapes","floor":35,"turns":4},{"damage":15,"enemies":"Mind Bloom Boss Battle","floor":37,"turns":6},{"damage":4,"enemies":"Orb Walker","floor":38,"turns":3},{"damage":25,"enemies":"2 Orb Walkers","floor":39,"turns":5},{"damage":6,"enemies":"Maw","floor":41,"turns":6},{"damage":3,"enemies":"Sphere and 2 Shapes","floor":45,"turns":4},{"damage":1,"enemies":"Writhing Mass","floor":46,"turns":6},{"damage":23,"enemies":"Awakened One","floor":50,"turns":12},{"damage":0,"enemies":"Shield and Spear","floor":54,"turns":5},{"damage":56,"enemies":"The Heart","floor":55,"turns":9}],"seed_played":"-403316463739163994","potions_obtained":[{"floor":3.0,"key":"BlessingOfTheForge"},{"floor":4.0,"key":"SpeedPotion"},{"floor":13.0,"key":"Fire Potion"},{"floor":18.0,"key":"FearPotion"},{"floor":21.0,"key":"PowerPotion"},{"floor":30.0,"key":"DistilledChaos"},{"floor":33,"key":"Swift Potion"}],"is_trial":false,"path_per_floor":["M","M","M","M","?","R","E","M","T","?","E","R","?","M","R","B",null,"M","?","M","M","?","M","M","?","T","$","R","?","M","$","R","B",null,"M","$","?","M","?","R","M","R","T","?","M","M","R","$","R","B",null,"R","$","E","B",null],"character_chosen":"THE_SILENT","items_purchased":["Bird Faced Urn","Footwork","TwistedFunnel","Adrenaline"],"campfire_rested":2,"item_purchase_floors":[27,31,48,48],"current_hp_per_floor":[58,57,55,50,50,50,48,42,42,47,26,26,26,20,20,3,54,54,54,52,52,52,49,31,31,31,31,31,31,30,30,51,31,61,61,61,54,58,41,62,66,66,66,53,60,71,71,71,71,54,67,67,67,71,22],"gold":61,"neow_bonus":"RANDOM_COLORLESS_2","is_daily":false,"chose_seed":false,"campfire_upgraded":8,"win_rate":0.0,"timestamp":1609708760,"path_taken":["M","M","M","M","?","R","E","M","T","?","E","R","?","M","R","BOSS","M","?","M","M","?","?","M","?","T","$","R","?","M","$","R","BOSS","M","$","?","M","?","R","M","R","T","?","?","M","R","$","R","BOSS","R","$","E","BOSS"],"items_purchased_type":["Relic","Card","Relic","Card"],"build_version":"2020-12-22","purchased_purges":2,"victory":true,"max_hp_per_floor":[66,66,66,66,66,66,66,66,66,71,71,71,71,71,71,71,71,71,71,71,71,71,71,71,71,71,71,71,71,71,71,71,71,71,71,71,71,71,71,71,71,71,71,71,71,71,71,71,71,71,71,71,71,71,71],"card_choices":[{"not_picked":["Magnetism","Violence"],"picked":"Sadistic Nature","floor":0.0},{"not_picked":["Backstab","Underhanded Strike"],"picked":"Noxious Fumes","floor":1.0},{"not_picked":["Underhanded Strike","Dodge and Roll","Catalyst"],"picked":"SKIP","floor":2.0},{"not_picked":["Quick Slash","Dagger Throw"],"picked":"Bouncing Flask","floor":3.0},{"not_picked":["Finisher","Underhanded Strike","Accuracy"],"picked":"SKIP","floor":4.0},{"not_picked":["Dagger Spray","Riddle With Holes","Flying Knee"],"picked":"SKIP","floor":7.0},{"not_picked":["Slice","Deflect"],"picked":"Leg Sweep","floor":8.0},{"not_picked":["Concentrate","Deadly Poison","Leg Sweep"],"picked":"SKIP","floor":11.0},{"not_picked":["Endless Agony","Skewer"],"picked":"Blade Dance","floor":13.0},{"not_picked":["Masterful Stab","Well Laid Plans","Quick Slash"],"picked":"SKIP","floor":14.0},{"not_picked":["Poisoned Stab","Terror"],"picked":"Backflip","floor":18.0},{"not_picked":["Bane","Slice","Sucker Punch"],"picked":"SKIP","floor":20.0},{"not_picked":["Blade Dance","Cloak And Dagger","Dagger Spray+1"],"picked":"SKIP","floor":21.0},{"not_picked":["Dagger Spray","Underhanded Strike"],"picked":"Well Laid Plans","floor":23.0},{"not_picked":["Quick Slash","Well Laid Plans","Leg Sweep"],"picked":"SKIP","floor":24.0},{"not_picked":["Backflip","Deadly Poison+1"],"picked":"Catalyst","floor":30.0},{"not_picked":["Expertise","Riddle With Holes"],"picked":"PiercingWail+1","floor":35},{"not_picked":["Predator+1","Concentrate"],"picked":"Backflip+1","floor":38},{"not_picked":["Flying Knee","Heel Hook"],"picked":"Prepared+1","floor":38},{"not_picked":["Bane+1","Blade Dance"],"picked":"Footwork+1","floor":39},{"not_picked":["Masterful Stab","Sucker Punch+1"],"picked":"Wraith Form v2","floor":41},{"not_picked":["Concentrate","Dagger Throw"],"picked":"Acrobatics","floor":41},{"not_picked":["Poisoned Stab","All Out Attack","Backstab+1"],"picked":"SKIP","floor":45},{"not_picked":["Dagger Throw","Deadly Poison+1","Prepared+1"],"picked":"SKIP","floor":45},{"not_picked":["Sucker Punch","All Out Attack+1","Prepared"],"picked":"SKIP","floor":46},{"not_picked":["Caltrops+1","Blur","Dodge and Roll"],"picked":"SKIP","floor":46},{"not_picked":["Well Laid Plans","Accuracy","Skewer"],"picked":"SKIP","floor":54}],"player_experience":592780,"relics_obtained":[{"floor":7.0,"key":"CeramicFish"},{"floor":11.0,"key":"Centennial Puzzle"},{"floor":13.0,"key":"Odd Mushroom"},{"floor":26.0,"key":"Pen Nib"},{"floor":37,"key":"Prayer Wheel"},{"floor":39,"key":"The Specimen"},{"floor":43,"key":"MawBank"},{"floor":54,"key":"Toy Ornithopter"}],"event_choices":[{"damage_healed":0.0,"max_hp_gain":0.0,"max_hp_loss":0.0,"gold_gain":0.0,"event_name":"Liars Game","player_choice":"Ignored","floor":5.0,"gold_loss":0.0,"damage_taken":0.0},{"damage_healed":0.0,"max_hp_gain":5.0,"max_hp_loss":0.0,"gold_gain":0.0,"event_name":"Big Fish","player_choice":"Donut","floor":10.0,"gold_loss":0.0,"damage_taken":0.0},{"damage_healed":0.0,"max_hp_gain":0.0,"max_hp_loss":0.0,"gold_gain":0.0,"event_name":"Mushrooms","player_choice":"Fought Mushrooms","floor":13.0,"gold_loss":0.0,"damage_taken":0.0},{"cards_removed":["Strike_G"],"damage_healed":0.0,"max_hp_gain":0.0,"max_hp_loss":0.0,"gold_gain":0.0,"event_name":"Beggar","player_choice":"Gave Gold","floor":19.0,"gold_loss":75.0,"damage_taken":0.0},{"damage_healed":0.0,"max_hp_gain":0.0,"max_hp_loss":0.0,"gold_gain":100.0,"event_name":"The Joust","player_choice":"Bet on Murderer","floor":22.0,"gold_loss":50.0,"damage_taken":0.0},{"damage_healed":0.0,"max_hp_gain":0.0,"max_hp_loss":0.0,"gold_gain":50.0,"event_name":"Nest","player_choice":"Stole From Cult","floor":25.0,"gold_loss":0.0,"damage_taken":0.0},{"cards_removed":["Strike_G"],"damage_healed":0.0,"max_hp_gain":0.0,"max_hp_loss":0.0,"gold_gain":0.0,"event_name":"Back to Basics","player_choice":"Elegance","floor":29.0,"gold_loss":0.0,"damage_taken":0.0},{"damage_healed":0,"gold_gain":0,"player_choice":"Fight","damage_taken":0,"max_hp_gain":0,"max_hp_loss":0,"event_name":"MindBloom","floor":37,"gold_loss":0},{"damage_healed":0,"gold_gain":0,"player_choice":"Fight","damage_taken":0,"max_hp_gain":0,"max_hp_loss":0,"event_name":"Mysterious Sphere","floor":39,"gold_loss":0},{"damage_healed":0,"gold_gain":0,"player_choice":"Embrace Madness","damage_taken":13,"max_hp_gain":0,"max_hp_loss":0,"event_name":"Winding Halls","floor":44,"gold_loss":0,"cards_obtained":["Madness","Madness"]}],"is_beta":false,"boss_relics":[{"not_picked":["WristBlade","Busted Crown"],"picked":"Philosopher\u0027s Stone"},{"not_picked":["HoveringKite","Calling Bell"],"picked":"Sozu"}],"items_purged_floors":[27,36],"is_endless":false,"potions_floor_spawned":[3,4,7,13,14,18,21,30,33,35,38,39,54],"ascension_level":15}}