{"host":"4axoa1rfjgnprp9l","time":1609656401,"event":{"mods":["2.2 Compatiblity","AchievementEnabler","BaseMod","Colored Map","DeckTracker","Highlight Path","Minty Spire (QoL Compilation)","Permanent Neow","StSLib","SuperFastMode"],"gold_per_floor":[110,127,137,154,167,167,201,220,268,24,34,34,44,56,56,133,133,152,171,171,186,0,0,0,0],"floor_reached":24,"playtime":1130,"items_purged":["Strike_B"],"score":408,"play_id":"246ef01a-5a0c-4ca5-a36c-71fa59122dce","local_time":"20210103154641","is_ascension_mode":true,"campfire_choices":[{"data":"Reprogram","floor":6.0,"key":"SMITH"},{"data":"Reprogram","floor":12.0,"key":"SMITH"},{"floor":15.0,"key":"REST"},{"floor":23.0,"key":"REST"}],"circlet_count":0,"master_deck":["AscendersBane","Strike_B","Strike_B","Defend_B","Defend_B","Defend_B","Defend_B","Zap","Dualcast","Reinforced Body","FTL","Rebound","Reprogram+1","Gash","Gash","Reprogram+1","Steam","Buffer","CurseOfTheBell","Rebound+1","Self Repair+1"],"relics":["Cracked Core","Letter Opener","Bag of Preparation","OrangePellets","Calling Bell","Kunai","Tiny Chest","Torii"],"acts_visited":["Exordium","TheCity"],"potions_floor_usage":[24,24],"damage_taken":[{"damage":0.0,"enemies":"Jaw Worm","floor":1.0,"turns":5.0},{"damage":4.0,"enemies":"Small Slimes","floor":2.0,"turns":3.0},{"damage":0.0,"enemies":"2 Louse","floor":3.0,"turns":4.0},{"damage":0.0,"enemies":"Red Slaver","floor":4.0,"turns":4.0},{"damage":5.0,"enemies":"Exordium Thugs","floor":5.0,"turns":6.0},{"damage":33.0,"enemies":"Gremlin Nob","floor":7.0,"turns":5.0},{"damage":9.0,"enemies":"Exordium Wildlife","floor":8.0,"turns":2.0},{"damage":0.0,"enemies":"Large Slime","floor":11.0,"turns":4.0},{"damage":9.0,"enemies":"2 Fungi Beasts","floor":13.0,"turns":3.0},{"damage":0.0,"enemies":"Looter","floor":14.0,"turns":4.0},{"damage":18.0,"enemies":"Slime Boss","floor":16.0,"turns":12.0},{"damage":13.0,"enemies":"Spheric Guardian","floor":18.0,"turns":6.0},{"damage":7.0,"enemies":"Chosen","floor":19.0,"turns":6.0},{"damage":21.0,"enemies":"Snake Plant","floor":21.0,"turns":6.0},{"damage":35,"enemies":"Slavers","floor":24,"turns":2}],"seed_played":"2409141779300971018","potions_obtained":[{"floor":1.0,"key":"FearPotion"},{"floor":2.0,"key":"Swift Potion"},{"floor":5.0,"key":"EssenceOfDarkness"},{"floor":8.0,"key":"LiquidMemories"},{"floor":13.0,"key":"BlessingOfTheForge"},{"floor":16.0,"key":"Explosive Potion"},{"floor":18.0,"key":"Block Potion"},{"floor":21.0,"key":"BlessingOfTheForge"}],"is_trial":false,"path_per_floor":["M","M","M","M","M","R","E","M","T","$","M","R","M","M","R","B",null,"M","M","?","M","?","R","E"],"character_chosen":"DEFECT","items_purchased":["OrangePellets"],"campfire_rested":2,"item_purchase_floors":[10],"current_hp_per_floor":[64,60,60,60,55,55,22,13,13,13,13,13,4,4,25,7,55,42,35,35,14,14,35,0,0],"gold":0,"neow_bonus":"TRANSFORM_CARD","is_daily":false,"chose_seed":false,"campfire_upgraded":2,"win_rate":0.0,"timestamp":1609656401,"path_taken":["M","M","M","M","M","R","E","M","T","$","M","R","M","M","R","BOSS","M","M","?","M","?","R","E"],"items_purchased_type":["Relic"],"build_version":"2020-12-22","purchased_purges":1,"victory":false,"max_hp_per_floor":[71,71,71,71,71,71,71,71,71,71,71,71,71,71,71,71,71,71,71,71,71,71,71,71,71],"card_choices":[{"not_picked":["Loop","Beam Cell"],"picked":"FTL","floor":1.0},{"not_picked":["Steam","Gash"],"picked":"Rebound","floor":2.0},{"not_picked":["Gash","Barrage"],"picked":"Reprogram","floor":3.0},{"not_picked":["Streamline","Redo","Reprogram"],"picked":"SKIP","floor":4.0},{"not_picked":["Rainbow","Rip and Tear"],"picked":"Gash","floor":5.0},{"not_picked":["Consume","Undo","Blizzard"],"picked":"SKIP","floor":7.0},{"not_picked":["Streamline","Hologram"],"picked":"Gash","floor":8.0},{"not_picked":["Glacier","Gash"],"picked":"Reprogram","floor":11.0},{"not_picked":["Chill","Coolheaded"],"picked":"Steam","floor":13.0},{"not_picked":["Barrage","Melter","Blizzard"],"picked":"SKIP","floor":14.0},{"not_picked":["Amplify","Multi-Cast"],"picked":"Buffer","floor":16.0},{"not_picked":["Leap","Steam Power+1"],"picked":"Rebound+1","floor":18.0},{"not_picked":["Redo","Compile Driver","Blizzard"],"picked":"SKIP","floor":19.0},{"not_picked":["Rebound","Genetic Algorithm"],"picked":"Self Repair+1","floor":21.0}],"player_experience":779117,"relics_obtained":[{"floor":7.0,"key":"Letter Opener"},{"floor":9.0,"key":"Bag of Preparation"},{"floor":17.0,"key":"Kunai"},{"floor":17.0,"key":"Tiny Chest"},{"floor":17.0,"key":"Torii"}],"event_choices":[{"damage_healed":0.0,"max_hp_gain":0.0,"max_hp_loss":0.0,"gold_gain":0.0,"event_name":"Vampires","player_choice":"Ignored","floor":20.0,"gold_loss":0.0,"damage_taken":0.0},{"damage_healed":0.0,"max_hp_gain":0.0,"max_hp_loss":0.0,"gold_gain":0.0,"event_name":"Masked Bandits","player_choice":"Paid Fearfully","floor":22.0,"gold_loss":186.0,"damage_taken":0.0}],"is_beta":false,"boss_relics":[{"not_picked":["Tiny House","Ectoplasm"],"picked":"Calling Bell"}],"items_purged_floors":[10],"is_endless":false,"potions_floor_spawned":[1,2,5,8,13,16,18,21],"killed_by":"Slavers","ascension_level":20}}