{"host":"n2cffu8lp3cvc20r","time":1609643595,"event":{"mods":["Aspiration","BaseMod","Colored Map","Colored Powertips","DeckTracker","Highlight Path","Hubris","Infinite Spire","Minty Spire (QoL Compilation)","Quick Restart","Random Character Button","Relic Sorter","Replay The Spire","StSLib","SuperFastMode","Synergy Search","The Cursed","The Disciple","The Jungle","The Runesmith"],"gold_per_floor":[111,111,122,138,12,12,12,12,35,54,54,54],"floor_reached":11,"playtime":557,"items_purged":[],"score":63,"play_id":"136dcc12-5517-47cf-a5ba-417b0ff5e081","local_time":"20210103031315","is_ascension_mode":false,"campfire_choices":[{"data":"Chill","floor":6,"key":"SMITH"},{"data":"Zap","floor":8,"key":"SMITH"}],"circlet_count":0,"master_deck":["Strike_B","Strike_B","Strike_B","Strike_B","Defend_B","Defend_B","Defend_B","Defend_B","Zap+1","Dualcast","Hologram","Turbo","Conserve Battery","Chill+1","Panic Button","Injury","Steam Power"],"relics":["Cracked Core","hubris:Towel","Frozen Egg 2","aspiration:Lifesprig"],"acts_visited":["Exordium"],"potions_floor_usage":[11,11],"damage_taken":[{"damage":0,"enemies":"Small Slimes","floor":1,"turns":2},{"damage":0,"enemies":"2 Louse","floor":3,"turns":3},{"damage":1,"enemies":"Jaw Worm","floor":4,"turns":3},{"damage":7,"enemies":"Large Slime","floor":10,"turns":4},{"damage":108,"enemies":"Gremlin Nob","floor":11,"turns":7}],"seed_played":"2338125303120500870","potions_obtained":[{"floor":1,"key":"EssenceOfSteel"},{"floor":10,"key":"Regen Potion"}],"is_trial":false,"path_per_floor":["M","?","M","M","$","R","?","R","T","M","E"],"character_chosen":"DEFECT","items_purchased":["Chill","Panic Button"],"campfire_rested":0,"item_purchase_floors":[5,5],"current_hp_per_floor":[82,82,82,81,81,81,81,81,81,74,0,0],"gold":54,"neow_bonus":"TEN_PERCENT_HP_BONUS","is_daily":false,"chose_seed":false,"campfire_upgraded":2,"win_rate":0.0,"timestamp":1609643595,"path_taken":["M","?","M","M","$","R","?","R","T","M","E"],"items_purchased_type":["Card","Card"],"build_version":"2020-12-22","purchased_purges":0,"victory":false,"max_hp_per_floor":[82,82,82,82,82,82,82,82,82,82,82,82],"card_choices":[{"not_picked":["Go for the Eyes","Panic Button"],"picked":"Hologram","floor":1},{"not_picked":["Compile Driver","Steam"],"picked":"Turbo","floor":3},{"not_picked":["Blizzard","Hologram"],"picked":"Conserve Battery","floor":4},{"not_picked":["Rebound","BootSequence"],"picked":"Steam Power","floor":10}],"player_experience":302167,"relics_obtained":[{"floor":9,"key":"aspiration:Lifesprig"}],"event_choices":[],"is_beta":false,"boss_relics":[],"items_purged_floors":[],"is_endless":false,"potions_floor_spawned":[1,10],"killed_by":"Gremlin Nob","ascension_level":0}}