{"host":"obbn5gje3893ci3z","time":1609678768,"event":{"mods":["BaseMod","Colored Powertips","Minty Spire (QoL Compilation)","The Servant 0.9.4"],"gold_per_floor":[112,112,127,52,52,87,87,125,193,236,259,283,298,322,322,452,452,465,484,519,429,450,450,491,491,491,491,506,90,141,154,154,283,283,299,25,49,67,83,121,121,165,165,15,56,389,412,444,444,444],"floor_reached":51,"playtime":2436,"items_purged":["Strike_S","Strike_S","Strike_S","Defend_S"],"score":1087,"play_id":"98778ff7-fca5-4ccb-afb4-f3de1d366067","local_time":"20210103205928","is_ascension_mode":true,"campfire_choices":[{"data":"SilverBlades","floor":7.0,"key":"SMITH"},{"data":"FanOfKnives","floor":15.0,"key":"SMITH"},{"data":"SilverBlades","floor":23,"key":"SMITH"},{"data":"TimeTheft","floor":25,"key":"SMITH"},{"data":"Initiator","floor":27,"key":"SMITH"},{"data":"SilverBlades","floor":32,"key":"SMITH"},{"data":"SurpressingFire","floor":41,"key":"SMITH"},{"data":"Moonlight","floor":49,"key":"SMITH"}],"circlet_count":0,"master_deck":["Defend_S","Defend_S","Defend_S+1","KidneyShot","Exchange+1","SilverBlades+1","Moonlight+1","Moonlight+1","Initiator+1","FanOfKnives+1","SilverBlades+1","SurpressingFire+1","TimeTheft+1","SilverBlades+1","SurpressingFire+1","FlawlessForm"],"relics":["SplendidAttire","NeowsBlessing","Blood Vial","Bird Faced Urn","Ornamental Fan","Mummified Hand","Coffee Dripper","Red Mask","Gambling Chip","Vajra","Sundial","Bag of Marbles","Pan","Oddly Smooth Stone","Boot","War Paint","Potion Belt","Bronze Scales","Nunchaku"],"acts_visited":["Exordium","TheCity","TheBeyond"],"potions_floor_usage":[24],"damage_taken":[{"damage":0.0,"enemies":"Jaw Worm","floor":1.0,"turns":1.0},{"damage":0.0,"enemies":"Small Slimes","floor":3.0,"turns":1.0},{"damage":0.0,"enemies":"Gremlin Nob","floor":6.0,"turns":1.0},{"damage":15.0,"enemies":"Lagavulin","floor":8.0,"turns":6.0},{"damage":15.0,"enemies":"3 Sentries","floor":10.0,"turns":7.0},{"damage":3.0,"enemies":"2 Louse","floor":11.0,"turns":2.0},{"damage":0.0,"enemies":"2 Fungi Beasts","floor":12.0,"turns":2.0},{"damage":5.0,"enemies":"Gremlin Gang","floor":13.0,"turns":4.0},{"damage":9.0,"enemies":"Red Slaver","floor":14.0,"turns":2.0},{"damage":22.0,"enemies":"Slime Boss","floor":16.0,"turns":10.0},{"damage":15.0,"enemies":"2 Thieves","floor":18.0,"turns":4.0},{"damage":6.0,"enemies":"Shell Parasite","floor":19.0,"turns":3.0},{"damage":8.0,"enemies":"Masked Bandits","floor":20.0,"turns":4.0},{"damage":8,"enemies":"Cultist and Chosen","floor":22,"turns":5},{"damage":28,"enemies":"Gremlin Leader","floor":24,"turns":4},{"damage":3,"enemies":"Centurion and Healer","floor":28,"turns":3},{"damage":0,"enemies":"Snecko","floor":31,"turns":2},{"damage":0,"enemies":"Automaton","floor":33,"turns":4},{"damage":3,"enemies":"3 Shapes","floor":35,"turns":3},{"damage":0,"enemies":"3 Darklings","floor":37,"turns":3},{"damage":8,"enemies":"Writhing Mass","floor":38,"turns":2},{"damage":0,"enemies":"4 Shapes","floor":39,"turns":1},{"damage":9,"enemies":"Nemesis","floor":40,"turns":5},{"damage":0,"enemies":"Giant Head","floor":42,"turns":4},{"damage":2,"enemies":"Reptomancer","floor":45,"turns":2},{"damage":0,"enemies":"Giant Head","floor":48,"turns":5},{"damage":20,"enemies":"Donu and Deca","floor":50,"turns":4}],"seed_played":"7166462692293077772","potions_obtained":[{"floor":3.0,"key":"Dexterity Potion"},{"floor":6.0,"key":"EssenceOfSteel"},{"floor":10.0,"key":"Dexterity Potion"},{"floor":22,"key":"Regen Potion"},{"floor":24,"key":"PowerPotion"},{"floor":31,"key":"LiquidMemories"},{"floor":33,"key":"Energy Potion"},{"floor":45,"key":"ColorlessPotion"},{"floor":48,"key":"PowerPotion"}],"is_trial":false,"path_per_floor":["M","?","M","$","?","E","R","E","T","E","M","M","M","M","R","B",null,"M","M","?","?","M","R","E","R","T","R","M","$","T","M","R","B",null,"M","$","M","M","M","E","R","E","T","$","E","?","T","E","R","B",null],"character_chosen":"THE_SERVANT","items_purchased":["SilverBlades","Sundial","Pan"],"campfire_rested":0,"item_purchase_floors":[29,29,36],"current_hp_per_floor":[65,49,49,49,49,49,49,36,36,25,24,28,27,22,22,4,65,52,50,48,48,48,48,40,40,40,40,45,45,45,53,53,65,65,65,65,65,61,65,62,62,65,65,65,65,65,65,65,65,53],"gold":444,"neow_bonus":"THREE_ENEMY_KILL","is_daily":false,"chose_seed":false,"campfire_upgraded":8,"win_rate":0.0,"timestamp":1609678768,"path_taken":["M","?","M","$","?","E","R","E","T","E","M","M","M","M","R","BOSS","M","M","?","?","?","R","E","R","T","R","M","$","?","?","R","BOSS","M","$","M","M","M","E","R","E","T","$","E","?","?","E","R","BOSS"],"items_purchased_type":["Card","Relic","Relic"],"build_version":"2020-12-22","purchased_purges":4,"victory":true,"max_hp_per_floor":[65,65,65,65,65,65,65,65,65,65,65,65,65,65,65,65,65,65,65,65,65,65,65,65,65,65,65,65,65,65,65,65,65,65,65,65,65,65,65,65,65,65,65,65,65,65,65,65,65,65],"card_choices":[{"not_picked":["Alleviate","Revamp","Replace"],"picked":"SKIP","floor":1.0},{"not_picked":["Collapse","Contraction"],"picked":"SilverBlades","floor":3.0},{"not_picked":["Unruled","Replace"],"picked":"Moonlight","floor":6.0},{"not_picked":["Revamp","TimeWarp"],"picked":"Moonlight","floor":8.0},{"not_picked":["Rearm","ShatteredReality"],"picked":"Initiator","floor":10.0},{"not_picked":["DualDimension","SpecialFormula"],"picked":"FanOfKnives","floor":11.0},{"not_picked":["BottledTime","Replace","ShatteredReality"],"picked":"SKIP","floor":12.0},{"not_picked":["Advance","Desolation","Rewind"],"picked":"SKIP","floor":13.0},{"not_picked":["Rewind","Embodiment","BottledTime"],"picked":"SKIP","floor":14.0},{"not_picked":["ReturningBlade","InstantArmor","Defy"],"picked":"SKIP","floor":18.0},{"not_picked":["BottledTime+1","WasteNot+1"],"picked":"SilverBlades","floor":19.0},{"not_picked":["InstantArmor","RealityMarble"],"picked":"SurpressingFire+1","floor":20.0},{"not_picked":["FanOfKnives+1","ShatteredReality"],"picked":"TimeTheft","floor":22},{"not_picked":["FanOfKnives","Sabotage","TimeWarp+1"],"picked":"SKIP","floor":24},{"not_picked":["Advance+1","Spin","Barrier"],"picked":"SKIP","floor":28},{"not_picked":["RealityMarble","ShatteredReality"],"picked":"SurpressingFire","floor":31},{"not_picked":["Embodiment","Initiator"],"picked":"FlawlessForm","floor":33},{"not_picked":["Comet","FastForward+1","Rearm"],"picked":"SKIP","floor":35},{"not_picked":["ShiftingGears","Gouge+1","Rewind"],"picked":"SKIP","floor":37},{"not_picked":["Reset+1","Spin+1","Snipe"],"picked":"SKIP","floor":38},{"not_picked":["SpecialFormula+1","Potential","ReturningBlade+1"],"picked":"SKIP","floor":39},{"not_picked":["Unruled+1","Barrier","Ricochet+1"],"picked":"SKIP","floor":40},{"not_picked":["Barrier+1","SpecialFormula","ShatteredReality+1"],"picked":"SKIP","floor":42},{"not_picked":["Barrier+1","SpecialFormula","ShatteredReality+1"],"picked":"SKIP","floor":42},{"not_picked":["TimeWarp","Revamp+1","Moondial"],"picked":"SKIP","floor":45},{"not_picked":["PendulumOfEternity","DoubleEdge+1","Rearm"],"picked":"SKIP","floor":48}],"player_experience":47472,"relics_obtained":[{"floor":6.0,"key":"Blood Vial"},{"floor":8.0,"key":"Bird Faced Urn"},{"floor":9.0,"key":"Ornamental Fan"},{"floor":10.0,"key":"Mummified Hand"},{"floor":20.0,"key":"Red Mask"},{"floor":24,"key":"Gambling Chip"},{"floor":26,"key":"Vajra"},{"floor":30,"key":"Bag of Marbles"},{"floor":40,"key":"Oddly Smooth Stone"},{"floor":42,"key":"Boot"},{"floor":43,"key":"War Paint"},{"floor":45,"key":"Potion Belt"},{"floor":47,"key":"Bronze Scales"},{"floor":48,"key":"Nunchaku"}],"event_choices":[{"damage_healed":0.0,"max_hp_gain":0.0,"max_hp_loss":0.0,"gold_gain":0.0,"event_name":"Golden Idol","player_choice":"Take Damage","floor":2.0,"gold_loss":0.0,"damage_taken":16.0,"relics_obtained":["Golden Idol"]},{"damage_healed":0.0,"max_hp_gain":0.0,"max_hp_loss":0.0,"gold_gain":0.0,"event_name":"Shining Light","player_choice":"Ignored","floor":5.0,"gold_loss":0.0,"damage_taken":0.0},{"damage_healed":0.0,"max_hp_gain":0.0,"max_hp_loss":0.0,"gold_gain":0.0,"event_name":"Masked Bandits","player_choice":"Fought Bandits","floor":20.0,"gold_loss":0.0,"damage_taken":0.0},{"cards_removed":["Strike_S"],"damage_healed":0,"gold_gain":0,"player_choice":"Upgrade and Remove","damage_taken":0,"max_hp_gain":0,"max_hp_loss":0,"event_name":"Designer","floor":21,"gold_loss":90,"cards_upgraded":["Moonlight"]},{"damage_healed":0,"gold_gain":333,"player_choice":"Gave Idol","damage_taken":0,"max_hp_gain":0,"max_hp_loss":0,"event_name":"The Moai Head","floor":46,"relics_lost":["Golden Idol"],"gold_loss":0}],"is_beta":false,"boss_relics":[{"not_picked":["Busted Crown","Snecko Eye"],"picked":"Coffee Dripper"},{"not_picked":["SacredBark","MysterySword"],"picked":"SplendidAttire"}],"items_purged_floors":[4,29,36,44],"is_endless":false,"potions_floor_spawned":[3,6,10,12,19,22,24,31,33,37,45,48],"ascension_level":3}}