{"host":"os7ajuuouznx3pj7","time":1609636575,"event":{"mods":["AchievementEnabler","BaseMod","Bestiary","Block Reminder","Colored Map","Colored Powertips","Keyboard Shortcuts","Minty Spire (QoL Compilation)","Quick Restart","Relic Stats","SuperFastMode"],"gold_per_floor":[110,129,140,150,150,150,478,490,490,490,502,36,1,12,12,84,84,95,95,95,95,110,142,156,174,174,205,23,23,38,71,71,145,145,155,155,5,0,0,0,35,50,50,77,77,105,124,124,124,124,124,124],"floor_reached":51,"playtime":7529,"items_purged":["Regret","Strike_R"],"score":1515,"play_id":"ed545448-a54a-4acc-8dd9-93e01242a408","local_time":"20210102231615","is_ascension_mode":true,"campfire_choices":[{"data":"Pummel","floor":6.0,"key":"SMITH"},{"data":"Inflame","floor":15.0,"key":"SMITH"},{"data":"Demon Form","floor":29.0,"key":"SMITH"},{"data":"1","floor":32.0,"key":"LIFT"},{"data":"2","floor":40.0,"key":"LIFT"},{"data":"3","floor":45.0,"key":"LIFT"},{"data":"Brutality","floor":49.0,"key":"SMITH"}],"circlet_count":0,"master_deck":["AscendersBane","Strike_R","Strike_R","Strike_R","Strike_R","Defend_R","Defend_R","Defend_R","Defend_R","Bash","Sword Boomerang","Pummel+1","Carnage","Offering","Inflame+1","Pummel","Spot Weakness","Dual Wield","Demon Form+1","True Grit+1","Shockwave","Heavy Blade+1","Sword Boomerang","Reaper","Armaments+1","Battle Trance","Flash of Steel","Headbutt","Sword Boomerang","Shrug It Off+1","Shrug It Off","Brutality+1","Dropkick+1","Rupture+1","Reaper","Intimidate"],"relics":["Burning Blood","NeowsBlessing","White Beast Statue","Old Coin","Mummified Hand","Bottled Lightning","SacredBark","Nloth\u0027s Gift","Omamori","Shuriken","Self Forming Clay","Girya","SlaversCollar","Red Mask","Mercury Hourglass","Charon\u0027s Ashes","Vajra","Orichalcum"],"acts_visited":["Exordium","TheCity","TheBeyond"],"potions_floor_usage":[],"damage_taken":[{"damage":0.0,"enemies":"Cultist","floor":1.0,"turns":1.0},{"damage":0.0,"enemies":"Small Slimes","floor":2.0,"turns":1.0},{"damage":0.0,"enemies":"Jaw Worm","floor":3.0,"turns":1.0},{"damage":16.0,"enemies":"Blue Slaver","floor":4.0,"turns":3.0},{"damage":35.0,"enemies":"3 Sentries","floor":7.0,"turns":14.0},{"damage":7.0,"enemies":"2 Fungi Beasts","floor":8.0,"turns":3.0},{"damage":13.0,"enemies":"Red Slaver","floor":11.0,"turns":3.0},{"damage":0.0,"enemies":"Blue Slaver","floor":14.0,"turns":1.0},{"damage":37.0,"enemies":"Hexaghost","floor":16.0,"turns":6.0},{"damage":6.0,"enemies":"3 Byrds","floor":18.0,"turns":4.0},{"damage":14.0,"enemies":"2 Thieves","floor":22.0,"turns":3.0},{"damage":35.0,"enemies":"Gremlin Leader","floor":23.0,"turns":8.0},{"damage":29.0,"enemies":"Centurion and Healer","floor":24.0,"turns":11.0},{"damage":7.0,"enemies":"Sentry and Sphere","floor":25.0,"turns":3.0},{"damage":37.0,"enemies":"Book of Stabbing","floor":27.0,"turns":4.0},{"damage":12.0,"enemies":"Shelled Parasite and Fungi","floor":30.0,"turns":2.0},{"damage":33.0,"enemies":"Gremlin Leader","floor":31.0,"turns":6.0},{"damage":85.0,"enemies":"Automaton","floor":33.0,"turns":8.0},{"damage":11.0,"enemies":"3 Darklings","floor":35.0,"turns":2.0},{"damage":32.0,"enemies":"Nemesis","floor":41.0,"turns":5.0},{"damage":6.0,"enemies":"Orb Walker","floor":42.0,"turns":2.0},{"damage":21.0,"enemies":"Reptomancer","floor":44.0,"turns":3.0},{"damage":33.0,"enemies":"Giant Head","floor":46.0,"turns":5.0},{"damage":6.0,"enemies":"3 Darklings","floor":47.0,"turns":4.0},{"damage":114.0,"enemies":"Awakened One","floor":50.0,"turns":8.0},{"damage":43,"enemies":"Donu and Deca","floor":51,"turns":3}],"seed_played":"8661582888969245562","potions_obtained":[{"floor":4.0,"key":"Block Potion"},{"floor":7.0,"key":"EssenceOfSteel"},{"floor":8.0,"key":"Energy Potion"},{"floor":11.0,"key":"Energy Potion"},{"floor":14.0,"key":"BlessingOfTheForge"},{"floor":16.0,"key":"Swift Potion"},{"floor":18.0,"key":"Energy Potion"},{"floor":22.0,"key":"Weak Potion"},{"floor":23.0,"key":"Regen Potion"},{"floor":24.0,"key":"SteroidPotion"},{"floor":25.0,"key":"ColorlessPotion"},{"floor":27.0,"key":"CultistPotion"},{"floor":30.0,"key":"BlessingOfTheForge"},{"floor":31.0,"key":"Weak Potion"},{"floor":33.0,"key":"Fire Potion"},{"floor":35.0,"key":"LiquidBronze"},{"floor":41.0,"key":"Energy Potion"},{"floor":42.0,"key":"ColorlessPotion"},{"floor":44.0,"key":"Swift Potion"},{"floor":46.0,"key":"Block Potion"},{"floor":47.0,"key":"Weak Potion"}],"is_trial":false,"path_per_floor":["M","M","M","M","T","R","E","M","T","?","M","$","?","M","R","B",null,"M","$","?","?","M","E","M","M","T","E","$","R","M","E","R","B",null,"M","?","$","?","$","R","E","M","T","E","R","E","M","?","R","B","B"],"character_chosen":"IRONCLAD","items_purchased":["Pummel","Spot Weakness","Bottled Lightning","Battle Trance","Flash of Steel","Shrug It Off"],"campfire_rested":0,"item_purchase_floors":[12,12,12,28,28,37],"current_hp_per_floor":[74,75,75,65,65,65,36,35,35,35,28,28,46,52,52,21,62,62,62,62,62,54,25,57,56,56,39,39,39,33,66,66,9,59,75,71,71,71,71,71,70,70,70,55,55,42,71,71,71,29,0,0],"gold":124,"neow_bonus":"THREE_ENEMY_KILL","is_daily":false,"chose_seed":false,"campfire_upgraded":4,"win_rate":0.0,"timestamp":1609636575,"path_taken":["M","M","?","M","?","R","E","M","T","?","M","$","?","M","R","BOSS","M","$","?","?","?","E","M","M","T","E","$","R","M","E","R","BOSS","M","?","$","?","?","R","E","M","T","E","R","E","M","?","R","BOSS","BOSS"],"items_purchased_type":["Card","Card","Relic","Card","Card","Card"],"build_version":"2020-12-22","purchased_purges":2,"victory":false,"max_hp_per_floor":[75,75,75,75,75,75,75,75,75,75,75,75,75,75,75,75,75,75,75,75,75,75,75,75,75,75,75,75,75,75,75,75,75,75,75,71,71,71,71,71,71,71,71,71,71,71,71,71,71,71,71,71],"relic_stats":{"counters":[26,114],"Mummified Hand":[44],"Shuriken":[17],"Self Forming Clay":[156],"Charon\u0027s Ashes":[160],"Nloth\u0027s Gift":3,"Orichalcum":[6],"obtain_stats":[{"Girya":31,"NeowsBlessing":0,"Self Forming Clay":27,"SacredBark":17,"Vajra":44,"Charon\u0027s Ashes":43,"Omamori":23,"Orichalcum":46,"Burning Blood":0,"White Beast Statue":5,"Old Coin":7,"Mercury Hourglass":41,"SlaversCollar":34,"Lizard Tail":9,"Mummified Hand":10,"Shuriken":26,"Nloth\u0027s Gift":21,"Red Mask":38,"Bottled Lightning":12},{"Girya":17,"NeowsBlessing":0,"Self Forming Clay":15,"SacredBark":9,"Vajra":22,"Charon\u0027s Ashes":21,"Omamori":12,"Orichalcum":23,"Burning Blood":0,"White Beast Statue":4,"Old Coin":5,"Mercury Hourglass":20,"SlaversCollar":18,"Lizard Tail":6,"Mummified Hand":6,"Shuriken":14,"Nloth\u0027s Gift":10,"Red Mask":19,"Bottled Lightning":7},{"Girya":74,"NeowsBlessing":0,"Self Forming Clay":66,"SacredBark":33,"Vajra":94,"Charon\u0027s Ashes":91,"Omamori":48,"Orichalcum":99,"Burning Blood":0,"White Beast Statue":6,"Old Coin":20,"Mercury Hourglass":89,"SlaversCollar":82,"Lizard Tail":23,"Mummified Hand":23,"Shuriken":62,"Nloth\u0027s Gift":37,"Red Mask":84,"Bottled Lightning":26}],"Burning Blood":132,"Mercury Hourglass":[108]},"card_choices":[{"not_picked":["Pommel Strike","Body Slam"],"picked":"Sword Boomerang","floor":1.0},{"not_picked":["Body Slam","Warcry"],"picked":"Pummel","floor":2.0},{"not_picked":["Fire Breathing","Heavy Blade","Bloodletting"],"picked":"SKIP","floor":3.0},{"not_picked":["Iron Wave","Heavy Blade"],"picked":"Second Wind","floor":4.0},{"not_picked":["Perfected Strike","Cleave"],"picked":"Carnage","floor":7.0},{"not_picked":["Intimidate","Body Slam"],"picked":"Offering","floor":8.0},{"not_picked":["Heavy Blade","Bloodletting"],"picked":"Inflame","floor":11.0},{"not_picked":["Pommel Strike","Cleave"],"picked":"Dual Wield","floor":14.0},{"not_picked":["Double Tap","Bludgeon"],"picked":"Demon Form","floor":16.0},{"not_picked":["Warcry","Iron Wave"],"picked":"True Grit+1","floor":18.0},{"not_picked":["Twin Strike","Clothesline+1"],"picked":"Shockwave","floor":22.0},{"not_picked":["Combust+1","Armaments"],"picked":"Heavy Blade+1","floor":23.0},{"not_picked":["Shrug It Off","Searing Blow"],"picked":"Sword Boomerang","floor":24.0},{"not_picked":["Pummel","Perfected Strike"],"picked":"Reaper","floor":25.0},{"not_picked":["Shockwave","Fiend Fire"],"picked":"Armaments+1","floor":27.0},{"not_picked":["Anger","Blood for Blood"],"picked":"Headbutt","floor":30.0},{"not_picked":["Havoc","Warcry"],"picked":"Sword Boomerang","floor":31.0},{"not_picked":["Bloodletting","Hemokinesis"],"picked":"Shrug It Off+1","floor":35.0},{"not_picked":["Disarm","Combust"],"picked":"Brutality","floor":41.0},{"not_picked":["Armaments","Shrug It Off"],"picked":"Dropkick+1","floor":42.0},{"not_picked":["Fire Breathing+1","Whirlwind+1"],"picked":"Rupture+1","floor":44.0},{"not_picked":["Armaments","Searing Blow"],"picked":"Reaper","floor":46.0},{"not_picked":["Cleave","Perfected Strike+1"],"picked":"Intimidate","floor":47.0}],"player_experience":767232,"relics_obtained":[{"floor":5.0,"key":"White Beast Statue"},{"floor":7.0,"key":"Old Coin"},{"floor":9.0,"key":"Lizard Tail"},{"floor":23.0,"key":"Omamori"},{"floor":26.0,"key":"Shuriken"},{"floor":27.0,"key":"Self Forming Clay"},{"floor":31.0,"key":"Girya"},{"floor":41.0,"key":"Mercury Hourglass"},{"floor":43.0,"key":"Charon\u0027s Ashes"},{"floor":44.0,"key":"Vajra"},{"floor":46.0,"key":"Orichalcum"}],"event_choices":[{"damage_healed":0.0,"max_hp_gain":0.0,"max_hp_loss":0.0,"gold_gain":0.0,"event_name":"Big Fish","player_choice":"Box","floor":10.0,"gold_loss":0.0,"damage_taken":0.0,"relics_obtained":["Mummified Hand"],"cards_obtained":["Regret"]},{"damage_healed":18.0,"max_hp_gain":0.0,"max_hp_loss":0.0,"gold_gain":0.0,"event_name":"The Cleric","player_choice":"Healed","floor":13.0,"gold_loss":35.0,"damage_taken":0.0},{"damage_healed":0.0,"max_hp_gain":0.0,"max_hp_loss":0.0,"gold_gain":0.0,"event_name":"Cursed Tome","player_choice":"Ignored","floor":20.0,"gold_loss":0.0,"damage_taken":0.0},{"damage_healed":0.0,"max_hp_gain":0.0,"max_hp_loss":0.0,"gold_gain":0.0,"event_name":"N\u0027loth","player_choice":"Traded Relic","floor":21.0,"relics_lost":["Lizard Tail"],"gold_loss":0.0,"damage_taken":0.0,"relics_obtained":["Nloth\u0027s Gift"]},{"damage_healed":0.0,"max_hp_gain":0.0,"max_hp_loss":4.0,"gold_gain":0.0,"event_name":"Winding Halls","player_choice":"Max HP","floor":36.0,"gold_loss":0.0,"damage_taken":0.0},{"damage_healed":0.0,"max_hp_gain":0.0,"max_hp_loss":0.0,"gold_gain":0.0,"event_name":"Tomb of Lord Red Mask","player_choice":"Paid","floor":38.0,"gold_loss":5.0,"damage_taken":0.0,"relics_obtained":["Red Mask"]},{"cards_removed":["Second Wind"],"damage_healed":0.0,"max_hp_gain":0.0,"max_hp_loss":0.0,"gold_gain":0.0,"event_name":"Falling","player_choice":"Removed Skill","floor":48.0,"gold_loss":0.0,"damage_taken":0.0}],"is_beta":false,"boss_relics":[{"not_picked":["Black Star","Sozu"],"picked":"SacredBark"},{"not_picked":["Empty Cage","Busted Crown"],"picked":"SlaversCollar"}],"items_purged_floors":[12,37],"is_endless":false,"potions_floor_spawned":[4,7,8,11,14,16,18,22,23,24,25,27,30,31,33,35,41,42,44,46,47],"killed_by":"Donu and Deca","ascension_level":20}}