{"host":"hfvpa4llnnjpeawn","time":1609699397,"event":{"mods":["2.2 Compatiblity","AchievementEnabler","Act Like it!","Aspiration","Bard","BaseMod","Beaked The Cultist","Better Sensory Stone","Better Skull","Better Third Choice","BetterRewards","CapriCore","Conspire","Downfall","Elementarium","Energized Spire","Hubris","Infinite Spire","Jorbs\u0027s Wanderer Trilogy","Minty Spire (QoL Compilation)","Replay The Spire","Shade Mod","Spicy Shops","StSLib","The Bladedancer","The Factory","The Gatherer","The Jungle","Waifu the Spire","Wandering Minibosses"],"gold_per_floor":[113,131,146,11,26,39,74,93,93,93,93,93,93,127,127,198,198,165,165,177,189,209,209,240,240,320,351,368,381,381,395,395,474,474,516,562,42,92,92,151,151,182,182,227,26,75,109,109],"floor_reached":47,"playtime":5192,"items_purged":["Strike_R"],"score":1897,"play_id":"07937a06-011b-4afe-9980-285f0629320e","local_time":"20210103134317","is_ascension_mode":true,"campfire_choices":[{"floor":10.0,"key":"REST"},{"floor":13.0,"key":"REST"},{"data":"Flame Barrier","floor":15.0,"key":"SMITH"},{"data":"Whirlwind","floor":23.0,"key":"SMITH"},{"floor":25.0,"key":"REST"},{"floor":32,"key":"REST"},{"data":"Limit Break","floor":41,"key":"SMITH"}],"circlet_count":0,"master_deck":["AscendersBane","Strike_R","Strike_R","Strike_R","Strike_R","Defend_R","Defend_R","Defend_R","Bash","Carnage","Heavy Blade","Pummel","Thunderclap","Flame Barrier+1","Spot Weakness","Limit Break+1","Havoc","Exhume","Carnage+1","Whirlwind+1","Decay","Double Tap","Hemokinesis","hubris:NaturalOne","Metallicize","Clumsy","Impervious+1","Offering+1"],"relics":["Burning Blood","Membership Card","Replay:Ringing Soul","Red Skull","PreservedInsect","Centennial Puzzle","hubris:Reverence","hubris:Towel","hubris:Icosahedron","Dead Branch","aspiration:SecretTechniqueScroll","conspire:SpecialSausage","Potion Belt","Nunchaku","aspiration:FetidBarrel","Ornamental Fan","Electric Blood","infinitespire:EvilPickle","Chemical X","infinitespire:Lychee Nut","White Beast Statue","Toy Ornithopter","ReplayTheSpireMod:Ring of Exchange","Ring of Greed","Golden Egg","infinitespire:Midas Blood","Oddly Smooth Stone","Replay:Baseball","Brimstone"],"acts_visited":["Exordium","TheCity","TheBeyond"],"potions_floor_usage":[31,31,33,42,42,47,47],"damage_taken":[{"damage":1.0,"enemies":"Cultist","floor":1.0,"turns":3.0},{"damage":18.0,"enemies":"Small Slimes","floor":2.0,"turns":4.0},{"damage":11.0,"enemies":"2 Louse","floor":3.0,"turns":3.0},{"damage":16.0,"enemies":"Exordium Wildlife","floor":5.0,"turns":4.0},{"damage":11.0,"enemies":"Lots of Slimes","floor":6.0,"turns":3.0},{"damage":12.0,"enemies":"Gremlin Nob","floor":7.0,"turns":1.0},{"damage":13.0,"enemies":"Blue Slaver","floor":8.0,"turns":2.0},{"damage":20.0,"enemies":"Lagavulin","floor":14.0,"turns":3.0},{"damage":20.0,"enemies":"Fading Forest","floor":16.0,"turns":13.0},{"damage":12.0,"enemies":"Chosen","floor":18.0,"turns":4.0},{"damage":6.0,"enemies":"3 Byrds","floor":20.0,"turns":2.0},{"damage":12.0,"enemies":"Snake Plant","floor":21.0,"turns":3.0},{"damage":15.0,"enemies":"conspire:HollyBat","floor":22.0,"turns":6.0},{"damage":23.0,"enemies":"Book of Stabbing","floor":24.0,"turns":3.0},{"damage":2.0,"enemies":"conspire:Head Lice","floor":27.0,"turns":3.0},{"damage":10.0,"enemies":"Snecko","floor":28.0,"turns":4.0},{"damage":26.0,"enemies":"Cultist and Chosen","floor":29.0,"turns":4.0},{"damage":19,"enemies":"Shelled Parasite and Fungi","floor":31,"turns":3},{"damage":77,"enemies":"Pondfish","floor":33,"turns":11},{"damage":12,"enemies":"3 Shapes","floor":35,"turns":3},{"damage":17,"enemies":"Orb Walker","floor":36,"turns":2},{"damage":17,"enemies":"Reptomancer","floor":40,"turns":2},{"damage":9,"enemies":"Spire Growth","floor":42,"turns":2},{"damage":47,"enemies":"Maw","floor":44,"turns":5},{"damage":35,"enemies":"Transient","floor":46,"turns":6},{"damage":2,"enemies":"infinitespire:Three Voidlings","floor":47,"turns":1},{"damage":61,"enemies":"Nightmare_Alpha","floor":47,"turns":4}],"seed_played":"5414096168825009652","potions_obtained":[{"floor":1.0,"key":"GamblersBrew"},{"floor":3.0,"key":"Death Potion"},{"floor":6.0,"key":"PowerPotion"},{"floor":7.0,"key":"Strength Potion"},{"floor":14.0,"key":"AttackPotion"},{"floor":18.0,"key":"DuplicationPotion"},{"floor":20.0,"key":"LifebloodPotion"},{"floor":27.0,"key":"SpeedPotion"},{"floor":28.0,"key":"Dexterity Potion"},{"floor":31,"key":"FearPotion"},{"floor":39,"key":"ElixirPotion"},{"floor":39,"key":"Reflective Coating"},{"floor":40,"key":"Strength Potion"},{"floor":42,"key":"Dexterity Potion"},{"floor":44,"key":"Weak Potion"},{"floor":46,"key":"SpeedPotion"}],"is_trial":false,"path_per_floor":["M","M","M","$","M","M","E","M","T","R","?","?","R","E","R","B",null,"M","AVR","M","M","M","R","E","R","T","E","M","M","?","M","R","B",null,"M","M","$","?","?","E","R","M","T","M","$","M","?"],"character_chosen":"IRONCLAD","items_purchased":["Membership Card","Replay:Ringing Soul","Red Skull","PreservedInsect","Flame Barrier","Chemical X","infinitespire:Lychee Nut","White Beast Statue","Toy Ornithopter","Metallicize","Brimstone","Impervious","Offering"],"campfire_rested":4,"item_purchase_floors":[0,0,0,4,4,37,37,37,37,37,45,45,45],"current_hp_per_floor":[58,49,47,50,43,38,35,28,28,56,56,56,84,73,73,70,94,91,91,91,85,79,79,62,94,94,98,94,74,77,64,97,29,93,90,82,85,85,85,77,77,87,87,55,58,35,0,0],"gold":109,"neow_bonus":"","is_daily":false,"chose_seed":false,"campfire_upgraded":3,"win_rate":0.0,"timestamp":1609699397,"path_taken":["M","M","M","$","M","M","E","?","T","R","?","?","R","E","R","BOSS","M","AVR","M","M","M","R","E","R","T","E","M","M","?","M","R","BOSS","M","M","$","?","?","E","R","M","T","?","$","M","?"],"items_purchased_type":["Relic","Relic","Relic","Relic","Card","Relic","Relic","Relic","Relic","Card","Relic","Card","Card"],"build_version":"2020-12-22","purchased_purges":1,"victory":false,"max_hp_per_floor":[81,84,87,90,93,93,96,96,96,96,96,96,96,99,99,102,102,105,105,105,105,108,108,108,108,108,108,108,108,111,111,111,114,114,117,120,93,93,93,93,93,93,93,96,99,99,99,99],"card_choices":[{"not_picked":["Headbutt","Searing Blow"],"picked":"Heavy Blade","floor":1.0},{"not_picked":["True Grit","Twin Strike"],"picked":"Pummel","floor":2.0},{"not_picked":["Twin Strike","Shrug It Off"],"picked":"Thunderclap","floor":3.0},{"not_picked":["infinitespire:OneForAll","Headbutt"],"picked":"Spot Weakness","floor":5.0},{"not_picked":["Evolve","Carnage","Run Through"],"picked":"SKIP","floor":6.0},{"not_picked":["Iron Wave","Rupture"],"picked":"Limit Break","floor":7.0},{"not_picked":["ReplayTheSpireMod:LeadingStrike","Life Link","Rampage"],"picked":"SKIP","floor":8.0},{"not_picked":["Wild Strike","Dual Wield"],"picked":"Havoc","floor":14.0},{"not_picked":["Double Tap","Demonic Infusion"],"picked":"Exhume","floor":16.0},{"not_picked":["Second Wind","Flex"],"picked":"Carnage+1","floor":18.0},{"not_picked":["Second Wind","Body Slam","ReplayTheSpireMod:Stacked"],"picked":"SKIP","floor":20.0},{"not_picked":["hubris:ReadiedAction","Feel No Pain","Run Through"],"picked":"SKIP","floor":21.0},{"not_picked":["Armaments","Hemokinesis"],"picked":"Whirlwind","floor":22.0},{"not_picked":["Thunderclap","Headbutt","Armaments"],"picked":"SKIP","floor":24.0},{"not_picked":["Flex","Anger","Havoc"],"picked":"SKIP","floor":27.0},{"not_picked":["Cleave","Thunderclap+1","Life Link"],"picked":"SKIP","floor":28.0},{"not_picked":["Replay:Undeath\u0027s Touch","Thunderclap","Dark Embrace"],"picked":"SKIP","floor":29.0},{"not_picked":["hubris:CleavingFinish","Sentinel","Armaments"],"picked":"SKIP","floor":31},{"not_picked":["Barricade","Berserk"],"picked":"Double Tap","floor":33},{"not_picked":["ReplayReversal","Twin Strike+1"],"picked":"Hemokinesis","floor":35},{"not_picked":["Carnage","Power Through","Iron Wave"],"picked":"SKIP","floor":36},{"not_picked":["Life Link+1","Rampage","ReplayTheSpireMod:Strike From Hell+1"],"picked":"SKIP","floor":40},{"not_picked":["Twin Strike","Perfected Strike","hubris:CleavingFinish+1"],"picked":"SKIP","floor":42},{"not_picked":["ReplayTheSpireMod:Strike From Hell","hubris:SharpeningStone","Flame Barrier"],"picked":"SKIP","floor":44},{"not_picked":["Disarm","Clash","Twin Strike"],"picked":"SKIP","floor":46}],"player_experience":373120,"relics_obtained":[{"floor":7.0,"key":"Centennial Puzzle"},{"floor":9.0,"key":"hubris:Reverence"},{"floor":14.0,"key":"Dead Branch"},{"floor":24.0,"key":"Nunchaku"},{"floor":26.0,"key":"aspiration:FetidBarrel"},{"floor":27.0,"key":"Ornamental Fan"},{"floor":38,"key":"ReplayTheSpireMod:Ring of Exchange"},{"floor":38,"key":"Ring of Greed"},{"floor":38,"key":"Golden Egg"},{"floor":38,"key":"infinitespire:Midas Blood"},{"floor":40,"key":"Oddly Smooth Stone"},{"floor":43,"key":"Replay:Baseball"}],"event_choices":[{"damage_healed":0,"gold_gain":0,"player_choice":"Smashed Altar","damage_taken":0,"max_hp_gain":0,"max_hp_loss":0,"event_name":"Forgotten Altar","floor":30,"gold_loss":0,"cards_obtained":["Decay"]},{"damage_healed":0,"gold_gain":0,"player_choice":"Got Potions","damage_taken":0,"max_hp_gain":0,"max_hp_loss":0,"event_name":"Lab","floor":39,"gold_loss":0}],"is_beta":false,"boss_relics":[{"not_picked":["Runic Dome","energizedSpire:HugeHouse"],"picked":"aspiration:SecretTechniqueScroll"},{"not_picked":["energizedSpire:TabascoSauce","conspire:SeveredTorchhead"],"picked":"Electric Blood"}],"items_purged_floors":[0],"is_endless":false,"potions_floor_spawned":[1,3,6,7,14,18,20,27,28,31,40,42,44,46,47],"killed_by":"Nightmare_Alpha","ascension_level":20}}