{"host":"sav7uxregyirlf69","time":1609695416,"event":{"mods":["AchievementEnabler","BaseMod","Colored Map","DeckTracker","Keyboard Shortcuts","Minty Spire (QoL Compilation)","READ ME - Guardian Mod","StSLib","SuperFastMode"],"gold_per_floor":[109,109,8,8,22,52,72,72,97,123,139,174,191,211,211,287,287,247,247,247,172,172,172,172,172,172,172,72,72,72,72,72,72,72,72,72,72,72,72,72,72,72,72,72,72,72,72,72,72,72,72,72,72,72,72,72,72],"floor_reached":56,"playtime":1970,"items_purged":["Strike_G","Strike_G"],"score":2546,"play_id":"d2ff7d4f-014a-43a1-a0fd-5617ff7f585c","local_time":"20210104023656","is_ascension_mode":true,"campfire_choices":[{"data":"Neutralize","floor":8.0,"key":"SMITH"},{"data":"Deadly Poison","floor":15.0,"key":"SMITH"},{"data":"Ghostly","floor":23,"key":"SMITH"},{"data":"Ghostly","floor":25,"key":"SMITH"},{"data":"Prepared","floor":30,"key":"SMITH"},{"data":"Ghostly","floor":32,"key":"SMITH"},{"data":"Concentrate","floor":41,"key":"SMITH"},{"data":"Well Laid Plans","floor":46,"key":"SMITH"},{"floor":49,"key":"RECALL"},{"data":"Wraith Form v2","floor":53,"key":"SMITH"}],"circlet_count":0,"master_deck":["AscendersBane","Defend_G","Defend_G","Defend_G","Survivor","Neutralize+1","Predator+1","Corpse Explosion+1","Deadly Poison+1","Escape Plan","Escape Plan","Ghostly+1","Ghostly+1","Ghostly+1","Prepared+1","Adrenaline","Wraith Form v2+1","Prepared+1","Reflex+1","Eviscerate+1","Well Laid Plans+1","Reflex","Concentrate+1","Adrenaline","Backflip+1"],"relics":["Ring of the Snake","NeowsBlessing","Bronze Scales","PreservedInsect","Blood Vial","Anchor","Ectoplasm","Incense Burner","Blue Candle","Astrolabe","Ice Cream","Toy Ornithopter","Calipers","CaptainsWheel","Mercury Hourglass"],"acts_visited":["Exordium","TheCity","TheBeyond","TheEnding"],"potions_floor_usage":[16,16,33,56],"damage_taken":[{"damage":0.0,"enemies":"2 Louse","floor":1.0,"turns":1.0},{"damage":0.0,"enemies":"Small Slimes","floor":5.0,"turns":1.0},{"damage":0.0,"enemies":"3 Sentries","floor":6.0,"turns":2.0},{"damage":1.0,"enemies":"Jaw Worm","floor":7.0,"turns":3.0},{"damage":10.0,"enemies":"Lagavulin","floor":10.0,"turns":4.0},{"damage":0.0,"enemies":"Large Slime","floor":11.0,"turns":4.0},{"damage":2.0,"enemies":"3 Sentries","floor":12.0,"turns":2.0},{"damage":5.0,"enemies":"Looter","floor":13.0,"turns":2.0},{"damage":1.0,"enemies":"Blue Slaver","floor":14.0,"turns":3.0},{"damage":28,"enemies":"The Guardian","floor":16,"turns":8},{"damage":7,"enemies":"2 Thieves","floor":18,"turns":2},{"damage":0,"enemies":"3 Byrds","floor":22,"turns":2},{"damage":0,"enemies":"Slavers","floor":24,"turns":2},{"damage":2,"enemies":"Snake Plant","floor":27,"turns":3},{"damage":0,"enemies":"Book of Stabbing","floor":29,"turns":4},{"damage":0,"enemies":"Shelled Parasite and Fungi","floor":31,"turns":4},{"damage":36,"enemies":"Champ","floor":33,"turns":15},{"damage":0,"enemies":"Orb Walker","floor":35,"turns":3},{"damage":0,"enemies":"3 Shapes","floor":38,"turns":2},{"damage":1,"enemies":"Spire Growth","floor":39,"turns":5},{"damage":4,"enemies":"Reptomancer","floor":40,"turns":5},{"damage":0,"enemies":"Giant Head","floor":42,"turns":6},{"damage":1,"enemies":"Mind Bloom Boss Battle","floor":44,"turns":5},{"damage":1,"enemies":"Reptomancer","floor":45,"turns":6},{"damage":2,"enemies":"Nemesis","floor":47,"turns":5},{"damage":0,"enemies":"4 Shapes","floor":48,"turns":2},{"damage":0,"enemies":"Donu and Deca","floor":50,"turns":5},{"damage":0,"enemies":"Time Eater","floor":51,"turns":12},{"damage":0,"enemies":"Shield and Spear","floor":55,"turns":6},{"damage":46,"enemies":"The Heart","floor":56,"turns":9}],"seed_played":"-7550570218728000426","potions_obtained":[{"floor":7.0,"key":"EntropicBrew"},{"floor":10.0,"key":"PowerPotion"},{"floor":18,"key":"SkillPotion"},{"floor":24,"key":"Regen Potion"},{"floor":36,"key":"FairyPotion"}],"is_trial":false,"path_per_floor":["M","?","$","?","M","E","M","R","T","E","M","E","M","M","R","B",null,"M","?","?","?","M","R","E","R","T","M","$","E","R","M","R","B",null,"M","?","$","M","M","E","R","E","T","?","E","R","E","M","R","B","B",null,"R","$","E","B"],"character_chosen":"THE_SILENT","items_purchased":["Deadly Poison"],"campfire_rested":0,"item_purchase_floors":[3],"current_hp_per_floor":[59,59,59,39,39,39,38,38,38,28,30,30,27,28,28,2,50,45,45,33,33,33,33,33,33,33,31,31,33,33,33,33,12,28,30,30,30,32,32,29,29,31,31,32,32,32,31,33,33,33,33,33,33,33,33,0,0],"gold":72,"neow_bonus":"THREE_ENEMY_KILL","is_daily":false,"chose_seed":false,"campfire_upgraded":9,"win_rate":0.0,"timestamp":1609695416,"path_taken":["M","?","$","?","M","E","M","R","T","E","M","E","M","M","R","BOSS","M","?","?","?","M","R","E","R","T","M","?","E","R","M","R","BOSS","M","?","?","?","M","E","R","E","T","?","E","R","E","M","R","BOSS","BOSS","R","$","E","BOSS"],"items_purchased_type":["Card"],"build_version":"2020-12-22","purchased_purges":2,"victory":false,"max_hp_per_floor":[66,66,66,66,66,66,66,66,66,66,66,66,66,66,66,66,66,66,66,33,33,33,33,33,33,33,33,33,33,33,33,33,33,33,33,33,33,33,33,33,33,33,33,33,33,33,33,33,33,33,33,33,33,33,33,33,33],"card_choices":[{"not_picked":["Quick Slash","Masterful Stab"],"picked":"Predator","floor":1.0},{"not_picked":["Bane","Endless Agony","Blade Dance"],"picked":"SKIP","floor":5.0},{"not_picked":["Flying Knee","Expertise"],"picked":"Escape Plan","floor":6.0},{"not_picked":["Outmaneuver","Bane"],"picked":"Escape Plan","floor":7.0},{"not_picked":["Dagger Throw","Flying Knee","Outmaneuver"],"picked":"SKIP","floor":10.0},{"not_picked":["Deadly Poison","Prepared","Choke"],"picked":"SKIP","floor":11.0},{"not_picked":["Bane","Unload","Prepared"],"picked":"SKIP","floor":12.0},{"not_picked":["Underhanded Strike","Dodge and Roll","Bane"],"picked":"SKIP","floor":13.0},{"not_picked":["Dash","Setup","Flying Knee"],"picked":"SKIP","floor":14.0},{"not_picked":["Dodge and Roll","Slice","Bane"],"picked":"SKIP","floor":18},{"not_picked":["Riddle With Holes","Sucker Punch","Eviscerate"],"picked":"SKIP","floor":22},{"not_picked":["Dodge and Roll","Predator"],"picked":"Prepared","floor":24},{"not_picked":["Deadly Poison+1","Deflect"],"picked":"Adrenaline","floor":27},{"not_picked":["Caltrops","Bane","Poisoned Stab+1"],"picked":"SKIP","floor":29},{"not_picked":["Sucker Punch","Quick Slash","Cloak And Dagger"],"picked":"SKIP","floor":31},{"not_picked":["Glass Knife","After Image"],"picked":"Wraith Form v2","floor":33},{"not_picked":["Cloak And Dagger+1","PiercingWail","All Out Attack"],"picked":"SKIP","floor":35},{"not_picked":["Riddle With Holes","Finisher"],"picked":"Well Laid Plans","floor":38},{"not_picked":["Terror","Deflect+1"],"picked":"Reflex","floor":39},{"not_picked":["Blade Dance+1","Cloak And Dagger+1"],"picked":"Concentrate","floor":40},{"not_picked":["Quick Slash","Footwork","Eviscerate"],"picked":"SKIP","floor":42},{"not_picked":["Bane","Underhanded Strike"],"picked":"Adrenaline","floor":45},{"not_picked":["Concentrate","Accuracy+1"],"picked":"Backflip+1","floor":47},{"not_picked":["Well Laid Plans","Finisher","Deadly Poison"],"picked":"SKIP","floor":48},{"not_picked":["Skewer","Cloak And Dagger","Underhanded Strike"],"picked":"SKIP","floor":55}],"player_experience":1126470,"relics_obtained":[{"floor":6.0,"key":"Bronze Scales"},{"floor":9.0,"key":"PreservedInsect"},{"floor":10.0,"key":"Blood Vial"},{"floor":12.0,"key":"Anchor"},{"floor":24,"key":"Incense Burner"},{"floor":29,"key":"Blue Candle"},{"floor":40,"key":"Ice Cream"},{"floor":43,"key":"Toy Ornithopter"},{"floor":45,"key":"Calipers"},{"floor":47,"key":"CaptainsWheel"},{"floor":55,"key":"Mercury Hourglass"}],"event_choices":[{"damage_healed":0.0,"max_hp_gain":0.0,"max_hp_loss":0.0,"gold_gain":0.0,"cards_transformed":["Strike_G"],"event_name":"Living Wall","player_choice":"Change","floor":2.0,"gold_loss":0.0,"damage_taken":0.0,"cards_obtained":["Corpse Explosion"]},{"damage_healed":0.0,"max_hp_gain":0.0,"max_hp_loss":0.0,"gold_gain":0.0,"event_name":"Shining Light","player_choice":"Entered Light","floor":4.0,"gold_loss":0.0,"damage_taken":20.0,"cards_upgraded":["Predator","Corpse Explosion"]},{"damage_healed":0,"gold_gain":0,"player_choice":"Ignored","damage_taken":0,"max_hp_gain":0,"max_hp_loss":0,"event_name":"Cursed Tome","floor":19,"gold_loss":0},{"damage_healed":0,"gold_gain":0,"player_choice":"Became a Ghost","damage_taken":0,"max_hp_gain":0,"max_hp_loss":33,"event_name":"Ghosts","floor":20,"gold_loss":0,"cards_obtained":["Ghostly","Ghostly","Ghostly"]},{"cards_removed":["Strike_G"],"damage_healed":0,"gold_gain":0,"player_choice":"Gave Gold","damage_taken":0,"max_hp_gain":0,"max_hp_loss":0,"event_name":"Beggar","floor":21,"gold_loss":75},{"damage_healed":0,"gold_gain":0,"player_choice":"Got Potions","damage_taken":0,"max_hp_gain":0,"max_hp_loss":0,"event_name":"Lab","floor":36,"gold_loss":0},{"damage_healed":0,"gold_gain":0,"player_choice":"Fight","damage_taken":0,"max_hp_gain":0,"max_hp_loss":0,"event_name":"MindBloom","floor":44,"gold_loss":0}],"is_beta":false,"boss_relics":[{"not_picked":["Velvet Choker","Calling Bell"],"picked":"Ectoplasm"},{"not_picked":["Cursed Key","SlaversCollar"],"picked":"Astrolabe"}],"items_purged_floors":[3,28],"is_endless":false,"potions_floor_spawned":[7,10,11,12,18,24,29,31,39,45,47],"killed_by":"The Heart","ascension_level":20}}