{"host":"ox77rn1xcurm2t5a","time":1609634565,"event":{"mods":["2.2 Compatiblity","AchievementEnabler","Act Like it!","Aspiration","BaseMod","Best Route Mod","Better Match","Better Note","Better Sensory Stone","Block Reminder","Colored Map","Colored Powertips","Conjunction","Conspire","Custom Start","Energized Spire","GifTheSpireLib","Gold Saver","Gremlin Skip","Halation","Highlight Path","Hubris","Infinite Spire","Minty Spire (QoL Compilation)","Pale of the Ancients","Quick Restart","Replay The Spire","Reworked Bosses","ShortenTheSpire","Spire Exporter","StSLib","Stuff the Spire","Wandering Minibosses","vexMod"],"gold_per_floor":[371,371,371,389,402,402,402],"floor_reached":6,"playtime":65,"items_purged":[],"score":56,"play_id":"d01d7db0-2417-42b7-9b92-8af6713d3bfd","local_time":"20210103024245","is_ascension_mode":true,"campfire_choices":[],"circlet_count":0,"master_deck":["AscendersBane","Strike_B","Strike_B","Strike_B","Strike_B+1","Defend_B","Defend_B","Defend_B","Defend_B","Zap","Dualcast+1","Coolheaded","Glacier"],"relics":["Cracked Core","NeowsBlessing"],"acts_visited":["Exordium"],"potions_floor_usage":[],"damage_taken":[{"damage":0,"enemies":"Small Slimes","floor":1,"turns":1},{"damage":0,"enemies":"Jaw Worm","floor":4,"turns":1},{"damage":0,"enemies":"Cultist","floor":5,"turns":1},{"damage":3,"enemies":"3 Sentries","floor":6,"turns":2}],"seed_played":"6186877409644431558","potions_obtained":[{"floor":1,"key":"SpeedPotion"}],"is_trial":false,"path_per_floor":["M","?","T","M","M","E"],"character_chosen":"DEFECT","items_purchased":[],"campfire_rested":0,"item_purchase_floors":[],"current_hp_per_floor":[68,53,53,53,53,50,50],"gold":402,"neow_bonus":"THREE_ENEMY_KILL","is_daily":false,"chose_seed":false,"campfire_upgraded":0,"win_rate":0.0,"timestamp":1609634565,"path_taken":["M","?","?","M","M","E"],"items_purchased_type":[],"build_version":"2020-12-22","purchased_purges":0,"victory":false,"max_hp_per_floor":[75,75,75,75,75,75,75],"card_choices":[{"not_picked":["ReplaySolidLightProjector","Sweeping Beam"],"picked":"Coolheaded","floor":1},{"not_picked":["Genetic Algorithm","Melter"],"picked":"Glacier","floor":4},{"not_picked":["ReplayTheSpireMod:GoodbyeWorld","Consume","Rebound"],"picked":"SKIP","floor":5}],"player_experience":2881829,"relics_obtained":[],"event_choices":[{"damage_healed":0,"gold_gain":0,"player_choice":"Entered Light","damage_taken":15,"max_hp_gain":0,"max_hp_loss":0,"event_name":"Shining Light","floor":2,"gold_loss":0,"cards_upgraded":["Strike_B","Dualcast"]}],"is_beta":false,"boss_relics":[],"items_purged_floors":[],"is_endless":false,"potions_floor_spawned":[1],"killed_by":"3 Sentries","ascension_level":11}}