{"host":"gg","time":1609667529,"event":{"mods":["BaseMod","Colored Map","Googly Eyes","Minty Spire (QoL Compilation)","Permanent Neow","Relic Stats","The IronCluck"],"gold_per_floor":[116,391,402,49,68,93,93,93,93,118,129,129,147,167,167,244,244,244,244],"floor_reached":18,"playtime":873,"items_purged":["Regret"],"score":344,"play_id":"33b23df0-e3a4-4371-9803-9829bef682a2","local_time":"20210103015209","is_ascension_mode":true,"campfire_choices":[{"floor":7.0,"key":"REST"},{"data":"Zap","floor":12.0,"key":"SMITH"},{"floor":15,"key":"REST"}],"circlet_count":0,"master_deck":["AscendersBane","Strike_B","Strike_B","Strike_B","Strike_B","Defend_B","Defend_B","Defend_B","Defend_B","Zap+1","Dualcast","Go for the Eyes","Chill","Melter+1","Undo+1","Leap","Streamline+1","Cold Snap+1","Sweeping Beam+1","Creative AI"],"relics":["Nuclear Battery","Molten Egg 2","Emotion Chip","Gremlin Horn","Calipers","Philosopher\u0027s Stone"],"acts_visited":["Exordium","TheCity"],"potions_floor_usage":[16,16],"damage_taken":[{"damage":6.0,"enemies":"Small Slimes","floor":1.0,"turns":4.0},{"damage":3.0,"enemies":"Cultist","floor":3.0,"turns":4.0},{"damage":5.0,"enemies":"Jaw Worm","floor":5.0,"turns":5.0},{"damage":43.0,"enemies":"3 Sentries","floor":6.0,"turns":10.0},{"damage":5.0,"enemies":"Lagavulin","floor":10.0,"turns":7.0},{"damage":2.0,"enemies":"Red Slaver","floor":11.0,"turns":5.0},{"damage":0.0,"enemies":"Exordium Wildlife","floor":13.0,"turns":3.0},{"damage":4.0,"enemies":"Blue Slaver","floor":14.0,"turns":3.0},{"damage":26,"enemies":"Slime Boss","floor":16,"turns":8},{"damage":57,"enemies":"3 Byrds","floor":18,"turns":4}],"seed_played":"5139234655389745413","potions_obtained":[{"floor":10.0,"key":"Explosive Potion"},{"floor":11.0,"key":"BlessingOfTheForge"},{"floor":16,"key":"SteroidPotion"}],"is_trial":false,"path_per_floor":["M","?","M","$","M","E","R","?","T","E","M","R","M","M","R","B",null,"M"],"character_chosen":"DEFECT","items_purchased":["Molten Egg 2"],"campfire_rested":2,"item_purchase_floors":[4],"current_hp_per_floor":[58,58,55,55,50,7,28,28,28,23,21,21,21,17,38,12,56,0,0],"gold":244,"neow_bonus":"BOSS_RELIC","is_daily":false,"chose_seed":false,"campfire_upgraded":1,"win_rate":0.0,"timestamp":1609667529,"path_taken":["M","?","?","?","M","E","R","?","T","E","?","R","M","M","R","BOSS","M"],"items_purchased_type":["Relic"],"build_version":"2020-12-18","purchased_purges":1,"victory":false,"max_hp_per_floor":[71,71,71,71,71,71,71,71,71,71,71,71,71,71,71,71,71,71,71],"relic_stats":{"Emotion Chip":[12,3,6,0,3],"Gremlin Horn":[3,3],"counters":[10,53],"obtain_stats":[{"Emotion Chip":6,"Calipers":10,"Gremlin Horn":9,"Molten Egg 2":4,"Philosopher\u0027s Stone":17,"Cracked Core":0,"Nuclear Battery":0},{"Emotion Chip":4,"Calipers":5,"Gremlin Horn":4,"Molten Egg 2":2,"Philosopher\u0027s Stone":9,"Cracked Core":0,"Nuclear Battery":0},{"Emotion Chip":23,"Calipers":30,"Gremlin Horn":23,"Molten Egg 2":8,"Philosopher\u0027s Stone":49,"Cracked Core":0,"Nuclear Battery":0}]},"card_choices":[{"not_picked":["Redo","Lockon"],"picked":"Go for the Eyes","floor":1.0},{"not_picked":["Rebound","Redo"],"picked":"Chill","floor":3.0},{"not_picked":["Coolheaded","Reinforced Body"],"picked":"Melter+1","floor":5.0},{"not_picked":["Hello World","Seek"],"picked":"Undo","floor":6.0},{"not_picked":["Storm","Redo"],"picked":"Leap","floor":10.0},{"not_picked":["Redo","Beam Cell+1"],"picked":"Streamline+1","floor":11.0},{"not_picked":["Barrage+1","Gash+1"],"picked":"Cold Snap+1","floor":13.0},{"not_picked":["Rebound+1","Genetic Algorithm"],"picked":"Sweeping Beam+1","floor":14},{"not_picked":["All For One+1","Multi-Cast"],"picked":"Creative AI","floor":16}],"player_experience":1018689,"relics_obtained":[{"floor":6.0,"key":"Emotion Chip"},{"floor":9.0,"key":"Gremlin Horn"},{"floor":10.0,"key":"Calipers"}],"event_choices":[{"damage_healed":0.0,"max_hp_gain":0.0,"max_hp_loss":0.0,"gold_gain":275.0,"event_name":"Golden Shrine","player_choice":"Desecrate","floor":2.0,"gold_loss":0.0,"damage_taken":0.0,"cards_obtained":["Regret"]},{"damage_healed":0.0,"max_hp_gain":0.0,"max_hp_loss":0.0,"gold_gain":0.0,"event_name":"Accursed Blacksmith","player_choice":"Forge","floor":8.0,"gold_loss":0.0,"damage_taken":0.0,"cards_upgraded":["Undo"]}],"is_beta":true,"boss_relics":[{"not_picked":["Ectoplasm","SacredBark"],"picked":"Philosopher\u0027s Stone"}],"items_purged_floors":[4],"is_endless":false,"potions_floor_spawned":[10,11,13,16],"killed_by":"3 Byrds","ascension_level":20}}