{"host":"2se5dq1do2gp0x9k","time":1609705219,"event":{"mods":["AchievementEnabler","BaseMod","Block Reminder","Colored Map","Colored Powertips","Minty Spire (QoL Compilation)","Relic Stats","StSLib","SuperFastMode"],"gold_per_floor":[111,126,51,51,62,62,88,88,88,104,104,134,134,144,144,239,239,254,271,91,106,36,61,61,61,137,151,151,151,151,182,182,285,285,330,347,389,434,473,511,511,566,593,625,636,511,528,565,565,590,590,590,3,36,36,36],"floor_reached":55,"playtime":2993,"items_purged":["Conclude","Eruption"],"score":1378,"play_id":"b5c372d2-c9a8-46cb-8f40-cbba43526a39","local_time":"20210103122019","is_ascension_mode":true,"campfire_choices":[{"data":"PathToVictory","floor":6.0,"key":"SMITH"},{"floor":11.0,"key":"REST"},{"data":"Meditate","floor":13.0,"key":"SMITH"},{"data":"MentalFortress","floor":15.0,"key":"SMITH"},{"data":"PathToVictory","floor":25.0,"key":"SMITH"},{"data":"EmptyMind","floor":30.0,"key":"SMITH"},{"data":"Ragnarok","floor":32.0,"key":"SMITH"},{"floor":41.0,"key":"RECALL"},{"floor":49.0,"key":"REST"},{"floor":52.0,"key":"REST"}],"circlet_count":0,"master_deck":["Vigilance","Halt","Collect","CutThroughFate","Tantrum","MentalFortress+1","Omniscience","EmptyMind+1","SignatureMove","Consecrate","PathToVictory+1","PathToVictory+1","PathToVictory","Meditate+1","EmptyBody","DevaForm","PathToVictory","SandsOfTime","Protect","EmptyMind+1","Wish","Protect","Ragnarok+1","SpiritShield","Meditate+1","WaveOfTheHand+1","Tantrum","WheelKick","Scrawl","Protect","Worship","Alpha","ThirdEye","InnerPeace","Nirvana"],"relics":["Pandora\u0027s Box","Shuriken","Happy Flower","InkBottle","Snecko Eye","Bottled Lightning","Nloth\u0027s Gift","Meat on the Bone","MutagenicStrength","CloakClasp","Fusion Hammer","Letter Opener","The Courier","Membership Card","Mummified Hand","Strawberry","Anchor","Thread and Needle","Pear","HornCleat"],"acts_visited":["Exordium","TheCity","TheBeyond","TheEnding"],"potions_floor_usage":[55],"damage_taken":[{"damage":0.0,"enemies":"Cultist","floor":1.0,"turns":2.0},{"damage":3.0,"enemies":"Small Slimes","floor":2.0,"turns":2.0},{"damage":0.0,"enemies":"Jaw Worm","floor":5.0,"turns":2.0},{"damage":0.0,"enemies":"Lagavulin","floor":7.0,"turns":4.0},{"damage":9.0,"enemies":"Gremlin Gang","floor":10.0,"turns":2.0},{"damage":26.0,"enemies":"3 Sentries","floor":12.0,"turns":4.0},{"damage":0.0,"enemies":"Exordium Thugs","floor":14.0,"turns":3.0},{"damage":0.0,"enemies":"Slime Boss","floor":16.0,"turns":5.0},{"damage":9.0,"enemies":"Chosen","floor":18.0,"turns":2.0},{"damage":0.0,"enemies":"Spheric Guardian","floor":19.0,"turns":3.0},{"damage":0.0,"enemies":"Snecko","floor":21.0,"turns":2.0},{"damage":0.0,"enemies":"Book of Stabbing","floor":23.0,"turns":2.0},{"damage":18.0,"enemies":"Shelled Parasite and Fungi","floor":27.0,"turns":3.0},{"damage":5.0,"enemies":"Gremlin Leader","floor":31.0,"turns":4.0},{"damage":0.0,"enemies":"Collector","floor":33.0,"turns":2.0},{"damage":14.0,"enemies":"3 Darklings","floor":35.0,"turns":4.0},{"damage":0.0,"enemies":"3 Shapes","floor":36.0,"turns":1.0},{"damage":0.0,"enemies":"Jaw Worm Horde","floor":37.0,"turns":1.0},{"damage":0.0,"enemies":"Transient","floor":38.0,"turns":5.0},{"damage":0.0,"enemies":"4 Shapes","floor":39.0,"turns":4.0},{"damage":0.0,"enemies":"Maw","floor":40.0,"turns":3.0},{"damage":2.0,"enemies":"Giant Head","floor":42.0,"turns":4.0},{"damage":0.0,"enemies":"Nemesis","floor":44.0,"turns":5.0},{"damage":0.0,"enemies":"Jaw Worm Horde","floor":45.0,"turns":1.0},{"damage":0.0,"enemies":"Sphere and 2 Shapes","floor":47.0,"turns":4.0},{"damage":0.0,"enemies":"Transient","floor":48.0,"turns":5.0},{"damage":24.0,"enemies":"Donu and Deca","floor":50.0,"turns":5.0},{"damage":60.0,"enemies":"Shield and Spear","floor":54.0,"turns":4.0},{"damage":88,"enemies":"The Heart","floor":55,"turns":3}],"seed_played":"-1353808049170783383","potions_obtained":[{"floor":1.0,"key":"Weak Potion"},{"floor":7.0,"key":"Weak Potion"},{"floor":16.0,"key":"Fire Potion"},{"floor":18.0,"key":"Fruit Juice"},{"floor":21.0,"key":"Fruit Juice"},{"floor":27.0,"key":"SteroidPotion"},{"floor":36.0,"key":"Explosive Potion"},{"floor":48.0,"key":"Swift Potion"},{"floor":54.0,"key":"LiquidBronze"}],"is_trial":false,"path_per_floor":["M","M","$","?","M","R","E","?","T","M","R","E","R","M","R","B",null,"M","M","$","M","$","E","?","R","T","M","?","?","R","E","R","B",null,"M","M","M","M","M","M","R","E","T","E","M","$","M","M","R","B",null,"R","$","E","B"],"character_chosen":"WATCHER","items_purchased":["SandsOfTime","EmptyMind","Alpha","Membership Card","Mummified Hand","Strawberry","Anchor","Thread and Needle","Pear","Nirvana"],"campfire_rested":3,"item_purchase_floors":[20,22,46,53,53,53,53,53,53,53],"current_hp_per_floor":[65,62,62,37,37,37,37,37,37,28,49,23,23,23,23,23,60,51,51,51,61,61,61,61,61,61,43,43,43,43,50,50,50,74,60,60,60,60,60,60,60,58,58,58,58,58,58,58,82,58,76,82,99,51,0,0],"gold":36,"neow_bonus":"BOSS_RELIC","is_daily":false,"chose_seed":false,"campfire_upgraded":6,"win_rate":0.0,"timestamp":1609705219,"path_taken":["M","M","$","?","M","R","E","?","T","M","R","E","R","?","R","BOSS","M","M","$","M","$","E","?","R","T","?","?","?","R","E","R","BOSS","M","M","?","?","M","M","R","E","T","E","M","$","M","M","R","BOSS","R","$","E","BOSS"],"items_purchased_type":["Card","Card","Card","Relic","Relic","Relic","Relic","Relic","Relic","Card"],"build_version":"2020-12-22","purchased_purges":2,"victory":false,"max_hp_per_floor":[72,72,72,72,72,72,72,72,72,72,72,72,72,72,72,72,72,72,72,72,82,82,82,82,82,82,82,82,82,82,82,82,82,82,82,82,82,82,82,82,82,82,82,82,82,82,82,82,82,82,82,82,99,99,99,99],"relic_stats":{"Happy Flower":[27],"counters":[29,91],"Shuriken":[19],"Mummified Hand":[11],"Snecko Eye":[152,136,141,143],"Pandora\u0027s Box":["Conclude","Halt","Collect","CutThroughFate","Tantrum","MentalFortress","Omniscience","EmptyMind"],"Nloth\u0027s Gift":1,"CloakClasp":[232],"Letter Opener":[152],"obtain_stats":[{"Pear":53,"Happy Flower":7,"Thread and Needle":53,"The Courier":44,"CloakClasp":31,"Letter Opener":42,"Anchor":53,"Matryoshka":9,"HornCleat":54,"Shuriken":4,"Mummified Hand":53,"MutagenicStrength":28,"Strawberry":53,"Snecko Eye":17,"Pandora\u0027s Box":0,"Fusion Hammer":34,"Nloth\u0027s Gift":24,"Bottled Lightning":23,"Membership Card":53,"PureWater":0,"InkBottle":12,"Meat on the Bone":26},{"Pear":27,"Happy Flower":4,"Thread and Needle":27,"The Courier":23,"CloakClasp":14,"Letter Opener":22,"Anchor":27,"Matryoshka":4,"HornCleat":28,"Shuriken":2,"Mummified Hand":27,"MutagenicStrength":13,"Strawberry":27,"Snecko Eye":8,"Pandora\u0027s Box":0,"Fusion Hammer":15,"Nloth\u0027s Gift":12,"Bottled Lightning":12,"Membership Card":27,"PureWater":0,"InkBottle":6,"Meat on the Bone":12},{"Pear":84,"Happy Flower":10,"Thread and Needle":84,"The Courier":69,"CloakClasp":40,"Letter Opener":64,"Anchor":84,"Matryoshka":10,"HornCleat":88,"Shuriken":4,"Mummified Hand":84,"MutagenicStrength":36,"Strawberry":84,"Snecko Eye":24,"Pandora\u0027s Box":0,"Fusion Hammer":42,"Nloth\u0027s Gift":33,"Bottled Lightning":33,"Membership Card":84,"PureWater":0,"InkBottle":16,"Meat on the Bone":33}],"InkBottle":[39],"Meat on the Bone":24},"card_choices":[{"not_picked":["SashWhip","Evaluate"],"picked":"SignatureMove","floor":1.0},{"not_picked":["ClearTheMind","Evaluate"],"picked":"Consecrate","floor":2.0},{"not_picked":["CrushJoints","Prostrate"],"picked":"PathToVictory","floor":5.0},{"not_picked":["Fasting2","Protect"],"picked":"PathToVictory","floor":7.0},{"not_picked":["Wireheading","TalkToTheHand"],"picked":"PathToVictory","floor":10.0},{"not_picked":["Omniscience","Alpha"],"picked":"Meditate","floor":12.0},{"not_picked":["Consecrate","FlurryOfBlows"],"picked":"EmptyBody","floor":14.0},{"not_picked":["Wish","Brilliance"],"picked":"DevaForm","floor":16.0},{"not_picked":["SashWhip+1","Conclude"],"picked":"PathToVictory","floor":18.0},{"not_picked":["Study","ClearTheMind","BattleHymn"],"picked":"SKIP","floor":19.0},{"not_picked":["Halt","JustLucky+1"],"picked":"Protect","floor":21.0},{"not_picked":["Crescendo","EmptyBody"],"picked":"Wish","floor":23.0},{"not_picked":["FlyingSleeves+1","Prostrate+1"],"picked":"Protect","floor":27.0},{"not_picked":["EmptyFist+1","Tantrum+1"],"picked":"Ragnarok","floor":31.0},{"not_picked":["DevaForm","Scrawl"],"picked":"SpiritShield","floor":33.0},{"not_picked":["CrushJoints","Weave","ReachHeaven"],"picked":"SKIP","floor":35.0},{"not_picked":["Protect+1","Indignation","Halt"],"picked":"SKIP","floor":36.0},{"not_picked":["InnerPeace+1","ThirdEye"],"picked":"Meditate+1","floor":37.0},{"not_picked":["Vengeance+1","SashWhip+1"],"picked":"WaveOfTheHand+1","floor":38.0},{"not_picked":["Protect+1","FlurryOfBlows+1"],"picked":"Tantrum","floor":39.0},{"not_picked":["Crescendo+1","BowlingBash+1"],"picked":"WheelKick","floor":40.0},{"not_picked":["Weave","WindmillStrike+1"],"picked":"Scrawl","floor":42.0},{"not_picked":["CutThroughFate","ClearTheMind+1"],"picked":"Protect","floor":44.0},{"not_picked":["CarveReality","FearNoEvil"],"picked":"Worship","floor":45.0},{"not_picked":["ClearTheMind","WaveOfTheHand+1"],"picked":"ThirdEye","floor":47.0},{"not_picked":["Wireheading","Prostrate"],"picked":"InnerPeace","floor":48.0},{"not_picked":["WindmillStrike+1","Study+1","ReachHeaven+1"],"picked":"SKIP","floor":54.0}],"player_experience":3735749,"relics_obtained":[{"floor":7.0,"key":"Happy Flower"},{"floor":9.0,"key":"Matryoshka"},{"floor":12.0,"key":"InkBottle"},{"floor":23.0,"key":"Bottled Lightning"},{"floor":26.0,"key":"Meat on the Bone"},{"floor":31.0,"key":"CloakClasp"},{"floor":42.0,"key":"Letter Opener"},{"floor":44.0,"key":"The Courier"},{"floor":54.0,"key":"HornCleat"}],"event_choices":[{"damage_healed":0.0,"max_hp_gain":0.0,"max_hp_loss":0.0,"gold_gain":0.0,"event_name":"Scrap Ooze","player_choice":"Success","floor":4.0,"gold_loss":0.0,"damage_taken":25.0,"relics_obtained":["Shuriken"]},{"damage_healed":0.0,"max_hp_gain":0.0,"max_hp_loss":0.0,"gold_gain":0.0,"event_name":"Transmorgrifier","player_choice":"Ignored","floor":8.0,"gold_loss":0.0,"damage_taken":0.0},{"damage_healed":0.0,"max_hp_gain":0.0,"max_hp_loss":0.0,"gold_gain":0.0,"event_name":"N\u0027loth","player_choice":"Traded Relic","floor":24.0,"relics_lost":["Matryoshka"],"gold_loss":0.0,"damage_taken":0.0,"relics_obtained":["Nloth\u0027s Gift"]},{"damage_healed":0.0,"max_hp_gain":0.0,"max_hp_loss":0.0,"gold_gain":0.0,"event_name":"Drug Dealer","player_choice":"Inject Mutagens","floor":28.0,"gold_loss":0.0,"damage_taken":0.0,"relics_obtained":["MutagenicStrength"]},{"damage_healed":0.0,"max_hp_gain":0.0,"max_hp_loss":0.0,"gold_gain":0.0,"event_name":"Accursed Blacksmith","player_choice":"Forge","floor":29.0,"gold_loss":0.0,"damage_taken":0.0,"cards_upgraded":["EmptyMind"]}],"is_beta":false,"boss_relics":[{"not_picked":["Black Star","Ectoplasm"],"picked":"Snecko Eye"},{"not_picked":["SacredBark","SlaversCollar"],"picked":"Fusion Hammer"}],"items_purged_floors":[3,20],"is_endless":false,"potions_floor_spawned":[1,7,16,18,21,27,36,37,39,48,54],"killed_by":"The Heart","ascension_level":8}}