{"host":"Soran","time":1609701298,"event":{"mods":["BaseMod","Downfall","GifTheSpireLib","Hubris","Minty Spire (QoL Compilation)","Replay The Spire","StSLib"],"gold_per_floor":[99,118,132,144,144,144,144,144,144,162,192,192,216,281,320,431,431,431,475,475,475,151,171,205,130,130,161,137,166,211,236,253,285,331,341,341,341],"floor_reached":35,"playtime":2727,"items_purged":["Guardian:Strike_Guardian","Pain"],"score":302,"play_id":"7511fb05-cae9-4a12-af1b-820cdaca3ce8","local_time":"20210103121458","is_ascension_mode":false,"campfire_choices":[{"data":"Guardian:TwinSlam","floor":1.0,"key":"SMITH"},{"data":"Guardian:GuardianWhirl","floor":9.0,"key":"SMITH"},{"data":"Guardian:RollAttack","floor":12.0,"key":"SMITH"},{"data":"Guardian:ShieldSpikes","floor":18,"key":"SMITH"},{"floor":25,"key":"RECALL"}],"circlet_count":0,"master_deck":["Guardian:Strike_Guardian+1","Guardian:Strike_Guardian+1","Guardian:Strike_Guardian+1","Guardian:Defend_Guardian","Guardian:Defend_Guardian","Guardian:Defend_Guardian","Guardian:Defend_Guardian","Guardian:CurlUp","Guardian:TwinSlam+1","Guardian:BronzeArmor","Guardian:GuardianWhirl+1","Guardian:Gem_Synthetic","Guardian:Gem_Synthetic","Guardian:RollAttack+1","Guardian:ShieldSpikes+1","Guardian:Gem_Orange","Guardian:ArmoredProtocol","Guardian:FloatingOrbs","expansioncontent:DefensiveStance","Guardian:BaubleBeam","Guardian:Repulse+1","Guardian:PiercingHide+1","Guardian:EvasiveProtocol","Guardian:Harden+1"],"relics":["Guardian:ModeShifter","Akabeko","Replay:Bandana","Darkstone Periapt","hubris:RunicObelisk","downfall:HeartBlessingGreen","Toxic Egg 2","ReplayTheSpireMod:CursedCoin"],"acts_visited":["Exordium","TheCity"],"potions_floor_usage":[30,34,35,35,35],"damage_taken":[{"damage":0.0,"enemies":"Small Slimes","floor":2.0,"turns":3.0},{"damage":0.0,"enemies":"Jaw Worm","floor":3.0,"turns":4.0},{"damage":2.0,"enemies":"2 Louse","floor":4.0,"turns":2.0},{"damage":0.0,"enemies":"Exordium Thugs","floor":10.0,"turns":2.0},{"damage":12.0,"enemies":"Lagavulin","floor":11.0,"turns":6.0},{"damage":0.0,"enemies":"Exordium Wildlife","floor":13.0,"turns":2.0},{"damage":11.0,"enemies":"3 Sentries","floor":14.0,"turns":4.0},{"damage":0.0,"enemies":"Large Slime","floor":15.0,"turns":3.0},{"damage":49.0,"enemies":"downfall:Defect","floor":16.0,"turns":9.0},{"damage":0,"enemies":"3 Byrds","floor":19,"turns":4},{"damage":0,"enemies":"downfall:FleeingMerchant","floor":22,"turns":4},{"damage":15,"enemies":"Cultist and Chosen","floor":23,"turns":6},{"damage":0,"enemies":"Centurion and Healer","floor":24,"turns":4},{"damage":21,"enemies":"Snake Plant","floor":27,"turns":2},{"damage":13,"enemies":"downfall:FleeingMerchant","floor":28,"turns":4},{"damage":10,"enemies":"Shelled Parasite and Fungi","floor":29,"turns":5},{"damage":0,"enemies":"3 Cultists","floor":30,"turns":2},{"damage":1,"enemies":"Snake Plant","floor":31,"turns":4},{"damage":0,"enemies":"Snecko","floor":32,"turns":6},{"damage":0,"enemies":"Cultist and Chosen","floor":33,"turns":4},{"damage":12,"enemies":"3 Cultists","floor":34,"turns":3},{"damage":48,"enemies":"downfall:Ironclad","floor":35,"turns":9}],"seed_played":"5639261449814003086","potions_obtained":[{"floor":3.0,"key":"Fire Potion"},{"floor":10.0,"key":"Adrenaline Potion"},{"floor":13.0,"key":"Guardian:DefensiveModePotion"},{"floor":15.0,"key":"Reflective Coating"},{"floor":16.0,"key":"Weak Potion"},{"floor":23,"key":"champ:CounterPotion"},{"floor":27,"key":"Regen Potion"},{"floor":32,"key":"Fruit Juice"},{"floor":34,"key":"BlessingOfTheForge"}],"is_trial":false,"path_per_floor":["R","M","M","M","?","?","T","?","R","M","E","R","M","E","M","B",null,"R","M","PTL","PTL","$","M","M","R","T","M","$","M","M","M","M","M","M","B"],"character_chosen":"GUARDIAN","items_purchased":["Guardian:FloatingOrbs","expansioncontent:DefensiveStance","Guardian:BaubleBeam","ReplayTheSpireMod:CursedCoin","Guardian:EvasiveProtocol"],"campfire_rested":0,"item_purchase_floors":[22,22,22,28,28],"current_hp_per_floor":[88,88,88,86,86,86,86,86,86,86,74,74,74,63,63,14,88,88,88,88,88,88,73,73,73,73,52,45,35,40,39,39,39,32,0,0,0],"gold":341,"neow_bonus":"TEN_PERCENT_HP_BONUS","is_daily":false,"chose_seed":false,"campfire_upgraded":4,"win_rate":0.0,"timestamp":1609701298,"path_taken":["R","M","M","M","?","?","T","?","R","M","E","R","M","E","M","BOSS","R","M","PTL","PTL","$","M","M","R","T","M","$","M","M","M","M","M","M","BOSS"],"items_purchased_type":["Card","Card","Card","Relic","Card"],"build_version":"2020-12-18","purchased_purges":2,"victory":false,"max_hp_per_floor":[88,88,88,88,88,88,88,88,88,88,88,88,88,88,88,88,88,88,88,88,88,88,88,88,88,88,88,94,94,94,94,94,94,99,99,99,99],"card_choices":[{"not_picked":["Guardian:Gem_Red","Guardian:RollAttack"],"picked":"Guardian:BronzeArmor","floor":2.0},{"not_picked":["Guardian:Suspension","Guardian:Gem_Fragmented"],"picked":"Guardian:Gem_Red","floor":3.0},{"not_picked":["Guardian:Recover","Guardian:BronzeArmor"],"picked":"Guardian:GuardianWhirl","floor":4.0},{"not_picked":["Guardian:VentSteam","Guardian:Preprogram"],"picked":"Guardian:RollAttack","floor":10.0},{"not_picked":["Guardian:Gem_Crimson","Guardian:VentSteam"],"picked":"Guardian:Gem_White","floor":11.0},{"not_picked":["Guardian:TimeBomb","Guardian:WalkerClaw"],"picked":"Guardian:ShieldSpikes","floor":13.0},{"not_picked":["Guardian:TimeBomb","Guardian:HyperBeam_Guardian","Guardian:Recover"],"picked":"SKIP","floor":14.0},{"not_picked":["Guardian:SentryBeam","Guardian:ShieldCharger"],"picked":"Guardian:Gem_Green","floor":15.0},{"not_picked":["Guardian:AncientConstruct","Guardian:HyperBeam_Guardian"],"picked":"Guardian:Gem_Orange","floor":16.0},{"not_picked":["Guardian:Gem_Fragmented","Guardian:Reroute"],"picked":"Guardian:Gem_Crimson","floor":19},{"not_picked":["Guardian:TimeBomb","Guardian:PrismaticBeam"],"picked":"Guardian:ArmoredProtocol","floor":22},{"not_picked":["Guardian:ChargeCore","Guardian:Gem_Lightblue","Guardian:PrismaticBeam"],"picked":"SKIP","floor":23},{"not_picked":["Guardian:ArmoredProtocol","Guardian:TemporalShield+1","Guardian:WalkerClaw"],"picked":"SKIP","floor":24},{"not_picked":["Guardian:ShieldSpikes+1","Guardian:Suspension+1"],"picked":"Guardian:Repulse+1","floor":27},{"not_picked":["Guardian:Emergency+1","Guardian:BronzeArmor+1"],"picked":"Guardian:PiercingHide+1","floor":28},{"not_picked":["Guardian:BaubleBeam","Guardian:Gem_White","Guardian:DonusPower+1"],"picked":"SKIP","floor":29},{"not_picked":["Guardian:RollAttack","Guardian:SentryBeam","Guardian:TemporalShield+1"],"picked":"SKIP","floor":30},{"not_picked":["Guardian:Preprogram+1","Guardian:Gem_Cyan"],"picked":"Guardian:Harden+1","floor":31},{"not_picked":["Guardian:ShieldCharger+1","Guardian:Repulse","Guardian:TemporalStrike"],"picked":"SKIP","floor":32},{"not_picked":["Guardian:Gem_Orange","Guardian:Gem_Fragmented","Guardian:TemporalShield+1"],"picked":"SKIP","floor":33},{"not_picked":["Guardian:PiercingHide+1","Guardian:PolyBeam+1","Guardian:Incinerate"],"picked":"SKIP","floor":34}],"player_experience":228611,"relics_obtained":[{"floor":7.0,"key":"Akabeko"},{"floor":11.0,"key":"Replay:Bandana"},{"floor":14.0,"key":"Darkstone Periapt"},{"floor":26,"key":"Toxic Egg 2"}],"event_choices":[],"is_beta":true,"boss_relics":[{"not_picked":["Philosopher\u0027s Stone","Busted Crown"],"picked":"hubris:RunicObelisk"}],"items_purged_floors":[22,28],"is_endless":false,"potions_floor_spawned":[3,10,13,15,16,23,27,29,32,34],"killed_by":"downfall:Ironclad","ascension_level":0}}