{"host":"0rxdudjy6rylha1k","time":1609644513,"event":{"mods":["Aspiration","BaseMod","Colored Map","Colored Powertips","Downfall","Highlight Path","Hubris","Minty Spire (QoL Compilation)","StSLib"],"gold_per_floor":[99,99,99,99,99,99,99,24,54,54,82,7,0,10,26,124,124,124,136,136,136,136],"floor_reached":20,"playtime":860,"items_purged":[],"score":211,"play_id":"c5ca60ed-df49-45e9-a661-814efd499726","local_time":"20210102202833","is_ascension_mode":true,"campfire_choices":[{"floor":1,"key":"RECALL"},{"data":"champ:Taunt","floor":8,"key":"SMITH"},{"data":"champ:VampiricStrike","floor":12,"key":"SMITH"},{"data":"champ:MurderStrike","floor":18,"key":"SMITH"}],"circlet_count":0,"master_deck":["champ:Strike","champ:Strike","champ:Strike","champ:Strike","champ:Defend","champ:Defend","champ:Defend","champ:Defend","champ:Execute","champ:Taunt+1","champ:Haymaker","champ:FlashCut","champ:DefensiveStyle","champ:VampiricStrike+1","champ:FlashCut","champ:FanOfKnives","champ:MurderStrike+1","champ:GladiatorStyle"],"relics":["champ:ChampionCrown","downfall:HeartsMalice","Juzu Bracelet","downfall:BrokenWingStatue","hubris:MedicalManual","Kunai","downfall:HeartBlessingRed","aspiration:StickyExplosives_weak","hubris:SlimyHat","downfall:HeartBlessingGreen","aspiration:WatcherSkillbook"],"acts_visited":["Exordium","TheCity"],"potions_floor_usage":[11,16,16],"damage_taken":[{"damage":0,"enemies":"2 Louse","floor":3,"turns":1},{"damage":0,"enemies":"Lagavulin","floor":9,"turns":1},{"damage":0,"enemies":"Jaw Worm","floor":10,"turns":1},{"damage":11,"enemies":"Gremlin Nob","floor":11,"turns":3},{"damage":0,"enemies":"downfall:FleeingMerchant","floor":13,"turns":4},{"damage":0,"enemies":"Small Slimes","floor":14,"turns":2},{"damage":0,"enemies":"3 Louse","floor":15,"turns":3},{"damage":68,"enemies":"downfall:Ironclad","floor":16,"turns":7},{"damage":35,"enemies":"Spheric Guardian","floor":19,"turns":6},{"damage":23,"enemies":"3 Byrds","floor":20,"turns":7}],"seed_played":"2684351087160425850","potions_obtained":[{"floor":9,"key":"SteroidPotion"},{"floor":11,"key":"Energy Potion"},{"floor":15,"key":"BlessingOfTheForge"}],"is_trial":false,"path_per_floor":["R","?","M","?","?","?","T","R","E","M","E","R","$","M","M","B",null,"R","M","M"],"character_chosen":"THE_CHAMP","items_purchased":[],"campfire_rested":0,"item_purchase_floors":[],"current_hp_per_floor":[90,72,72,72,72,72,72,72,72,72,66,66,78,78,90,51,90,90,58,35,35,35],"gold":136,"neow_bonus":"THREE_ENEMY_KILL","is_daily":false,"chose_seed":false,"campfire_upgraded":3,"win_rate":0.0,"timestamp":1609644513,"path_taken":["R","?","M","?","?","?","T","R","E","M","E","R","$","M","M","BOSS","R","M","M"],"items_purchased_type":[],"build_version":"2020-12-22","purchased_purges":0,"victory":false,"max_hp_per_floor":[90,90,90,90,90,90,90,90,90,90,90,90,90,90,90,90,90,90,90,90,90,90],"card_choices":[{"not_picked":["champ:GladiatorsShout","champ:EndlessRage"],"picked":"champ:Haymaker","floor":3},{"not_picked":["champ:BladeFlurry","champ:GutPunch"],"picked":"champ:FlashCut","floor":9},{"not_picked":["champ:GladiatorsShout","champ:StanceDance"],"picked":"champ:DefensiveStyle","floor":10},{"not_picked":["champ:RageSigil","champ:FaceSlap"],"picked":"champ:VampiricStrike","floor":11},{"not_picked":["champ:EnGarde","champ:Circumvent","champ:ShieldSigil"],"picked":"SKIP","floor":13},{"not_picked":["champ:DefensiveShout","champ:PerfectedStrike"],"picked":"champ:FlashCut","floor":14},{"not_picked":["champ:Circumvent","champ:FlashCut"],"picked":"champ:FanOfKnives","floor":15},{"not_picked":["champ:ShieldThrow","champ:Improvising"],"picked":"champ:MurderStrike","floor":16},{"not_picked":["Prostrate","InnerPeace+1","champ:Circumvent"],"picked":"champ:GladiatorStyle","floor":19}],"player_experience":2452710,"relics_obtained":[{"floor":7,"key":"Kunai"},{"floor":9,"key":"aspiration:StickyExplosives_weak"},{"floor":11,"key":"hubris:SlimyHat"}],"event_choices":[{"damage_healed":0,"gold_gain":0,"player_choice":"Success","damage_taken":18,"relics_obtained":["Juzu Bracelet"],"max_hp_gain":0,"max_hp_loss":0,"event_name":"Scrap Ooze","floor":2,"gold_loss":0}],"is_beta":false,"boss_relics":[{"not_picked":["aspiration:FutureDiary","aspiration:RitualDagger"],"picked":"aspiration:WatcherSkillbook"}],"items_purged_floors":[],"is_endless":false,"potions_floor_spawned":[9,11,15],"killed_by":"3 Byrds","ascension_level":1}}