{"host":"tij6xukmpmidmz9k","time":1609664328,"event":{"mods":["BaseMod","Downfall","Minty Spire (QoL Compilation)","StSLib"],"gold_per_floor":[99,99,99,199,15,48,48,48,61,46,64,64,164,3,19,121,121,46,58,158,178,197,397,423,423,459,66,66,84,112,152,164,267,267,267,285,285,19,37,37,37,37,59,59,117,150,75,85,109,109],"floor_reached":51,"playtime":5486,"items_purged":["hexamod:GhostLash","hexamod:Haunted"],"score":763,"play_id":"1a3e6958-6867-4b52-9281-1d700ff62056","local_time":"20210103165848","is_ascension_mode":false,"campfire_choices":[{"floor":1,"key":"RECALL"},{"data":"hexamod:Float","floor":12,"key":"SMITH"},{"data":"hexamod:RadiantFlame","floor":18,"key":"SMITH"},{"floor":25,"key":"REST"},{"floor":28,"key":"REST"},{"floor":35,"key":"REST"},{"floor":47,"key":"REST"}],"circlet_count":0,"master_deck":["hexamod:Strike","hexamod:Strike","hexamod:Strike+1","hexamod:Defend","hexamod:Defend+1","hexamod:Defend+1","hexamod:Defend","hexamod:Float+1","hexamod:Rewind+1","hexamod:Hexaguard+1","Violence","hexamod:Hexaguard+1","hexamod:DynamicBlow+1","hexamod:AdvancingGuard+1","hexamod:WildfireWeapon","hexamod:ExtraCrispy","hexamod:RadiantFlame+1","hexamod:SoulSteal","hexamod:ExtraCrispy","hexamod:AdvancingGuard","hexamod:GhostOfSpireFuture+1","hexamod:EmpoweredFlame+1","hexamod:TimeWarp+1","hexamod:Haunt","hexamod:RadiantFlame","hexamod:BurningTouch+1","hexamod:ExtraCrispy+1","hexamod:SpectersWail","hexamod:FourthSeal","hexamod:SpectersWail+1","hexamod:ThermalTransfer","hexamod:TimeWarp","hexamod:ThirdSeal","hexamod:Float+1","hexamod:RecurringNightmare+1","hexamod:WildfireWeapon","hexamod:GhostOfSpirePast+1","hexamod:SkipABeat+1","expansioncontent:Chronoboost","expansioncontent:DarkVoid","expansioncontent:TimeRipple","hexamod:FourthSeal","hexamod:SpectersWail+1","hexamod:SixthSeal","hexamod:GhostOfSpirePresent+1","hexamod:SpectersWail","Parasite","hexamod:FastForward+1"],"relics":["hexamod:SpiritBrand","downfall:HeartsMalice","Mercury Hourglass","Pear","downfall:ShatteredFragment","Pen Nib","Black Star","downfall:HeartBlessingRed","FossilizedHelix","hexamod:InflammatoryLetter","Bronze Scales","Bottled Flame","Vajra","hexamod:MatchstickCase","Toy Ornithopter","StrikeDummy","Art of War","Fusion Hammer","Turnip","TungstenRod","Bag of Marbles","Question Card","downfall:HeartBlessingGreen","hexamod:TheBrokenSeal"],"acts_visited":["Exordium","TheCity","TheBeyond"],"potions_floor_usage":[13,21,27,27,31,33,36,38,45,46,46,48,50],"damage_taken":[{"damage":0,"enemies":"2 Louse","floor":2,"turns":1},{"damage":0,"enemies":"Jaw Worm","floor":3,"turns":1},{"damage":0,"enemies":"downfall:FleeingMerchant","floor":5,"turns":1},{"damage":6,"enemies":"Lagavulin","floor":6,"turns":9},{"damage":0,"enemies":"Small Slimes","floor":9,"turns":3},{"damage":0,"enemies":"downfall:FleeingMerchant","floor":10,"turns":4},{"damage":0,"enemies":"3 Louse","floor":11,"turns":2},{"damage":9,"enemies":"downfall:Heads","floor":13,"turns":5},{"damage":10,"enemies":"downfall:FleeingMerchant","floor":14,"turns":4},{"damage":7,"enemies":"Red Slaver","floor":15,"turns":3},{"damage":19,"enemies":"downfall:Watcher","floor":16,"turns":7},{"damage":12,"enemies":"Shell Parasite","floor":19,"turns":5},{"damage":39,"enemies":"Colosseum Nobs","floor":20,"turns":6},{"damage":14,"enemies":"Spheric Guardian","floor":21,"turns":6},{"damage":5,"enemies":"Cultist and Chosen","floor":22,"turns":6},{"damage":27,"enemies":"Gremlin Leader","floor":26,"turns":7},{"damage":12,"enemies":"downfall:FleeingMerchant","floor":27,"turns":4},{"damage":10,"enemies":"Snake Plant","floor":29,"turns":3},{"damage":9,"enemies":"Centurion and Healer","floor":30,"turns":5},{"damage":21,"enemies":"Book of Stabbing","floor":31,"turns":5},{"damage":0,"enemies":"Snecko","floor":32,"turns":3},{"damage":6,"enemies":"downfall:Defect","floor":33,"turns":6},{"damage":31,"enemies":"3 Shapes","floor":36,"turns":3},{"damage":15,"enemies":"downfall:FleeingMerchant","floor":38,"turns":4},{"damage":9,"enemies":"3 Darklings","floor":39,"turns":3},{"damage":0,"enemies":"4 Shapes","floor":43,"turns":3},{"damage":6,"enemies":"Mind Bloom Boss Battle","floor":45,"turns":5},{"damage":40,"enemies":"Reptomancer","floor":46,"turns":6},{"damage":35,"enemies":"Transient","floor":48,"turns":5},{"damage":21,"enemies":"Writhing Mass","floor":49,"turns":5},{"damage":26,"enemies":"downfall:Ironclad","floor":50,"turns":9}],"seed_played":"-2202635209791068790","potions_obtained":[{"floor":9,"key":"Fruit Juice"},{"floor":10,"key":"SneckoOil"},{"floor":11,"key":"Ancient Potion"},{"floor":13,"key":"ColorlessPotion"},{"floor":14,"key":"Block Potion"},{"floor":15,"key":"hexamod:EctoCoolerPotion"},{"floor":21,"key":"DuplicationPotion"},{"floor":22,"key":"DistilledChaos"},{"floor":26,"key":"Guardian:BlockOnCardUsePotion"},{"floor":27,"key":"PowerPotion"},{"floor":30,"key":"PowerPotion"},{"floor":31,"key":"Fire Potion"},{"floor":32,"key":"Guardian:BlockOnCardUsePotion"},{"floor":33,"key":"AttackPotion"},{"floor":36,"key":"LiquidBronze"},{"floor":38,"key":"Weak Potion"},{"floor":39,"key":"Slimebound:ThreeZeroPotion"},{"floor":43,"key":"champ:CounterPotion"},{"floor":45,"key":"FairyPotion"},{"floor":46,"key":"Fire Potion"},{"floor":46,"key":"DuplicationPotion"},{"floor":48,"key":"Strength Potion"},{"floor":49,"key":"FairyPotion"}],"is_trial":false,"path_per_floor":["R","M","M","?","$","E","T","?","M","$","M","R","?","$","M","B",null,"R","M","?","M","M","?","T","R","E","$","R","M","M","E","M","B",null,"R","M","?","$","M","?","T","?","M","?","?","E","R","M","M","B",null],"character_chosen":"THE_SPIRIT","items_purchased":["Violence","Pen Nib","hexamod:MatchstickCase","Toy Ornithopter","hexamod:WildfireWeapon"],"campfire_rested":4,"item_purchase_floors":[5,14,27,27,38],"current_hp_per_floor":[70,70,70,70,70,70,80,59,66,66,66,66,69,66,66,54,85,85,80,48,41,43,43,43,68,48,43,68,65,63,54,61,67,85,85,66,66,63,54,54,54,44,44,44,50,27,52,22,1,95],"gold":109,"neow_bonus":"THREE_ENEMY_KILL","is_daily":false,"chose_seed":false,"campfire_upgraded":2,"win_rate":0.0,"timestamp":1609664328,"path_taken":["R","M","M","?","$","E","T","?","M","?","M","R","?","?","M","BOSS","R","M","?","M","M","?","T","R","E","$","R","M","M","E","M","BOSS","R","M","?","$","?","?","T","?","M","?","?","E","R","M","M","BOSS"],"items_purchased_type":["Card","Relic","Relic","Relic","Card"],"build_version":"2020-12-22","purchased_purges":2,"victory":true,"max_hp_per_floor":[70,70,70,70,70,70,80,80,80,80,80,80,85,85,85,85,85,85,85,85,85,85,85,85,85,85,85,85,85,85,85,85,85,85,85,85,85,85,85,85,85,85,85,85,85,85,85,85,85,95],"card_choices":[{"not_picked":["hexamod:Again","hexamod:GhostShield"],"picked":"hexamod:Rewind","floor":2},{"not_picked":["hexamod:GhostflameBarrier","hexamod:NightmareStrike"],"picked":"hexamod:Hexaguard","floor":3},{"not_picked":["hexamod:InspiringFlames","hexamod:ThermalTransfer"],"picked":"hexamod:FirstSeal","floor":5},{"not_picked":["hexamod:HeatCrush","hexamod:EtherealExpedition"],"picked":"hexamod:Hexaguard","floor":6},{"not_picked":["hexamod:SpectersWail","hexamod:EtherealExpedition"],"picked":"hexamod:FourthSeal","floor":9},{"not_picked":["hexamod:NightmareGuise","hexamod:NecessarySacrifice"],"picked":"hexamod:DynamicBlow","floor":10},{"not_picked":["hexamod:PhantomCloak","hexamod:NightmareStrike"],"picked":"hexamod:GhostLash","floor":11},{"not_picked":["hexamod:AdvancingGuard","hexamod:ExtraCrispy"],"picked":"hexamod:WildfireWeapon","floor":13},{"not_picked":["hexamod:GhostflameBarrier","hexamod:InspiringFlames"],"picked":"hexamod:ExtraCrispy","floor":14},{"not_picked":["hexamod:AdvancingGuard","hexamod:SpectralAdrenaline"],"picked":"hexamod:RadiantFlame","floor":15},{"not_picked":["hexamod:EmpoweringStance","hexamod:WildfireWeapon"],"picked":"hexamod:FifthSeal","floor":16},{"not_picked":["hexamod:FourthSeal","hexamod:ThirdSeal"],"picked":"hexamod:SecondSeal","floor":19},{"not_picked":["hexamod:FirstSeal","hexamod:NightmareStrike"],"picked":"hexamod:ThirdSeal","floor":19},{"not_picked":["hexamod:SwordOfDarkness","hexamod:DynamicBlow+1"],"picked":"hexamod:SoulSteal","floor":20},{"not_picked":["hexamod:GhostflameBarrier+1","hexamod:BacktrackSmack+1"],"picked":"hexamod:ExtraCrispy","floor":20},{"not_picked":["hexamod:DynamicBlow","hexamod:FourthSeal"],"picked":"hexamod:AdvancingGuard","floor":21},{"not_picked":["hexamod:FastForward","hexamod:BurningTouch"],"picked":"hexamod:GhostOfSpireFuture+1","floor":21},{"not_picked":["hexamod:ShieldOfDarkness","hexamod:SoulSteal"],"picked":"hexamod:EmpoweredFlame+1","floor":22},{"not_picked":["hexamod:HauntingEcho+1","hexamod:ExtraCrispy","hexamod:NightmareGuise"],"picked":"SKIP","floor":22},{"not_picked":["hexamod:FourthSeal","hexamod:SecondSeal"],"picked":"hexamod:SixthSeal","floor":26},{"not_picked":["hexamod:HauntingEcho","hexamod:ThermalTransfer"],"picked":"hexamod:TimeWarp","floor":26},{"not_picked":["hexamod:HeatCrush","hexamod:InspiringFlames"],"picked":"hexamod:Haunt","floor":26},{"not_picked":["hexamod:RainOfEmbers","hexamod:Haunt"],"picked":"hexamod:RadiantFlame","floor":27},{"not_picked":["hexamod:GhostLash","hexamod:DynamicBlow"],"picked":"hexamod:BurningTouch+1","floor":29},{"not_picked":["hexamod:HauntingEcho","hexamod:HeatCrush"],"picked":"hexamod:ExtraCrispy","floor":30},{"not_picked":["hexamod:ShieldOfDarkness","hexamod:EtherealExpedition+1"],"picked":"hexamod:SpectersWail","floor":30},{"not_picked":["hexamod:SecondSeal","hexamod:ThirdSeal"],"picked":"hexamod:FourthSeal","floor":31},{"not_picked":["hexamod:InspiringFlames","hexamod:Again+1"],"picked":"hexamod:SpectersWail+1","floor":31},{"not_picked":["hexamod:GhostLash+1","hexamod:HeatCrush"],"picked":"hexamod:ThermalTransfer","floor":32},{"not_picked":["hexamod:GhostflameInferno","hexamod:TimeOfNeed"],"picked":"hexamod:TimeWarp","floor":33},{"not_picked":["hexamod:SixthSeal","hexamod:SecondSeal"],"picked":"hexamod:ThirdSeal","floor":36},{"not_picked":["hexamod:NightmareGuise","hexamod:Haunt","hexamod:DynamicBlow+1"],"picked":"SKIP","floor":36},{"not_picked":["hexamod:NightmareGuise+1","hexamod:ShieldOfDarkness"],"picked":"hexamod:RecurringNightmare+1","floor":38},{"not_picked":["hexamod:NightmareStrike","hexamod:Firestarter+1","hexamod:InspiringFlames"],"picked":"SKIP","floor":38},{"not_picked":["hexamod:AdvancingGuard+1","hexamod:HauntingEcho+1"],"picked":"hexamod:GhostOfSpirePast+1","floor":39},{"not_picked":["hexamod:RainOfEmbers","hexamod:BacktrackSmack+1"],"picked":"hexamod:SkipABeat+1","floor":39},{"not_picked":["hexamod:BurningTouch+1","hexamod:PhantomCloak","hexamod:RainOfEmbers"],"picked":"SKIP","floor":39},{"not_picked":["expansioncontent:HyperBeam","expansioncontent:DonusPower"],"picked":"expansioncontent:Chronoboost","floor":42},{"not_picked":["expansioncontent:Chronoboost","expansioncontent:HyperBeam"],"picked":"expansioncontent:DarkVoid","floor":42},{"not_picked":["expansioncontent:Flail","expansioncontent:ManipulateTime"],"picked":"expansioncontent:TimeRipple","floor":42},{"not_picked":["hexamod:SwordOfDarkness+1","hexamod:RecurringNightmare","hexamod:GhostLash+1"],"picked":"SKIP","floor":43},{"not_picked":["hexamod:EtherealExpedition","hexamod:PhantomCloak+1"],"picked":"hexamod:FourthSeal","floor":45},{"not_picked":["hexamod:RecurringNightmare+1","hexamod:GhostLash+1"],"picked":"hexamod:SpectersWail+1","floor":46},{"not_picked":["hexamod:GhostflameBarrier+1","hexamod:RecurringNightmare","hexamod:SkipABeat"],"picked":"SKIP","floor":46},{"not_picked":["hexamod:FourthSeal","hexamod:SecondSeal","hexamod:ThirdSeal"],"picked":"hexamod:SixthSeal","floor":48},{"not_picked":["hexamod:Firestarter+1","hexamod:RetreatToShadows+1","hexamod:ThermalTransfer+1"],"picked":"hexamod:GhostOfSpirePresent+1","floor":48},{"not_picked":["hexamod:GhostShield","hexamod:EmpoweringStance","hexamod:FourthSeal"],"picked":"hexamod:SpectersWail","floor":48},{"not_picked":["hexamod:BacktrackSmack+1","hexamod:Firestarter","hexamod:RainOfEmbers"],"picked":"hexamod:FastForward+1","floor":49},{"not_picked":["hexamod:Incineration+1","hexamod:RainOfEmbers","hexamod:Firestarter+1","hexamod:ShieldOfDarkness"],"picked":"SKIP","floor":49}],"player_experience":269242,"relics_obtained":[{"floor":6,"key":"Mercury Hourglass"},{"floor":7,"key":"Pear"},{"floor":20,"key":"FossilizedHelix"},{"floor":20,"key":"hexamod:InflammatoryLetter"},{"floor":24,"key":"Bronze Scales"},{"floor":26,"key":"Bottled Flame"},{"floor":26,"key":"Vajra"},{"floor":31,"key":"StrikeDummy"},{"floor":31,"key":"Art of War"},{"floor":41,"key":"Turnip"},{"floor":45,"key":"TungstenRod"},{"floor":46,"key":"Bag of Marbles"},{"floor":46,"key":"Question Card"}],"event_choices":[{"damage_healed":0,"gold_gain":0,"player_choice":"Copied","damage_taken":0,"max_hp_gain":0,"max_hp_loss":0,"event_name":"Duplicator","floor":37,"gold_loss":0,"cards_obtained":["hexamod:Float"]},{"damage_healed":0,"gold_gain":0,"player_choice":"Got Potions","damage_taken":0,"max_hp_gain":0,"max_hp_loss":0,"event_name":"Lab","floor":44,"gold_loss":0}],"is_beta":false,"boss_relics":[{"not_picked":["downfall:Hecktoplasm","Pandora\u0027s Box"],"picked":"Black Star"},{"not_picked":["Cursed Key","Tiny House"],"picked":"Fusion Hammer"}],"items_purged_floors":[27,38],"is_endless":false,"potions_floor_spawned":[9,11,15,16,19,21,30,32,43],"ascension_level":0}}