{"host":"lg1piimdyocafd6j","time":1609690149,"event":{"mods":["AchievementEnabler","BaseMod","Better Third Choice","BetterRewards","Colored Map","Colored Powertips","Downfall","Minty Spire (QoL Compilation)","Quick Restart","Rare Cards Sparkle","Remove Card Discount Mod","Shop Mod","StSLib","SuperFastMode"],"gold_per_floor":[110,126,126,144,160,160,160,185,210,234,244,44,44,57,57,156,156,174,204,54,54,73,73,73,73,143,143,176,195,34,65,65,170,170,185,130,352,399,178,178,210,210,210,224,241,253,253,263,263,263,263,263,93,121,121],"floor_reached":56,"playtime":2801,"items_purged":["Neutralize","Defend_G","Strike_G","Defend_G","Strike_G","Strike_G","Strike_G","Strike_G","Prepared","Infinite Blades"],"score":1288,"play_id":"94743400-af53-44c0-b1c7-683cd366cdb7","local_time":"20210103170909","is_ascension_mode":false,"campfire_choices":[{"data":"Crippling Poison","floor":6,"key":"SMITH"},{"floor":13,"key":"REST"},{"floor":15,"key":"REST"},{"data":"Noxious Fumes","floor":24,"key":"SMITH"},{"floor":27,"key":"RECALL"},{"floor":32,"key":"REST"},{"data":"Catalyst","floor":40,"key":"SMITH"},{"floor":42,"key":"REST"},{"data":"Bouncing Flask","floor":47,"key":"SMITH"},{"data":"Survivor","floor":49,"key":"SMITH"},{"data":"Defend_G","floor":52,"key":"SMITH"}],"circlet_count":0,"master_deck":["Defend_G","Defend_G+1","Defend_G+1","Survivor+1","Noxious Fumes+1","Catalyst+1","Crippling Poison+1","Poisoned Stab","Catalyst+1","Bane","Blur+1","Bouncing Flask+1","Deflect+1","Backstab+1","Deadly Poison"],"relics":["Ring of the Snake","TwistedFunnel","Bottled Lightning","Potion Belt","Bronze Scales","Juzu Bracelet","SacredBark","Red Mask","Snake Skull","MutagenicStrength","Pantograph","Lantern","Membership Card","PreservedInsect","Runic Pyramid","MerchantsRug","Gambling Chip","Incense Burner","Bag of Marbles","Molten Egg 2","Nunchaku","Boot"],"acts_visited":["Exordium","TheCity","TheBeyond","TheEnding"],"potions_floor_usage":[38,38,50,50,50,50,54,55,55,55],"damage_taken":[{"damage":0,"enemies":"2 Louse","floor":1,"turns":2},{"damage":0,"enemies":"Small Slimes","floor":2,"turns":4},{"damage":1,"enemies":"Jaw Worm","floor":4,"turns":4},{"damage":10,"enemies":"Exordium Thugs","floor":5,"turns":5},{"damage":14,"enemies":"Gremlin Nob","floor":8,"turns":4},{"damage":0,"enemies":"2 Fungi Beasts","floor":11,"turns":3},{"damage":5,"enemies":"Large Slime","floor":14,"turns":6},{"damage":21,"enemies":"Slime Boss","floor":16,"turns":9},{"damage":0,"enemies":"3 Byrds","floor":18,"turns":1},{"damage":7,"enemies":"Masked Bandits","floor":19,"turns":3},{"damage":12,"enemies":"2 Thieves","floor":22,"turns":3},{"damage":23,"enemies":"Slavers","floor":28,"turns":4},{"damage":2,"enemies":"3 Cultists","floor":29,"turns":4},{"damage":0,"enemies":"Gremlin Leader","floor":31,"turns":4},{"damage":16,"enemies":"Champ","floor":33,"turns":5},{"damage":0,"enemies":"3 Shapes","floor":35,"turns":3},{"damage":5,"enemies":"2 Orb Walkers","floor":38,"turns":4},{"damage":27,"enemies":"Reptomancer","floor":41,"turns":3},{"damage":0,"enemies":"Orb Walker","floor":44,"turns":2},{"damage":1,"enemies":"Writhing Mass","floor":45,"turns":1},{"damage":6,"enemies":"Sphere and 2 Shapes","floor":46,"turns":3},{"damage":0,"enemies":"Transient","floor":48,"turns":5},{"damage":50,"enemies":"Awakened One","floor":50,"turns":10},{"damage":12,"enemies":"Shield and Spear","floor":54,"turns":4},{"damage":14,"enemies":"The Heart","floor":55,"turns":4}],"seed_played":"-5690376768112891217","potions_obtained":[{"floor":2,"key":"Ancient Potion"},{"floor":16,"key":"Weak Potion"},{"floor":22,"key":"DistilledChaos"},{"floor":33,"key":"LiquidBronze"},{"floor":38,"key":"Dexterity Potion"},{"floor":54,"key":"AttackPotion"}],"is_trial":false,"path_per_floor":["M","M","?","M","M","R","?","E","T","T","M","$","R","M","R","B",null,"M","?","$","?","M","?","R","T","T","R","E","M","$","E","R","B",null,"M","$","?","?","$","R","E","R","T","M","M","M","R","M","R","B",null,"R","$","E","B",null],"character_chosen":"THE_SILENT","items_purchased":["TwistedFunnel","Noxious Fumes","Catalyst","Prepared","Bottled Lightning","Poisoned Stab","War Paint","Snake Skull","Membership Card","MerchantsRug","Incense Burner","LiquidBronze","Regen Potion","champ:CounterPotion","champ:CounterPotion","SkillPotion","Deadly Poison","Nunchaku"],"campfire_rested":4,"item_purchase_floors":[0,0,0,0,0,12,12,20,30,36,39,39,39,53,53,53,53,53],"current_hp_per_floor":[70,70,70,69,59,59,52,38,38,38,38,38,59,54,70,49,70,70,63,63,63,51,51,51,61,61,61,38,36,36,36,60,64,80,80,80,80,75,75,75,48,72,72,72,71,65,65,65,65,57,80,80,80,68,66],"gold":121,"neow_bonus":"","is_daily":false,"chose_seed":false,"campfire_upgraded":6,"win_rate":0.0,"timestamp":1609690149,"path_taken":["M","M","?","M","M","R","?","E","T","?","M","$","R","M","R","BOSS","M","?","$","?","M","?","R","?","T","R","E","M","$","E","R","BOSS","M","$","?","?","$","R","E","R","T","M","M","M","R","M","R","BOSS","R","$","E","BOSS"],"items_purchased_type":["Relic","Card","Card","Card","Relic","Card","Relic","Relic","Relic","Relic","Relic","Potion","Potion","Potion","Potion","Potion","Card","Relic"],"build_version":"2020-12-22","purchased_purges":10,"victory":true,"max_hp_per_floor":[70,70,70,70,70,70,70,70,70,70,70,70,70,70,70,70,70,70,70,70,70,70,70,70,80,80,80,80,80,80,80,80,80,80,80,80,80,80,80,80,80,80,80,80,80,80,80,80,80,80,80,80,80,80,80],"card_choices":[{"not_picked":["Bane","Prepared"],"picked":"Crippling Poison","floor":1},{"not_picked":["Blade Dance","Outmaneuver","Choke"],"picked":"SKIP","floor":2},{"not_picked":["Underhanded Strike","Accuracy","Calculated Gamble"],"picked":"SKIP","floor":4},{"not_picked":["Bane","Blade Dance","Dagger Spray"],"picked":"SKIP","floor":5},{"not_picked":["PiercingWail","Phantasmal Killer","Acrobatics"],"picked":"SKIP","floor":8},{"not_picked":["Blade Dance","Acrobatics","Sucker Punch"],"picked":"SKIP","floor":11},{"not_picked":["Dodge and Roll","Terror","Dagger Throw"],"picked":"SKIP","floor":14},{"not_picked":["Infinite Blades","Acrobatics","Cloak And Dagger"],"picked":"SKIP","floor":18},{"not_picked":["Sucker Punch+1","Deflect+1"],"picked":"Infinite Blades","floor":19},{"not_picked":["Escape Plan","Cloak And Dagger","Distraction"],"picked":"SKIP","floor":22},{"not_picked":["Backstab+1","Poisoned Stab+1"],"picked":"Catalyst","floor":28},{"not_picked":["Slice","Cloak And Dagger"],"picked":"Bane","floor":29},{"not_picked":["Flying Knee+1","Backflip","Backstab+1"],"picked":"SKIP","floor":31},{"not_picked":["Flechettes","Dodge and Roll","Flying Knee"],"picked":"SKIP","floor":35},{"not_picked":["Flying Knee","Tactician"],"picked":"Blur+1","floor":38},{"not_picked":["Blade Dance+1","Flying Knee+1"],"picked":"Bouncing Flask","floor":41},{"not_picked":["Concentrate+1","Skewer+1"],"picked":"Deflect+1","floor":44},{"not_picked":["Backflip","Dagger Throw+1","Glass Knife+1"],"picked":"SKIP","floor":45},{"not_picked":["Footwork+1","Quick Slash+1"],"picked":"Backstab+1","floor":46},{"not_picked":["Skewer+1","Reflex","PiercingWail"],"picked":"SKIP","floor":48},{"not_picked":["Prepared+1","Setup+1","Acrobatics"],"picked":"SKIP","floor":54}],"player_experience":110755,"relics_obtained":[{"floor":8,"key":"Bronze Scales"},{"floor":9,"key":"Juzu Bracelet"},{"floor":19,"key":"Red Mask"},{"floor":25,"key":"Pear"},{"floor":26,"key":"Pantograph"},{"floor":28,"key":"Lantern"},{"floor":31,"key":"PreservedInsect"},{"floor":38,"key":"Gambling Chip"},{"floor":41,"key":"Bag of Marbles"},{"floor":43,"key":"Molten Egg 2"},{"floor":54,"key":"Boot"}],"event_choices":[{"damage_healed":0,"gold_gain":0,"player_choice":"Leave","damage_taken":0,"max_hp_gain":0,"max_hp_loss":0,"event_name":"The Cleric","floor":3,"gold_loss":0},{"damage_healed":0,"gold_gain":0,"player_choice":"Relic ","damage_taken":7,"max_hp_gain":0,"max_hp_loss":0,"event_name":"betterThird:BetterScrap","floor":7,"gold_loss":0,"cards_obtained":["Intimidate"]},{"damage_healed":0,"gold_gain":0,"player_choice":"Fought Bandits","damage_taken":0,"max_hp_gain":0,"max_hp_loss":0,"event_name":"Masked Bandits","floor":19,"gold_loss":0},{"damage_healed":0,"gold_gain":0,"player_choice":"Ignored","damage_taken":0,"max_hp_gain":0,"max_hp_loss":0,"event_name":"Ghosts","floor":21,"gold_loss":0},{"damage_healed":0,"gold_gain":0,"player_choice":"Inject Mutagens","damage_taken":0,"relics_obtained":["MutagenicStrength"],"max_hp_gain":0,"max_hp_loss":0,"event_name":"Drug Dealer","floor":23,"gold_loss":0},{"damage_healed":0,"gold_gain":222,"player_choice":"Wore Mask","damage_taken":0,"max_hp_gain":0,"max_hp_loss":0,"event_name":"Tomb of Lord Red Mask","floor":37,"gold_loss":0},{"damage_healed":0,"gold_gain":0,"player_choice":"Fight","damage_taken":0,"max_hp_gain":0,"max_hp_loss":0,"event_name":"Mysterious Sphere","floor":38,"gold_loss":0}],"is_beta":false,"boss_relics":[{"not_picked":["Cursed Key","Ring of the Serpent"],"picked":"SacredBark"},{"not_picked":["HoveringKite","Tiny House"],"picked":"Runic Pyramid"}],"items_purged_floors":[0,0,0,0,0,12,20,20,30,30],"is_endless":false,"potions_floor_spawned":[2,16,22,33,38,41,46,54],"ascension_level":0}}