{"host":"b7j598ve05halrwk","time":1609642515,"event":{"mods":["2.2 Compatiblity","BaseMod","Block Reminder","DeckTracker","Minty Spire (QoL Compilation)","Relic Stats","Slay the Relics Exporter","StSLib","ojb\u0027s Info Mod"],"gold_per_floor":[365,365,365,84,154,154,194,210,210,146,62,81,81,81,81],"floor_reached":14,"playtime":430,"items_purged":["Doubt"],"score":172,"play_id":"d6d92194-29e4-44a1-88ce-3afc0311075a","local_time":"20210102215515","is_ascension_mode":true,"campfire_choices":[{"data":"Streamline","floor":6,"key":"SMITH"},{"data":"Zap","floor":13,"key":"SMITH"}],"circlet_count":0,"master_deck":["AscendersBane","Strike_B","Strike_B","Strike_B","Strike_B+1","Defend_B","Defend_B","Defend_B","Defend_B+1","Zap+1","Dualcast","Streamline+1","Lockon","Hello World","Coolheaded","Self Repair"],"relics":["Cracked Core","Golden Idol","Orichalcum","Turnip","Unceasing Top"],"acts_visited":["Exordium"],"potions_floor_usage":[14],"damage_taken":[{"damage":3,"enemies":"2 Louse","floor":1,"turns":2},{"damage":21,"enemies":"Lagavulin","floor":7,"turns":6},{"damage":13,"enemies":"Small Slimes","floor":8,"turns":2},{"damage":2,"enemies":"Jaw Worm","floor":12,"turns":4},{"damage":35,"enemies":"Gremlin Nob","floor":14,"turns":3}],"seed_played":"-4545961232948857989","potions_obtained":[{"floor":7,"key":"Dexterity Potion"},{"floor":12,"key":"FocusPotion"}],"is_trial":false,"path_per_floor":["M","?","?","$","?","R","E","M","T","?","$","M","R","E"],"character_chosen":"DEFECT","items_purchased":["Orichalcum","Lockon","Self Repair"],"campfire_rested":0,"item_purchase_floors":[4,4,11],"current_hp_per_floor":[61,61,42,42,42,42,21,8,8,8,8,13,13,0,0],"gold":81,"neow_bonus":"TWO_FIFTY_GOLD","is_daily":false,"chose_seed":false,"campfire_upgraded":2,"win_rate":0.0,"timestamp":1609642515,"path_taken":["M","?","?","$","?","R","E","M","T","?","?","?","R","E"],"items_purchased_type":["Relic","Card","Card"],"build_version":"2020-12-22","purchased_purges":1,"victory":false,"max_hp_per_floor":[71,64,64,64,64,64,64,64,64,64,64,64,64,64,64],"relic_stats":{"counters":[5,17],"Golden Idol":15,"Turnip":[0],"Orichalcum":[54],"obtain_stats":[{"Golden Idol":2,"Turnip":7,"Orichalcum":4,"Cracked Core":0,"Unceasing Top":9},{"Golden Idol":1,"Turnip":2,"Orichalcum":1,"Cracked Core":0,"Unceasing Top":3},{"Golden Idol":2,"Turnip":8,"Orichalcum":2,"Cracked Core":0,"Unceasing Top":10}],"Unceasing Top":[0]},"card_choices":[{"not_picked":["Leap","Steam"],"picked":"Streamline","floor":1},{"not_picked":["Redo","Reprogram"],"picked":"Hello World","floor":7},{"not_picked":["Blizzard","Heatsinks"],"picked":"Coolheaded","floor":8},{"not_picked":["Chaos","Stack","Steam Power"],"picked":"SKIP","floor":12}],"player_experience":781172,"relics_obtained":[{"floor":7,"key":"Turnip"},{"floor":9,"key":"Unceasing Top"}],"event_choices":[{"damage_healed":0,"gold_gain":0,"player_choice":"Lose Max HP","damage_taken":0,"relics_obtained":["Golden Idol"],"max_hp_gain":0,"max_hp_loss":7,"event_name":"Golden Idol","floor":2,"gold_loss":0},{"damage_healed":0,"gold_gain":0,"player_choice":"Entered Light","damage_taken":19,"max_hp_gain":0,"max_hp_loss":0,"event_name":"Shining Light","floor":3,"gold_loss":0,"cards_upgraded":["Defend_B","Strike_B"]},{"damage_healed":0,"gold_gain":70,"player_choice":"Gained Gold","damage_taken":0,"max_hp_gain":0,"max_hp_loss":0,"event_name":"Golden Wing","floor":5,"gold_loss":0},{"damage_healed":0,"gold_gain":0,"player_choice":"Left Gold","damage_taken":0,"max_hp_gain":0,"max_hp_loss":0,"event_name":"World of Goop","floor":10,"gold_loss":64}],"is_beta":false,"boss_relics":[],"items_purged_floors":[4],"is_endless":false,"potions_floor_spawned":[7,12],"killed_by":"Gremlin Nob","ascension_level":20}}