{"host":"pl1fbpkom0aq337f","time":1609686846,"event":{"mods":["AchievementEnabler","BaseMod","Colored Map","Minty Spire (QoL Compilation)"],"gold_per_floor":[116,191,116,134,146,146,159,169,169,184,194,194,208,223,223,326,326,338,94,108,108,122,122,152,171,171,171,182,182,192,208,208,208,310,310,327,341,352,362,213,213,228,248,272,285,304,77,77,6,6,6],"floor_reached":52,"playtime":1197,"items_purged":["Defend_R","Defend_R"],"score":753,"play_id":"39980102-a4e7-4b6e-a1e4-9b6f27b8ba9f","local_time":"20210103161406","is_ascension_mode":false,"campfire_choices":[{"data":"Bash","floor":6,"key":"SMITH"},{"data":"Flex","floor":15,"key":"SMITH"},{"data":"Offering","floor":23,"key":"SMITH"},{"floor":29,"key":"REST"},{"data":"Flex","floor":32,"key":"SMITH"},{"data":"Cleave","floor":33,"key":"SMITH"},{"floor":41,"key":"REST"},{"data":"Limit Break","floor":50,"key":"SMITH"}],"circlet_count":0,"master_deck":["Bash+1","Flex+1","Cleave+1","Flex+1","Offering+1","Battle Trance+1","Offering+1","Flex+1","Dual Wield","Limit Break+1"],"relics":["Burning Blood","NeowsBlessing","Pantograph","Calling Bell","Omamori","Pear","Magic Flower","Vajra","Blood Vial","War Paint","Pandora\u0027s Box","Red Skull","Oddly Smooth Stone","Membership Card","Gremlin Horn"],"acts_visited":["Exordium","TheCity","TheBeyond"],"potions_floor_usage":[7,8,16,16,24,34,51,51],"damage_taken":[{"damage":0,"enemies":"Small Slimes","floor":1,"turns":1},{"damage":0,"enemies":"Cultist","floor":4,"turns":1},{"damage":0,"enemies":"2 Louse","floor":5,"turns":1},{"damage":37,"enemies":"Gremlin Gang","floor":7,"turns":7},{"damage":0,"enemies":"Lots of Slimes","floor":8,"turns":1},{"damage":16,"enemies":"Red Slaver","floor":10,"turns":3},{"damage":14,"enemies":"Exordium Thugs","floor":11,"turns":5},{"damage":12,"enemies":"2 Fungi Beasts","floor":13,"turns":3},{"damage":8,"enemies":"Lots of Slimes","floor":14,"turns":3},{"damage":56,"enemies":"The Guardian","floor":16,"turns":7},{"damage":24,"enemies":"Shell Parasite","floor":18,"turns":3},{"damage":28,"enemies":"Spheric Guardian","floor":20,"turns":4},{"damage":24,"enemies":"Shelled Parasite and Fungi","floor":22,"turns":3},{"damage":39,"enemies":"Book of Stabbing","floor":24,"turns":3},{"damage":16,"enemies":"Cultist and Chosen","floor":25,"turns":3},{"damage":12,"enemies":"Sentry and Sphere","floor":28,"turns":2},{"damage":12,"enemies":"Snake Plant","floor":30,"turns":1},{"damage":12,"enemies":"3 Cultists","floor":31,"turns":2},{"damage":47,"enemies":"Automaton","floor":34,"turns":5},{"damage":15,"enemies":"3 Shapes","floor":36,"turns":1},{"damage":6,"enemies":"Orb Walker","floor":37,"turns":1},{"damage":28,"enemies":"Spire Growth","floor":38,"turns":2},{"damage":12,"enemies":"Writhing Mass","floor":39,"turns":2},{"damage":24,"enemies":"4 Shapes","floor":42,"turns":4},{"damage":16,"enemies":"Jaw Worm Horde","floor":43,"turns":2},{"damage":18,"enemies":"Sphere and 2 Shapes","floor":45,"turns":1},{"damage":9,"enemies":"4 Shapes","floor":46,"turns":1},{"damage":12,"enemies":"Donu and Deca","floor":51,"turns":1}],"seed_played":"6637563198949085110","potions_obtained":[{"floor":1,"key":"DuplicationPotion"},{"floor":5,"key":"BloodPotion"},{"floor":10,"key":"BlessingOfTheForge"},{"floor":14,"key":"AttackPotion"},{"floor":16,"key":"ElixirPotion"},{"floor":18,"key":"BloodPotion"},{"floor":25,"key":"EssenceOfSteel"},{"floor":28,"key":"Ancient Potion"},{"floor":30,"key":"BloodPotion"},{"floor":34,"key":"SteroidPotion"}],"is_trial":false,"path_per_floor":["M","?","$","M","M","R","M","M","T","M","M","?","M","M","R","B",null,"M","$","M","?","M","R","E","M","T","?","M","R","M","M","R","R","B",null,"M","M","M","M","$","R","M","M","T","M","M","$","T","$","R","B",null],"character_chosen":"IRONCLAD","items_purchased":["Vajra","Red Skull","Dual Wield","Membership Card","Limit Break"],"campfire_rested":2,"item_purchase_floors":[19,40,47,47,49],"current_hp_per_floor":[80,72,72,78,80,80,49,55,55,45,37,63,57,55,55,30,90,75,75,56,56,41,41,38,34,34,34,34,61,61,61,61,61,52,90,84,90,71,71,71,90,75,71,71,65,68,68,68,68,68,87],"gold":6,"neow_bonus":"THREE_ENEMY_KILL","is_daily":false,"chose_seed":false,"campfire_upgraded":6,"win_rate":0.0,"timestamp":1609686846,"path_taken":["M","?","$","M","M","R","?","M","T","M","M","?","M","M","R","BOSS","M","$","M","?","M","R","E","M","T","?","M","R","M","M","R","R","BOSS","M","M","?","M","?","R","M","M","T","M","?","$","?","$","R","BOSS"],"items_purchased_type":["Relic","Relic","Card","Relic","Card"],"build_version":"2020-12-22","purchased_purges":2,"victory":true,"max_hp_per_floor":[80,80,80,80,80,80,80,80,80,80,80,80,80,80,80,80,90,90,90,90,90,90,90,90,90,90,90,90,90,90,90,90,90,90,90,90,90,90,90,90,90,90,90,90,90,90,90,90,90,90,90],"card_choices":[{"not_picked":["Intimidate","Dropkick","Shockwave"],"picked":"SKIP","floor":1},{"not_picked":["Thunderclap","Headbutt"],"picked":"Flex","floor":4},{"not_picked":["Evolve","Shrug It Off","Infernal Blade"],"picked":"SKIP","floor":5},{"not_picked":["Wild Strike","Clothesline"],"picked":"Cleave","floor":7},{"not_picked":["Warcry","Headbutt","Shockwave"],"picked":"SKIP","floor":8},{"not_picked":["Reckless Charge","Sentinel","Sword Boomerang"],"picked":"SKIP","floor":10},{"not_picked":["Ghostly Armor","Iron Wave"],"picked":"Flex","floor":11},{"not_picked":["True Grit","Feel No Pain","Wild Strike"],"picked":"SKIP","floor":13},{"not_picked":["Wild Strike","Ghostly Armor","Sentinel"],"picked":"SKIP","floor":14},{"not_picked":["Bludgeon","Reaper"],"picked":"Offering","floor":16},{"not_picked":["Twin Strike","Headbutt"],"picked":"Battle Trance+1","floor":18},{"not_picked":["Reckless Charge","Battle Trance","Power Through"],"picked":"SKIP","floor":20},{"not_picked":["Heavy Blade","Clothesline","Anger+1"],"picked":"SKIP","floor":22},{"not_picked":["Cleave","Havoc","Barricade"],"picked":"SKIP","floor":24},{"not_picked":["Sentinel+1","True Grit","Twin Strike"],"picked":"SKIP","floor":25},{"not_picked":["Twin Strike","Clothesline","Iron Wave"],"picked":"SKIP","floor":28},{"not_picked":["Impervious","Anger"],"picked":"Flex","floor":30},{"not_picked":["Metallicize+1","Shrug It Off","Uppercut"],"picked":"SKIP","floor":31},{"not_picked":["True Grit+1","Clash","Carnage+1"],"picked":"SKIP","floor":36},{"not_picked":["Battle Trance","Havoc","Armaments"],"picked":"SKIP","floor":37},{"not_picked":["Battle Trance","Flex+1","Ghostly Armor"],"picked":"SKIP","floor":38},{"not_picked":["Clothesline+1","Bloodletting+1","Combust"],"picked":"SKIP","floor":39},{"not_picked":["Headbutt","Anger+1","Demon Form"],"picked":"SKIP","floor":42},{"not_picked":["Thunderclap","Metallicize+1","Flex+1"],"picked":"SKIP","floor":43},{"not_picked":["Rage+1","Thunderclap","Headbutt+1"],"picked":"SKIP","floor":45},{"not_picked":["Warcry","Cleave","Twin Strike"],"picked":"SKIP","floor":46}],"player_experience":425976,"relics_obtained":[{"floor":9,"key":"Pantograph"},{"floor":17,"key":"Omamori"},{"floor":17,"key":"Pear"},{"floor":17,"key":"Magic Flower"},{"floor":24,"key":"Blood Vial"},{"floor":26,"key":"War Paint"},{"floor":44,"key":"Oddly Smooth Stone"},{"floor":48,"key":"Gremlin Horn"}],"event_choices":[{"damage_healed":0,"gold_gain":75,"player_choice":"Touch","damage_taken":8,"max_hp_gain":0,"max_hp_loss":0,"event_name":"FaceTrader","floor":2,"gold_loss":0},{"damage_healed":26,"gold_gain":0,"player_choice":"Banana","damage_taken":0,"max_hp_gain":0,"max_hp_loss":0,"event_name":"Big Fish","floor":12,"gold_loss":0},{"damage_healed":0,"gold_gain":0,"player_choice":"Simplicity","damage_taken":0,"max_hp_gain":0,"max_hp_loss":0,"event_name":"Back to Basics","floor":21,"gold_loss":0,"cards_upgraded":["Strike_R","Strike_R","Strike_R","Strike_R","Strike_R","Defend_R","Defend_R"]},{"damage_healed":0,"gold_gain":0,"player_choice":"Copied","damage_taken":0,"max_hp_gain":0,"max_hp_loss":0,"event_name":"Duplicator","floor":27,"gold_loss":0,"cards_obtained":["Offering"]}],"is_beta":false,"boss_relics":[{"not_picked":["Philosopher\u0027s Stone","Cursed Key"],"picked":"Calling Bell"},{"not_picked":["Velvet Choker","Tiny House"],"picked":"Pandora\u0027s Box"}],"items_purged_floors":[3,19],"is_endless":false,"potions_floor_spawned":[1,5,10,14,16,18,25,28,30,34,36,42,43,46],"ascension_level":0}}