{"host":"p4zclu0beiy6gkiq","time":1609676928,"event":{"mods":["AchievementEnabler","BaseMod","Bestiary","Colored Map","Colored Powertips","DeckTracker","Minty Spire (QoL Compilation)","Quick Restart","StSLib","SuperFastMode","The Cursed"],"gold_per_floor":[118,78,88,38,52,52,82,82,132,145,174,124,124,156,156,257,257,268,285,79,99,99,134,134,154,202,228,34,69,69,69,69,168,168,181,192,237,187,199,199,249,249,249,249,269,3,3,32,32,32,32,32,32,60,60],"floor_reached":56,"playtime":7020,"items_purged":["Strike_R","Strike_R","Strike_R","Strike_R","Defend_R"],"score":1349,"play_id":"b61a2d15-e31a-49be-b6d9-c0e16e6aa80f","local_time":"20210103212848","is_ascension_mode":true,"campfire_choices":[{"data":"Seeing Red","floor":6.0,"key":"SMITH"},{"data":"Pommel Strike","floor":8.0,"key":"SMITH"},{"data":"Rampage","floor":13.0,"key":"SMITH"},{"data":"Bloodletting","floor":15.0,"key":"SMITH"},{"data":"Evolve","floor":24.0,"key":"SMITH"},{"data":"Berserk","floor":30.0,"key":"SMITH"},{"floor":32.0,"key":"REST"},{"floor":40.0,"key":"REST"},{"data":"Decay","floor":42.0,"key":"PURGE"},{"floor":47.0,"key":"RECALL"},{"data":"Bash","floor":49.0,"key":"PURGE"},{"data":"Defend_R","floor":52.0,"key":"PURGE"}],"circlet_count":0,"master_deck":["Defend_R","Defend_R","Pommel Strike+1","Seeing Red+1","Cleave+1","Bloodletting+1","Rampage+1","Second Wind","Burning Pact","Demon Form","Shrug It Off","Shrug It Off+1","Dropkick+1","Evolve+1","Berserk+1","Flex","Juggernaut","Juggernaut","Inflame","Shrug It Off+1","Feel No Pain+1","Offering","Shockwave","Barricade"],"relics":["Philosopher\u0027s Stone","Red Skull","Smiling Mask","Vajra","Toy Ornithopter","Mark of Pain","ClockworkSouvenir","White Beast Statue","Prayer Wheel","Bag of Preparation","Kunai","Fusion Hammer","Peace Pipe","Ice Cream","Meat on the Bone","Bronze Scales","Magic Flower","Whetstone"],"acts_visited":["Exordium","TheCity","TheBeyond","TheEnding"],"potions_floor_usage":[55],"damage_taken":[{"damage":0.0,"enemies":"Small Slimes","floor":1.0,"turns":3.0},{"damage":0.0,"enemies":"Cultist","floor":3.0,"turns":2.0},{"damage":3.0,"enemies":"Jaw Worm","floor":5.0,"turns":3.0},{"damage":13.0,"enemies":"Lagavulin","floor":7.0,"turns":4.0},{"damage":0.0,"enemies":"2 Fungi Beasts","floor":10.0,"turns":3.0},{"damage":21.0,"enemies":"Gremlin Nob","floor":11.0,"turns":4.0},{"damage":0.0,"enemies":"3 Sentries","floor":14.0,"turns":5.0},{"damage":29.0,"enemies":"Hexaghost","floor":16.0,"turns":6.0},{"damage":12.0,"enemies":"3 Byrds","floor":18.0,"turns":5.0},{"damage":21.0,"enemies":"2 Thieves","floor":19.0,"turns":4.0},{"damage":20.0,"enemies":"Snake Plant","floor":21.0,"turns":4.0},{"damage":3.0,"enemies":"Slavers","floor":23.0,"turns":5.0},{"damage":17.0,"enemies":"Shelled Parasite and Fungi","floor":25.0,"turns":3.0},{"damage":20.0,"enemies":"Book of Stabbing","floor":27.0,"turns":4.0},{"damage":3.0,"enemies":"Slavers","floor":29.0,"turns":2.0},{"damage":30.0,"enemies":"Automaton","floor":33.0,"turns":7.0},{"damage":5.0,"enemies":"3 Darklings","floor":35.0,"turns":4.0},{"damage":1.0,"enemies":"3 Shapes","floor":36.0,"turns":3.0},{"damage":61.0,"enemies":"2 Orb Walkers","floor":37.0,"turns":4.0},{"damage":52.0,"enemies":"3 Darklings","floor":39.0,"turns":4.0},{"damage":5.0,"enemies":"Mind Bloom Boss Battle","floor":41.0,"turns":5.0},{"damage":0.0,"enemies":"Transient","floor":45.0,"turns":5.0},{"damage":1.0,"enemies":"Reptomancer","floor":48.0,"turns":3.0},{"damage":40.0,"enemies":"Awakened One","floor":50.0,"turns":7.0},{"damage":30.0,"enemies":"Shield and Spear","floor":54.0,"turns":3.0},{"damage":44,"enemies":"The Heart","floor":55,"turns":7}],"seed_played":"-8610124876536151497","potions_obtained":[{"floor":2.0,"key":"GamblersBrew"},{"floor":2.0,"key":"LiquidMemories"},{"floor":2.0,"key":"Energy Potion"},{"floor":5.0,"key":"PowerPotion"},{"floor":11.0,"key":"EntropicBrew"},{"floor":16.0,"key":"SkillPotion"},{"floor":21.0,"key":"Swift Potion"},{"floor":23.0,"key":"Swift Potion"},{"floor":25.0,"key":"GamblersBrew"},{"floor":27.0,"key":"Swift Potion"},{"floor":29.0,"key":"Weak Potion"},{"floor":33.0,"key":"FairyPotion"},{"floor":35.0,"key":"GamblersBrew"},{"floor":36.0,"key":"LiquidBronze"},{"floor":37.0,"key":"HeartOfIron"},{"floor":39.0,"key":"Explosive Potion"},{"floor":41.0,"key":"DistilledChaos"},{"floor":45.0,"key":"BlessingOfTheForge"},{"floor":48.0,"key":"SkillPotion"},{"floor":54.0,"key":"Strength Potion"}],"is_trial":false,"path_per_floor":["M","?","M","?","M","R","E","R","T","M","E","$","R","E","R","B",null,"M","M","$","M","?","E","R","M","T","E","$","E","R","?","R","B",null,"M","M","?","$","M","R","?","R","T","?","M","$","R","E","R","B",null,"R","$","E","B",null],"character_chosen":"IRONCLAD","items_purchased":["ClockworkSouvenir","Bag of Preparation","Bronze Scales","Shockwave"],"campfire_rested":2,"item_purchase_floors":[20,28,46,46],"current_hp_per_floor":[80,80,80,80,77,77,64,64,64,64,43,43,43,43,43,24,80,73,57,57,37,37,39,39,27,27,7,7,14,14,14,38,13,80,75,74,18,18,4,28,23,23,23,23,40,40,40,44,44,38,80,80,80,50,32],"gold":60,"neow_bonus":"BOSS_RELIC","is_daily":false,"chose_seed":false,"campfire_upgraded":6,"win_rate":0.0,"timestamp":1609676928,"path_taken":["M","?","?","?","M","R","E","R","T","M","E","$","R","E","R","BOSS","M","M","$","M","?","E","R","M","T","E","$","E","R","?","R","BOSS","M","M","?","$","M","R","?","R","T","?","M","$","R","E","R","BOSS","R","$","E","BOSS"],"items_purchased_type":["Relic","Relic","Relic","Card"],"build_version":"2020-12-22","purchased_purges":5,"victory":true,"max_hp_per_floor":[80,80,80,80,80,80,80,80,80,80,80,80,80,80,80,80,80,80,80,80,80,80,80,80,80,80,80,80,80,80,80,80,80,80,80,80,80,80,80,80,80,80,80,80,80,80,80,80,80,80,80,80,80,80,80],"card_choices":[{"not_picked":["Wild Strike","Anger"],"picked":"Pommel Strike","floor":1.0},{"not_picked":["Perfected Strike","Cleave"],"picked":"Seeing Red","floor":3.0},{"not_picked":["Pommel Strike","Rampage"],"picked":"Cleave","floor":5.0},{"not_picked":["Heavy Blade","Feel No Pain"],"picked":"Bloodletting","floor":7.0},{"not_picked":["Flex","Hemokinesis"],"picked":"Rampage","floor":10.0},{"not_picked":["Uppercut","Shrug It Off"],"picked":"Second Wind","floor":11.0},{"not_picked":["Armaments","Corruption"],"picked":"Burning Pact","floor":14.0},{"not_picked":["Berserk","Brutality"],"picked":"Demon Form","floor":16.0},{"not_picked":["Iron Wave","Headbutt"],"picked":"Shrug It Off","floor":18.0},{"not_picked":["Clash","Warcry"],"picked":"Shrug It Off+1","floor":19.0},{"not_picked":["Reckless Charge","Clothesline+1"],"picked":"Dropkick+1","floor":21.0},{"not_picked":["Evolve","Wild Strike+1","Body Slam"],"picked":"SKIP","floor":23.0},{"not_picked":["Body Slam","Perfected Strike"],"picked":"Berserk","floor":25.0},{"not_picked":["Sword Boomerang","Bludgeon","Perfected Strike+1"],"picked":"SKIP","floor":27.0},{"not_picked":["Sword Boomerang","Clothesline"],"picked":"Flex","floor":29.0},{"not_picked":["Feed","Corruption"],"picked":"Juggernaut","floor":33.0},{"not_picked":["Sword Boomerang","Iron Wave","Twin Strike"],"picked":"SKIP","floor":35.0},{"not_picked":["Headbutt+1","Rampage+1","Reckless Charge+1"],"picked":"SKIP","floor":35.0},{"not_picked":["Rampage+1","Sword Boomerang+1"],"picked":"Juggernaut","floor":36.0},{"not_picked":["Clothesline","Wild Strike"],"picked":"Inflame","floor":36.0},{"not_picked":["Perfected Strike","Havoc+1"],"picked":"Shrug It Off+1","floor":39.0},{"not_picked":["Rampage+1","Sever Soul","Heavy Blade"],"picked":"SKIP","floor":39.0},{"not_picked":["Flame Barrier","Flex+1"],"picked":"Feel No Pain+1","floor":41.0},{"not_picked":["Rage+1","Shrug It Off+1"],"picked":"Offering","floor":45.0},{"not_picked":["Sword Boomerang","Flex","Wild Strike+1"],"picked":"SKIP","floor":45.0},{"not_picked":["Headbutt+1","Corruption"],"picked":"Barricade","floor":48.0},{"not_picked":["Perfected Strike+1","Clash+1","Flex+1"],"picked":"SKIP","floor":54.0}],"player_experience":142069,"relics_obtained":[{"floor":7.0,"key":"Red Skull"},{"floor":9.0,"key":"Smiling Mask"},{"floor":11.0,"key":"Vajra"},{"floor":14.0,"key":"Toy Ornithopter"},{"floor":23.0,"key":"White Beast Statue"},{"floor":27.0,"key":"Prayer Wheel"},{"floor":29.0,"key":"Kunai"},{"floor":37.0,"key":"Peace Pipe"},{"floor":41.0,"key":"Ice Cream"},{"floor":43.0,"key":"Meat on the Bone"},{"floor":48.0,"key":"Magic Flower"},{"floor":54.0,"key":"Whetstone"}],"event_choices":[{"damage_healed":0.0,"max_hp_gain":0.0,"max_hp_loss":0.0,"gold_gain":0.0,"event_name":"The Woman in Blue","player_choice":"Bought 3 Potions","floor":2.0,"gold_loss":0.0,"damage_taken":0.0},{"cards_removed":["Strike_R"],"damage_healed":0.0,"max_hp_gain":0.0,"max_hp_loss":0.0,"gold_gain":0.0,"event_name":"The Cleric","player_choice":"Card Removal","floor":4.0,"gold_loss":50.0,"damage_taken":0.0},{"damage_healed":0.0,"max_hp_gain":0.0,"max_hp_loss":0.0,"gold_gain":0.0,"event_name":"The Library","player_choice":"Read","floor":22.0,"gold_loss":0.0,"damage_taken":0.0,"cards_obtained":["Evolve"]},{"damage_healed":0.0,"max_hp_gain":0.0,"max_hp_loss":0.0,"gold_gain":0.0,"event_name":"Forgotten Altar","player_choice":"Smashed Altar","floor":31.0,"gold_loss":0.0,"damage_taken":0.0,"cards_obtained":["Decay"]},{"damage_healed":0.0,"max_hp_gain":0.0,"max_hp_loss":0.0,"gold_gain":0.0,"event_name":"Mysterious Sphere","player_choice":"Fight","floor":37.0,"gold_loss":0.0,"damage_taken":0.0},{"damage_healed":0.0,"max_hp_gain":0.0,"max_hp_loss":0.0,"gold_gain":0.0,"event_name":"MindBloom","player_choice":"Fight","floor":41.0,"gold_loss":0.0,"damage_taken":0.0},{"damage_healed":0.0,"max_hp_gain":0.0,"max_hp_loss":0.0,"gold_gain":0.0,"event_name":"Tomb of Lord Red Mask","player_choice":"Ignored","floor":44.0,"gold_loss":0.0,"damage_taken":0.0}],"is_beta":false,"boss_relics":[{"not_picked":["Cursed Key","Black Star"],"picked":"Mark of Pain"},{"not_picked":["Sozu","Runic Cube"],"picked":"Fusion Hammer"}],"items_purged_floors":[12,20,28,38,46],"is_endless":false,"potions_floor_spawned":[5,11,16,21,23,25,27,29,33,35,36,37,39,41,45,48,54],"ascension_level":2}}