{"host":"ga4s3hj9m6nkn6gp","time":1609712268,"event":{"mods":["BaseMod","Colored Powertips","Minty Spire (QoL Compilation)","Relic Stats"],"gold_per_floor":[109,128,143,154,154,154,185,185,185,21,21,45,45,57,57,133,133,151,76,86,86,105,105,134,134,134,151,76,76,76,46,46,46,46],"floor_reached":33,"playtime":1311,"items_purged":["Strike_G"],"score":526,"play_id":"16940387-97a3-43f5-89d4-a4fc2254a61a","local_time":"20210103231748","is_ascension_mode":true,"campfire_choices":[{"data":"Predator","floor":6.0,"key":"SMITH"},{"data":"Glass Knife","floor":8.0,"key":"SMITH"},{"data":"Sucker Punch","floor":11.0,"key":"SMITH"},{"data":"Flying Knee","floor":13.0,"key":"SMITH"},{"data":"Neutralize","floor":15.0,"key":"SMITH"},{"data":"Deadly Poison","floor":23,"key":"SMITH"},{"floor":25,"key":"REST"},{"data":"Wraith Form v2","floor":29,"key":"SMITH"},{"floor":32,"key":"REST"}],"circlet_count":0,"master_deck":["AscendersBane","Strike_G","Strike_G","Defend_G","Defend_G","Defend_G","Defend_G","Defend_G","Survivor","Neutralize+1","Backstab","Sucker Punch+1","Flying Knee+1","Predator+1","Glass Knife+1","Tools of the Trade","Deadly Poison+1","Wraith Form v2+1","Underhanded Strike"],"relics":["Sozu","Tough Bandages","Du-Vu Doll","Lee\u0027s Waffle","Bag of Preparation","Runic Pyramid","Torii","CultistMask"],"acts_visited":["Exordium","TheCity"],"potions_floor_usage":[],"damage_taken":[{"damage":1.0,"enemies":"Cultist","floor":1.0,"turns":4.0},{"damage":1.0,"enemies":"2 Louse","floor":2.0,"turns":3.0},{"damage":0.0,"enemies":"Jaw Worm","floor":3.0,"turns":3.0},{"damage":5.0,"enemies":"Exordium Wildlife","floor":4.0,"turns":4.0},{"damage":29.0,"enemies":"Gremlin Nob","floor":7.0,"turns":4.0},{"damage":0.0,"enemies":"2 Fungi Beasts","floor":14.0,"turns":1.0},{"damage":20.0,"enemies":"Slime Boss","floor":16.0,"turns":7.0},{"damage":6,"enemies":"2 Thieves","floor":18,"turns":3},{"damage":10,"enemies":"3 Byrds","floor":20,"turns":5},{"damage":19,"enemies":"Shelled Parasite and Fungi","floor":22,"turns":3},{"damage":26,"enemies":"Slavers","floor":24,"turns":6},{"damage":0,"enemies":"Snake Plant","floor":27,"turns":3},{"damage":53,"enemies":"Collector","floor":33,"turns":8}],"seed_played":"3069403524266224162","potions_obtained":[],"is_trial":false,"path_per_floor":["M","M","M","M","?","R","E","R","T","$","R","T","R","M","R","B",null,"M","?","M","?","M","R","E","R","T","M","$","R","?","$","R","B"],"character_chosen":"THE_SILENT","items_purchased":["Lee\u0027s Waffle","Underhanded Strike"],"campfire_rested":2,"item_purchase_floors":[10,31],"current_hp_per_floor":[58,57,57,52,48,48,19,19,19,73,73,73,73,73,73,53,68,62,62,52,52,33,33,7,28,28,28,28,28,28,28,49,0,0],"gold":46,"neow_bonus":"BOSS_RELIC","is_daily":false,"chose_seed":false,"campfire_upgraded":7,"win_rate":0.0,"timestamp":1609712268,"path_taken":["M","M","M","?","?","R","E","R","T","?","R","?","R","?","R","BOSS","M","?","M","?","M","R","E","R","T","?","$","R","?","?","R","BOSS"],"items_purchased_type":["Relic","Card"],"build_version":"2020-12-22","purchased_purges":1,"victory":false,"max_hp_per_floor":[66,66,66,66,66,66,66,66,66,73,73,73,73,73,73,73,73,73,73,73,73,73,73,73,73,73,73,73,73,73,73,73,73,73],"relic_stats":{"Sozu":6,"Tough Bandages":[60],"Lee\u0027s Waffle":54,"Torii":2,"counters":[13,54],"Bag of Preparation":[16],"obtain_stats":[{"Sozu":0,"Du-Vu Doll":9,"Tough Bandages":7,"Lee\u0027s Waffle":10,"Torii":24,"CultistMask":30,"Bag of Preparation":12,"Ring of the Snake":0,"Runic Pyramid":17},{"Sozu":0,"Du-Vu Doll":5,"Tough Bandages":5,"Lee\u0027s Waffle":5,"Torii":11,"CultistMask":12,"Bag of Preparation":5,"Ring of the Snake":0,"Runic Pyramid":7},{"Sozu":0,"Du-Vu Doll":18,"Tough Bandages":18,"Lee\u0027s Waffle":18,"Torii":43,"CultistMask":46,"Bag of Preparation":18,"Ring of the Snake":0,"Runic Pyramid":26}]},"card_choices":[{"not_picked":["Cloak And Dagger","Dodge and Roll"],"picked":"Backstab","floor":1.0},{"not_picked":["Bullet Time","Poisoned Stab"],"picked":"Sucker Punch","floor":2.0},{"not_picked":["Outmaneuver","Poisoned Stab"],"picked":"Flying Knee","floor":3.0},{"not_picked":["Quick Slash","Acrobatics"],"picked":"Predator","floor":4.0},{"not_picked":["Poisoned Stab","Deflect"],"picked":"Glass Knife","floor":7.0},{"not_picked":["Escape Plan","Sucker Punch","Poisoned Stab"],"picked":"SKIP","floor":14.0},{"not_picked":["Grand Finale","Glass Knife"],"picked":"Tools of the Trade","floor":16.0},{"not_picked":["Poisoned Stab","Bane+1","Outmaneuver"],"picked":"SKIP","floor":18},{"not_picked":["Sucker Punch","Accuracy","Backflip"],"picked":"SKIP","floor":20},{"not_picked":["Quick Slash","Choke"],"picked":"Deadly Poison","floor":22},{"not_picked":["PiercingWail+1","Bane"],"picked":"Wraith Form v2","floor":24},{"not_picked":["Slice","Escape Plan","Prepared"],"picked":"SKIP","floor":27},{"not_picked":["Slice","Escape Plan","Prepared"],"picked":"SKIP","floor":27}],"player_experience":564701,"relics_obtained":[{"floor":7.0,"key":"Tough Bandages"},{"floor":9.0,"key":"Du-Vu Doll"},{"floor":12.0,"key":"Bag of Preparation"},{"floor":24,"key":"Torii"}],"event_choices":[{"damage_healed":0.0,"max_hp_gain":0.0,"max_hp_loss":0.0,"gold_gain":0.0,"event_name":"The Woman in Blue","player_choice":"Bought 0 Potions","floor":5.0,"gold_loss":0.0,"damage_taken":0.0},{"cards_removed":["Strike_G"],"damage_healed":0,"gold_gain":0,"player_choice":"Gave Gold","damage_taken":0,"max_hp_gain":0,"max_hp_loss":0,"event_name":"Beggar","floor":19,"gold_loss":75},{"cards_removed":["Strike_G"],"damage_healed":0,"gold_gain":0,"player_choice":"Purged","damage_taken":0,"max_hp_gain":0,"max_hp_loss":0,"event_name":"Purifier","floor":21,"gold_loss":0},{"damage_healed":0,"gold_gain":0,"player_choice":"Trade","damage_taken":0,"relics_obtained":["CultistMask"],"max_hp_gain":0,"max_hp_loss":0,"event_name":"FaceTrader","floor":30,"gold_loss":0}],"is_beta":false,"boss_relics":[{"not_picked":["Cursed Key","WristBlade"],"picked":"Runic Pyramid"}],"items_purged_floors":[28],"is_endless":false,"potions_floor_spawned":[3,14,16,20,24,27],"killed_by":"Collector","ascension_level":20}}