{"host":"y89x8uui45kcjy42","time":1609683842,"event":{"mods":["2.2 Compatiblity","BaseMod","CapriCore","Colored Map","Colored Powertips","Custom Start","Friendly Minions","Keyboard Shortcuts","Minty Spire (QoL Compilation)","Relic Stats","Slay the Relics Exporter","StSLib","SuperFastMode"],"gold_per_floor":[112,112,187,198,67,67,98,0,0,23,36,46,46,46],"floor_reached":13,"playtime":301,"items_purged":["Strike_P","Strike_P"],"score":216,"play_id":"f6bcada5-b7c1-41da-b5db-dc9196c39c8e","local_time":"20210103232402","is_ascension_mode":true,"campfire_choices":[{"data":"Eruption","floor":6,"key":"SMITH"}],"circlet_count":0,"master_deck":["AscendersBane","Strike_P","Strike_P","Defend_P","Defend_P","Defend_P","Defend_P","Eruption+1","Vigilance","EmptyBody","FollowUp","PathToVictory","PathToVictory","Evaluate"],"relics":["PureWater","NeowsBlessing","Happy Flower","Odd Mushroom"],"acts_visited":["Exordium"],"potions_floor_usage":[13],"damage_taken":[{"damage":0,"enemies":"2 Louse","floor":1,"turns":1},{"damage":0,"enemies":"Jaw Worm","floor":4,"turns":1},{"damage":0,"enemies":"Lagavulin","floor":7,"turns":1},{"damage":20,"enemies":"The Mushroom Lair","floor":10,"turns":4},{"damage":0,"enemies":"Small Slimes","floor":11,"turns":5},{"damage":0,"enemies":"Blue Slaver","floor":12,"turns":4},{"damage":41,"enemies":"3 Sentries","floor":13,"turns":11}],"seed_played":"-422839359641294812","potions_obtained":[{"floor":10,"key":"Explosive Potion"}],"is_trial":false,"path_per_floor":["M","?","?","M","$","R","E","$","T","?","M","M","E"],"character_chosen":"WATCHER","items_purchased":["PathToVictory"],"campfire_rested":0,"item_purchase_floors":[5],"current_hp_per_floor":[61,66,55,55,55,55,55,55,55,35,35,35,0,0],"gold":46,"neow_bonus":"THREE_ENEMY_KILL","is_daily":false,"chose_seed":false,"campfire_upgraded":1,"win_rate":0.0,"timestamp":1609683842,"path_taken":["M","?","?","M","?","R","E","$","T","?","M","M","E"],"items_purchased_type":["Card"],"build_version":"2020-12-22","purchased_purges":2,"victory":false,"max_hp_per_floor":[68,73,73,73,73,73,73,73,73,73,73,73,73,73],"relic_stats":{"Happy Flower":[8],"counters":[7,27],"obtain_stats":[{"NeowsBlessing":0,"Happy Flower":7,"PureWater":0,"Odd Mushroom":10},{"NeowsBlessing":0,"Happy Flower":3,"PureWater":0,"Odd Mushroom":4},{"NeowsBlessing":0,"Happy Flower":3,"PureWater":0,"Odd Mushroom":7}]},"card_choices":[{"not_picked":["SashWhip","Consecrate"],"picked":"EmptyBody","floor":1},{"not_picked":["CutThroughFate","LikeWater","FollowUp"],"picked":"SKIP","floor":4},{"not_picked":["CutThroughFate","LikeWater"],"picked":"FollowUp","floor":4},{"not_picked":["WindmillStrike","EmptyFist"],"picked":"PathToVictory","floor":7},{"not_picked":["ForeignInfluence","Swivel"],"picked":"Evaluate","floor":10},{"not_picked":["Vengeance","Crescendo","CrushJoints"],"picked":"SKIP","floor":11},{"not_picked":["FlurryOfBlows","BattleHymn","BowlingBash"],"picked":"SKIP","floor":12}],"player_experience":551372,"relics_obtained":[{"floor":7,"key":"Happy Flower"},{"floor":10,"key":"Odd Mushroom"}],"event_choices":[{"damage_healed":0,"gold_gain":0,"player_choice":"Donut","damage_taken":0,"max_hp_gain":5,"max_hp_loss":0,"event_name":"Big Fish","floor":2,"gold_loss":0},{"damage_healed":0,"gold_gain":75,"player_choice":"Gather Gold","damage_taken":11,"max_hp_gain":0,"max_hp_loss":0,"event_name":"World of Goop","floor":3,"gold_loss":0},{"damage_healed":0,"gold_gain":0,"player_choice":"Fought Mushrooms","damage_taken":0,"max_hp_gain":0,"max_hp_loss":0,"event_name":"Mushrooms","floor":10,"gold_loss":0}],"is_beta":false,"boss_relics":[],"items_purged_floors":[5,8],"is_endless":false,"potions_floor_spawned":[10],"killed_by":"3 Sentries","ascension_level":20}}