{"host":"hkfd27larxvbrzdx","time":1609646601,"event":{"mods":["AchievementEnabler","BaseMod","Colored Map","Colored Powertips","DeckTracker","Minty Spire (QoL Compilation)"],"gold_per_floor":[112,121,121,146,146,146,40,85,134,134,183,24,24,58,58,198,198,222,137,161,161,188,230,230,230,230,230,255,298,298,99,99,237,237,259,331,360,78,110,110,162,162,162,171,200,232,82,91,91,91,91,91,91,124,124,124],"floor_reached":55,"playtime":5546,"items_purged":["Regret","Strike_B","Strike_B","Defend_B"],"score":838,"play_id":"26050a87-54a4-4c2b-bc3c-8de75de41c58","local_time":"20210103120321","is_ascension_mode":true,"campfire_choices":[{"data":"Zap","floor":6,"key":"SMITH"},{"data":"Recycle","floor":10,"key":"SMITH"},{"floor":13,"key":"REST"},{"data":"Apotheosis","floor":15,"key":"SMITH"},{"floor":25,"key":"RECALL"},{"floor":27,"key":"REST"},{"floor":32,"key":"REST"},{"floor":40,"key":"REST"},{"floor":42,"key":"REST"},{"floor":49,"key":"REST"},{"data":"Madness","floor":52,"key":"SMITH"}],"circlet_count":0,"master_deck":["Defend_B+1","Defend_B","Zap+1","Dualcast","Glacier","Conserve Battery+1","Recycle+1","Rebound","Force Field","Apotheosis+1","Barrage","Electrodynamics","BootSequence","Defragment","Capacitor","Go for the Eyes","Ball Lightning+1","Coolheaded","Loop","Consume","Multi-Cast","Streamline","Redo","Genetic Algorithm","White Noise","Conserve Battery+1","Madness+1","Lockon+1","Force Field","Hello World"],"relics":["Cracked Core","CeramicFish","Golden Idol","Lizard Tail","Akabeko","Regal Pillow","Nuclear Battery","Mango","Bottled Lightning","Shuriken","Turnip","Ginger","Gremlin Horn","MutagenicStrength","Inserter","Calipers","Omamori","Toy Ornithopter","InkBottle"],"acts_visited":["Exordium","TheCity","TheBeyond","TheEnding"],"potions_floor_usage":[16,54,54,55],"damage_taken":[{"damage":3,"enemies":"Small Slimes","floor":1,"turns":3},{"damage":4,"enemies":"2 Louse","floor":4,"turns":2},{"damage":4,"enemies":"Lagavulin","floor":8,"turns":12},{"damage":12,"enemies":"Gremlin Nob","floor":11,"turns":4},{"damage":4,"enemies":"Jaw Worm","floor":14,"turns":2},{"damage":57,"enemies":"Hexaghost","floor":16,"turns":15},{"damage":0,"enemies":"Spheric Guardian","floor":18,"turns":3},{"damage":0,"enemies":"3 Byrds","floor":20,"turns":4},{"damage":0,"enemies":"Snecko","floor":22,"turns":6},{"damage":29,"enemies":"Slavers","floor":23,"turns":5},{"damage":5,"enemies":"3 Cultists","floor":28,"turns":5},{"damage":24,"enemies":"Gremlin Leader","floor":29,"turns":6},{"damage":0,"enemies":"Collector","floor":33,"turns":7},{"damage":14,"enemies":"3 Shapes","floor":35,"turns":3},{"damage":13,"enemies":"Mind Bloom Boss Battle","floor":36,"turns":5},{"damage":1,"enemies":"3 Darklings","floor":37,"turns":2},{"damage":40,"enemies":"Transient","floor":39,"turns":5},{"damage":23,"enemies":"Reptomancer","floor":41,"turns":5},{"damage":2,"enemies":"Jaw Worm Horde","floor":45,"turns":4},{"damage":11,"enemies":"Spire Growth","floor":46,"turns":5},{"damage":21,"enemies":"Awakened One","floor":50,"turns":12},{"damage":41,"enemies":"Shield and Spear","floor":54,"turns":6},{"damage":61,"enemies":"The Heart","floor":55,"turns":8}],"seed_played":"-2622950842812186184","potions_obtained":[{"floor":4,"key":"FearPotion"},{"floor":18,"key":"PotionOfCapacity"},{"floor":29,"key":"ColorlessPotion"},{"floor":33,"key":"Swift Potion"},{"floor":41,"key":"LiquidMemories"}],"is_trial":false,"path_per_floor":["M","?","?","M","?","R","$","E","T","R","E","$","R","M","R","B",null,"M","?","M","T","M","E","T","R","T","R","M","E","?","$","R","B",null,"M","?","M","$","M","R","E","R","T","?","M","M","$","?","R","B",null,"R","$","E","B"],"character_chosen":"DEFECT","items_purchased":["Recycle","Apotheosis","Loop","Consume","Omamori"],"campfire_rested":6,"item_purchase_floors":[7,12,31,31,38],"current_hp_per_floor":[51,51,51,47,33,33,33,29,29,29,17,17,52,48,48,25,69,69,83,83,83,83,54,54,54,54,83,78,54,54,54,83,83,83,69,56,55,55,15,54,31,70,70,70,68,57,57,57,83,62,83,83,83,52,0,0],"gold":124,"neow_bonus":"REMOVE_TWO","is_daily":false,"chose_seed":false,"campfire_upgraded":4,"win_rate":0.0,"timestamp":1609646601,"path_taken":["M","?","?","M","?","R","$","E","T","R","E","$","R","M","R","BOSS","M","?","M","?","M","E","?","R","T","R","M","E","?","$","R","BOSS","M","?","M","$","M","R","E","R","T","?","M","M","$","?","R","BOSS","R","$","E","BOSS"],"items_purchased_type":["Card","Card","Card","Card","Relic"],"build_version":"2020-12-22","purchased_purges":4,"victory":false,"max_hp_per_floor":[75,75,69,69,69,69,69,69,69,69,69,69,69,69,69,69,69,69,83,83,83,83,83,83,83,83,83,83,83,83,83,83,83,83,83,83,83,83,83,83,83,83,83,83,83,83,83,83,83,83,83,83,83,83,83,83],"card_choices":[{"not_picked":["Sweeping Beam","Self Repair"],"picked":"Glacier","floor":1},{"not_picked":["Redo","Leap"],"picked":"Conserve Battery","floor":4},{"not_picked":["Glacier","Steam"],"picked":"Rebound","floor":8},{"not_picked":["Rebound","Stack"],"picked":"Force Field","floor":11},{"not_picked":["Cold Snap","Leap"],"picked":"Barrage","floor":14},{"not_picked":["Meteor Strike","Creative AI"],"picked":"Electrodynamics","floor":16},{"not_picked":["Skim","Glacier"],"picked":"BootSequence","floor":18},{"not_picked":["Go for the Eyes","Blizzard+1"],"picked":"Defragment","floor":20},{"not_picked":["Reinforced Body","Gash"],"picked":"Capacitor","floor":22},{"not_picked":["Fusion","Steam"],"picked":"Go for the Eyes","floor":23},{"not_picked":["Turbo","Aggregate"],"picked":"Ball Lightning+1","floor":28},{"not_picked":["Darkness+1","Turbo+1"],"picked":"Coolheaded","floor":29},{"not_picked":["Machine Learning","Hyperbeam"],"picked":"Multi-Cast","floor":33},{"not_picked":["Hello World+1","Sweeping Beam"],"picked":"Streamline","floor":35},{"not_picked":["Rebound+1","Sunder+1"],"picked":"Redo","floor":36},{"not_picked":["Fusion","Blizzard+1"],"picked":"Genetic Algorithm","floor":37},{"not_picked":["Consume+1","BootSequence+1"],"picked":"White Noise","floor":39},{"not_picked":["Rebound+1","Meteor Strike"],"picked":"Conserve Battery+1","floor":41},{"not_picked":["Enlightenment","PanicButton"],"picked":"Madness","floor":44},{"not_picked":["Tempest+1","White Noise"],"picked":"Lockon+1","floor":45},{"not_picked":["Heatsinks","Leap+1"],"picked":"Force Field","floor":46},{"not_picked":["Auto Shields+1","Doom and Gloom","Electrodynamics"],"picked":"SKIP","floor":54}],"player_experience":209582,"relics_obtained":[{"floor":8,"key":"Lizard Tail"},{"floor":9,"key":"Akabeko"},{"floor":11,"key":"Regal Pillow"},{"floor":21,"key":"Bottled Lightning"},{"floor":23,"key":"Shuriken"},{"floor":24,"key":"Turnip"},{"floor":26,"key":"Ginger"},{"floor":29,"key":"Gremlin Horn"},{"floor":36,"key":"Calipers"},{"floor":41,"key":"Toy Ornithopter"},{"floor":54,"key":"InkBottle"}],"event_choices":[{"damage_healed":0,"gold_gain":0,"player_choice":"Box","damage_taken":0,"relics_obtained":["CeramicFish"],"max_hp_gain":0,"max_hp_loss":0,"event_name":"Big Fish","floor":2,"gold_loss":0,"cards_obtained":["Regret"]},{"damage_healed":0,"gold_gain":0,"player_choice":"Lose Max HP","damage_taken":0,"relics_obtained":["Golden Idol"],"max_hp_gain":0,"max_hp_loss":6,"event_name":"Golden Idol","floor":3,"gold_loss":0},{"damage_healed":0,"gold_gain":0,"player_choice":"Entered Light","damage_taken":14,"max_hp_gain":0,"max_hp_loss":0,"event_name":"Shining Light","floor":5,"gold_loss":0,"cards_upgraded":["Defend_B","Conserve Battery"]},{"damage_healed":0,"gold_gain":0,"player_choice":"Obtained Relic","damage_taken":0,"relics_obtained":["Mango"],"max_hp_gain":0,"max_hp_loss":0,"event_name":"Addict","floor":19,"gold_loss":85},{"damage_healed":0,"gold_gain":0,"player_choice":"Inject Mutagens","damage_taken":0,"relics_obtained":["MutagenicStrength"],"max_hp_gain":0,"max_hp_loss":0,"event_name":"Drug Dealer","floor":30,"gold_loss":0},{"damage_healed":0,"gold_gain":0,"player_choice":"Fight","damage_taken":0,"max_hp_gain":0,"max_hp_loss":0,"event_name":"MindBloom","floor":36,"gold_loss":0},{"damage_healed":0,"gold_gain":0,"player_choice":"Memory 1","damage_taken":0,"max_hp_gain":0,"max_hp_loss":0,"event_name":"SensoryStone","floor":44,"gold_loss":0},{"damage_healed":0,"gold_gain":0,"cards_transformed":["Defend_B"],"player_choice":"Transformed","damage_taken":0,"max_hp_gain":0,"max_hp_loss":0,"event_name":"Transmorgrifier","floor":48,"gold_loss":0,"cards_obtained":["Hello World"]}],"is_beta":false,"boss_relics":[{"not_picked":["Calling Bell","Astrolabe"],"picked":"Nuclear Battery"},{"not_picked":["Coffee Dripper","Fusion Hammer"],"picked":"Inserter"}],"items_purged_floors":[7,31,38,47],"is_endless":false,"potions_floor_spawned":[4,18,29,33,36,41,46],"killed_by":"The Heart","ascension_level":2}}