{"host":"ya062ahhhuj9au1o","time":1609688666,"event":{"mods":["BaseMod","Better Third Choice","Downfall","Filter the Spire","Hermit","Minty Spire (QoL Compilation)","Random Character Button","Robot Space Explorer","Somnambulant","StSLib","The Bug Knight","The Cursed","The Marked","The Servant 0.9.4"],"gold_per_floor":[116,116,134,14,14,14,34,64,88,107,107,122,122,122,122,224,224,243,243,243,256,256,256],"floor_reached":22,"playtime":1156,"items_purged":["somnambulantmod: Defend_Somnambulant"],"score":276,"play_id":"6ef4eee9-28bd-441e-a1e2-f3bbccbf9334","local_time":"20210103104426","is_ascension_mode":true,"campfire_choices":[{"floor":6.0,"key":"REST"},{"floor":13.0,"key":"REST"},{"data":"somnambulantmod: QuickNap","floor":15.0,"key":"SMITH"}],"circlet_count":0,"master_deck":["AscendersBane","somnambulantmod: SomnambulantStrike","somnambulantmod: SomnambulantStrike","somnambulantmod: SomnambulantStrike","somnambulantmod: SomnambulantStrike","somnambulantmod: SomnambulantStrike","somnambulantmod: Defend_Somnambulant","somnambulantmod: Defend_Somnambulant","somnambulantmod: Defend_Somnambulant+1","somnambulantmod: QuickNap+1","somnambulantmod: PrimingPunch","Panache","somnambulantmod: Sleepyhead","somnambulantmod: TrepanningBlow","somnambulantmod: Unknow+1","somnambulantmod: Blink","somnambulantmod: Sleepyhead","somnambulantmod: Stumble","somnambulantmod: GalaxyBrain","somnambulantmod: LightSleeper","somnambulantmod: Stumble","somnambulantmod: ViralIdea"],"relics":["somnambulantmod: DreamJournal","Guardian:PocketSentry","Darkstone Periapt","Ancient Tea Set","Sozu","Vajra"],"acts_visited":["Exordium","TheCity"],"potions_floor_usage":[16],"damage_taken":[{"damage":7.0,"enemies":"Jaw Worm","floor":1.0,"turns":5.0},{"damage":0.0,"enemies":"2 Louse","floor":3.0,"turns":4.0},{"damage":6.0,"enemies":"Cultist","floor":7.0,"turns":3.0},{"damage":22.0,"enemies":"3 Sentries","floor":8.0,"turns":8.0},{"damage":3.0,"enemies":"3 Louse","floor":10.0,"turns":3.0},{"damage":0.0,"enemies":"Large Slime","floor":12.0,"turns":4.0},{"damage":29,"enemies":"Slime Boss","floor":16,"turns":11},{"damage":20,"enemies":"2 Thieves","floor":18,"turns":4},{"damage":42,"enemies":"3 Byrds","floor":21,"turns":5},{"damage":4,"enemies":"Snake Plant","floor":22,"turns":2}],"seed_played":"-6387163080855793544","potions_obtained":[{"floor":3.0,"key":"Weak Potion"},{"floor":8.0,"key":"FearPotion"}],"is_trial":false,"path_per_floor":["M","?","M","$","?","R","M","E","T","M","?","M","R","?","R","B",null,"M","?","T","M","M"],"character_chosen":"THE_SOMNAMBULANT","items_purchased":["somnambulantmod: Unknow"],"campfire_rested":2,"item_purchase_floors":[4],"current_hp_per_floor":[38,31,31,31,31,54,48,26,26,23,23,23,46,70,70,41,66,46,46,46,4,0,0],"gold":256,"neow_bonus":"RANDOM_COLORLESS_2","is_daily":false,"chose_seed":false,"campfire_upgraded":1,"win_rate":0.0,"timestamp":1609688666,"path_taken":["M","?","M","$","?","R","?","E","T","M","?","M","R","?","R","BOSS","M","?","?","M","M"],"items_purchased_type":["Card"],"build_version":"2020-12-22","purchased_purges":1,"victory":false,"max_hp_per_floor":[70,70,70,70,70,72,72,72,72,72,72,72,74,74,74,74,74,74,74,74,74,74,74],"card_choices":[{"not_picked":["expansioncontent:QuickStudy","Master of Strategy"],"picked":"Panache","floor":0.0},{"not_picked":["somnambulantmod: Bruise","somnambulantmod: Cower"],"picked":"somnambulantmod: Sleepyhead","floor":1.0},{"not_picked":["somnambulantmod: SleepingBody","somnambulantmod: Trauma"],"picked":"somnambulantmod: TrepanningBlow","floor":3.0},{"not_picked":["somnambulantmod: Cower","somnambulantmod: TimeCompression","somnambulantmod: Trauma"],"picked":"SKIP","floor":7.0},{"not_picked":["somnambulantmod: Amnausea","somnambulantmod: LeechFears"],"picked":"somnambulantmod: Blink","floor":8.0},{"not_picked":["somnambulantmod: Nosebleed","somnambulantmod: Cower"],"picked":"somnambulantmod: Sleepyhead","floor":10.0},{"not_picked":["somnambulantmod: TrepanningBlow","somnambulantmod: MindWave"],"picked":"somnambulantmod: Stumble","floor":12.0},{"not_picked":["somnambulantmod: NewDawn","somnambulantmod: Narcolepsy"],"picked":"somnambulantmod: GalaxyBrain","floor":16},{"not_picked":["somnambulantmod: SleepingBody","somnambulantmod: TrepanningBlow"],"picked":"somnambulantmod: LightSleeper","floor":18},{"not_picked":["somnambulantmod: MindWave+1","somnambulantmod: BrainFeeder+1"],"picked":"somnambulantmod: ViralIdea","floor":21}],"player_experience":1759137,"relics_obtained":[{"floor":5.0,"key":"Guardian:PocketSentry"},{"floor":8.0,"key":"Darkstone Periapt"},{"floor":9.0,"key":"Ancient Tea Set"},{"floor":20,"key":"Vajra"}],"event_choices":[{"cards_removed":["somnambulantmod: Defend_Somnambulant"],"damage_healed":0.0,"max_hp_gain":0.0,"max_hp_loss":0.0,"gold_gain":0.0,"event_name":"Golden Wing","player_choice":"Card Removal","floor":2.0,"gold_loss":0.0,"damage_taken":7.0},{"damage_healed":0.0,"max_hp_gain":0.0,"max_hp_loss":0.0,"gold_gain":0.0,"event_name":"Wheel of Change","player_choice":"Relic","floor":5.0,"gold_loss":0.0,"damage_taken":0.0},{"damage_healed":0.0,"max_hp_gain":0.0,"max_hp_loss":0.0,"gold_gain":0.0,"event_name":"betterThird:BetterSerpent","player_choice":"Ignored","floor":11.0,"gold_loss":0.0,"damage_taken":107.0},{"damage_healed":24.0,"max_hp_gain":0.0,"max_hp_loss":0.0,"gold_gain":0.0,"event_name":"Big Fish","player_choice":"Banana","floor":14.0,"gold_loss":0.0,"damage_taken":0.0},{"damage_healed":0,"gold_gain":0,"player_choice":"Read","damage_taken":0,"max_hp_gain":0,"max_hp_loss":0,"event_name":"The Library","floor":19,"gold_loss":0,"cards_obtained":["somnambulantmod: Stumble"]}],"is_beta":false,"boss_relics":[{"not_picked":["Runic Dome","Ectoplasm"],"picked":"Sozu"}],"items_purged_floors":[4],"is_endless":false,"potions_floor_spawned":[3,8],"killed_by":"Snake Plant","ascension_level":10}}