{"host":"naykp6d9ulahlwib","time":1609716396,"event":{"mods":["BaseMod","Highlight Path","Minty Spire (QoL Compilation)","Shop Mod","StSLib"],"gold_per_floor":[116,132,143,218,3,3,3,3,29,29,49,65,14,30,30,106,106,119,154,429,443,64,64,80,80,80,114,131,6,6,16,16,93,93,105,125,125,138,152,152,162,173,199,112,112,21,21,41,41,41],"floor_reached":51,"playtime":4580,"items_purged":["Strike_G","Regret","Strike_G"],"score":1069,"play_id":"8d378fe1-cee1-4e0c-a4e3-beca78d6d232","local_time":"20210103172636","is_ascension_mode":true,"campfire_choices":[{"data":"Neutralize","floor":6.0,"key":"SMITH"},{"data":"After Image","floor":8.0,"key":"SMITH"},{"data":"Infinite Blades","floor":10.0,"key":"SMITH"},{"data":"Footwork","floor":15.0,"key":"SMITH"},{"data":"Accuracy","floor":23.0,"key":"SMITH"},{"floor":25.0,"key":"REST"},{"floor":32.0,"key":"REST"},{"data":"Blade Dance","floor":40.0,"key":"SMITH"},{"data":"Trip","floor":45.0,"key":"SMITH"},{"floor":49,"key":"REST"}],"circlet_count":0,"master_deck":["AscendersBane","Strike_G","Strike_G","Strike_G","Defend_G","Defend_G","Defend_G","Defend_G","Defend_G","Survivor","Neutralize+1","Infinite Blades+1","Blade Dance","Finisher","After Image+1","Prepared+1","Footwork+1","Blade Dance+1","Bullet Time","Cloak And Dagger","Accuracy+1","After Image","Die Die Die+1","Escape Plan+1","Cloak And Dagger+1","Dodge and Roll","Trip+1","Flash of Steel+1"],"relics":["Ring of the Snake","NeowsBlessing","Molten Egg 2","Anchor","WristBlade","Red Mask","Ornamental Fan","Art of War","Bottled Tornado","Philosopher\u0027s Stone","Boot","Kunai"],"acts_visited":["Exordium","TheCity","TheBeyond"],"potions_floor_usage":[48,50,50],"damage_taken":[{"damage":0.0,"enemies":"Cultist","floor":1.0,"turns":1.0},{"damage":0.0,"enemies":"Jaw Worm","floor":2.0,"turns":1.0},{"damage":0.0,"enemies":"2 Louse","floor":3.0,"turns":1.0},{"damage":0.0,"enemies":"Red Slaver","floor":11.0,"turns":3.0},{"damage":0.0,"enemies":"Large Slime","floor":12.0,"turns":6.0},{"damage":0.0,"enemies":"3 Louse","floor":14.0,"turns":3.0},{"damage":20.0,"enemies":"Slime Boss","floor":16.0,"turns":10.0},{"damage":0.0,"enemies":"Spheric Guardian","floor":18.0,"turns":2.0},{"damage":0.0,"enemies":"Masked Bandits","floor":19.0,"turns":3.0},{"damage":2.0,"enemies":"3 Byrds","floor":21.0,"turns":4.0},{"damage":11.0,"enemies":"Snake Plant","floor":24.0,"turns":4.0},{"damage":19.0,"enemies":"Book of Stabbing","floor":27.0,"turns":5.0},{"damage":0.0,"enemies":"Centurion and Healer","floor":28.0,"turns":5.0},{"damage":0.0,"enemies":"Cultist and Chosen","floor":31.0,"turns":6.0},{"damage":2.0,"enemies":"Automaton","floor":33.0,"turns":8.0},{"damage":12.0,"enemies":"3 Darklings","floor":35.0,"turns":7.0},{"damage":0.0,"enemies":"Orb Walker","floor":36.0,"turns":4.0},{"damage":10.0,"enemies":"Spire Growth","floor":38.0,"turns":5.0},{"damage":0.0,"enemies":"4 Shapes","floor":39.0,"turns":3.0},{"damage":0.0,"enemies":"Jaw Worm Horde","floor":41.0,"turns":3.0},{"damage":0.0,"enemies":"3 Darklings","floor":42.0,"turns":4.0},{"damage":0,"enemies":"4 Shapes","floor":48,"turns":3},{"damage":29,"enemies":"Awakened One","floor":50,"turns":13}],"seed_played":"-3257264177853519685","potions_obtained":[{"floor":1.0,"key":"EssenceOfSteel"},{"floor":2.0,"key":"Weak Potion"},{"floor":11.0,"key":"Energy Potion"},{"floor":14.0,"key":"FearPotion"},{"floor":18.0,"key":"Swift Potion"},{"floor":24.0,"key":"Fire Potion"},{"floor":28.0,"key":"Explosive Potion"},{"floor":31.0,"key":"Weak Potion"},{"floor":36.0,"key":"Poison Potion"},{"floor":38.0,"key":"Weak Potion"},{"floor":41.0,"key":"SkillPotion"},{"floor":48,"key":"SteroidPotion"}],"is_trial":false,"path_per_floor":["M","M","M","?","$","R","?","R","T","R","M","M","$","M","R","B",null,"M","?","?","M","$","R","M","R","T","E","M","$","?","M","R","B",null,"M","M","?","M","M","R","M","M","T","$","R","$","T","M","R","B",null],"character_chosen":"THE_SILENT","items_purchased":["After Image","Blade Dance","Accuracy","Ornamental Fan","Trip","Flash of Steel+1"],"campfire_rested":3,"item_purchase_floors":[5,13,22,22,44,46],"current_hp_per_floor":[59,59,59,48,48,48,48,48,48,48,48,48,48,48,48,28,57,57,57,57,55,55,55,44,63,63,44,44,44,44,44,63,61,65,53,53,53,43,43,43,43,43,43,43,43,43,43,43,62,33],"gold":41,"neow_bonus":"THREE_ENEMY_KILL","is_daily":false,"chose_seed":false,"campfire_upgraded":7,"win_rate":0.0,"timestamp":1609716396,"path_taken":["M","?","M","?","$","R","?","R","T","R","M","?","?","M","R","BOSS","M","?","?","M","$","R","M","R","T","E","?","?","?","M","R","BOSS","M","M","?","M","M","R","M","?","T","?","R","$","?","M","R","BOSS"],"items_purchased_type":["Card","Card","Card","Relic","Card","Card"],"build_version":"2020-12-22","purchased_purges":3,"victory":true,"max_hp_per_floor":[66,66,66,66,66,66,66,66,66,66,66,66,66,66,66,66,66,66,66,66,66,66,66,66,66,66,66,66,66,66,66,66,66,66,66,66,66,66,66,66,66,66,66,66,66,66,66,66,66,66],"card_choices":[{"not_picked":["Heel Hook","PiercingWail"],"picked":"Infinite Blades","floor":1.0},{"not_picked":["Well Laid Plans","Dodge and Roll"],"picked":"Blade Dance","floor":2.0},{"not_picked":["Skewer","Dagger Throw"],"picked":"Finisher","floor":3.0},{"not_picked":["Backflip","Endless Agony+1"],"picked":"Prepared","floor":11.0},{"not_picked":["Distraction","Deadly Poison"],"picked":"Footwork","floor":12.0},{"not_picked":["Deflect","Deadly Poison","Backflip"],"picked":"SKIP","floor":14.0},{"not_picked":["Envenom","A Thousand Cuts"],"picked":"Bullet Time","floor":16.0},{"not_picked":["Expertise","Sucker Punch+1"],"picked":"Cloak And Dagger","floor":18.0},{"not_picked":["Sucker Punch+1","PiercingWail","Dagger Throw+1"],"picked":"SKIP","floor":21.0},{"not_picked":["Flechettes+1","Sucker Punch+1","Flying Knee+1"],"picked":"SKIP","floor":24.0},{"not_picked":["Dagger Spray+1","Eviscerate+1"],"picked":"After Image","floor":27.0},{"not_picked":["Underhanded Strike+1","Flying Knee+1","Deadly Poison"],"picked":"SKIP","floor":28.0},{"not_picked":["Dagger Throw+1","Terror","PiercingWail"],"picked":"SKIP","floor":31.0},{"not_picked":["Malaise","Bullet Time"],"picked":"Die Die Die+1","floor":33.0},{"not_picked":["Slice+1","Terror","Dagger Throw+1"],"picked":"SKIP","floor":35.0},{"not_picked":["Backstab+1","Deflect"],"picked":"Escape Plan+1","floor":36.0},{"not_picked":["Acrobatics","Concentrate+1","Bouncing Flask+1"],"picked":"SKIP","floor":38.0},{"not_picked":["Dagger Throw+1","Poisoned Stab+1"],"picked":"Cloak And Dagger+1","floor":39.0},{"not_picked":["Sucker Punch+1","Endless Agony+1","Reflex"],"picked":"SKIP","floor":41.0},{"not_picked":["Flying Knee+1","Masterful Stab+1"],"picked":"Dodge and Roll","floor":42.0},{"not_picked":["Distraction","Infinite Blades","Flying Knee+1"],"picked":"SKIP","floor":48}],"player_experience":984254,"relics_obtained":[{"floor":9.0,"key":"Anchor"},{"floor":19.0,"key":"Red Mask"},{"floor":26.0,"key":"Art of War"},{"floor":27.0,"key":"Bottled Tornado"},{"floor":43.0,"key":"Boot"},{"floor":47.0,"key":"Kunai"}],"event_choices":[{"damage_healed":0.0,"max_hp_gain":0.0,"max_hp_loss":0.0,"gold_gain":75.0,"event_name":"World of Goop","player_choice":"Gather Gold","floor":4.0,"gold_loss":0.0,"damage_taken":11.0},{"damage_healed":0.0,"max_hp_gain":0.0,"max_hp_loss":0.0,"gold_gain":0.0,"event_name":"WeMeetAgain","player_choice":"Gave Potion","floor":7.0,"gold_loss":0.0,"damage_taken":0.0,"relics_obtained":["Molten Egg 2"]},{"damage_healed":0.0,"max_hp_gain":0.0,"max_hp_loss":0.0,"gold_gain":0.0,"event_name":"Masked Bandits","player_choice":"Fought Bandits","floor":19.0,"gold_loss":0.0,"damage_taken":0.0},{"damage_healed":0.0,"max_hp_gain":0.0,"max_hp_loss":0.0,"gold_gain":275.0,"event_name":"Golden Shrine","player_choice":"Desecrate","floor":20.0,"gold_loss":0.0,"damage_taken":0.0,"cards_obtained":["Regret"]},{"damage_healed":0.0,"max_hp_gain":0.0,"max_hp_loss":0.0,"gold_gain":0.0,"event_name":"Ghosts","player_choice":"Ignored","floor":30.0,"gold_loss":0.0,"damage_taken":0.0},{"damage_healed":0.0,"max_hp_gain":0.0,"max_hp_loss":0.0,"gold_gain":0.0,"event_name":"Upgrade Shrine","player_choice":"Upgraded","floor":37.0,"gold_loss":0.0,"damage_taken":0.0,"cards_upgraded":["Prepared"]}],"is_beta":false,"boss_relics":[{"not_picked":["Velvet Choker","Coffee Dripper"],"picked":"WristBlade"},{"not_picked":["Snecko Eye","Sozu"],"picked":"Philosopher\u0027s Stone"}],"items_purged_floors":[5,22,29],"is_endless":false,"potions_floor_spawned":[1,2,11,14,18,24,28,31,36,38,41,48],"ascension_level":15}}