{"host":"pcbz64t4k17ey4z1","time":1609690914,"event":{"mods":["2.2 Compatiblity","AchievementEnabler","Act Like it!","Aspiration","BaseMod","Beaked The Cultist","Better Match","BetterRewards","Card Forge","Colored Map","Colored Powertips","Conspire","Disable Question Mark Monsters","Fireblade Mod","Friendly Minions","GifTheSpireLib","Glutton Mod","Googly Eyes","Hermit","Hubris","Infinite Spire","Koishi","Marisa????????","Minty Spire (QoL Compilation)","Permanent Neow","Potionbrewer","Quick Restart","Random Character Button","Rare Cards Sparkle","Relic Filter","Replay The Spire","Shade Mod","Shop Mod","Small Relic Pack","StSLib","Stuff the Spire","SuperFastMode","The Animator","The Cursed","The Druid","The Gatherer","The Hierophant","The IronCluck","The Runesmith","Waifu the Spire","Wandering Minibosses","vexMod"],"gold_per_floor":[117,117,117,140,158,194,194,233,304,338,338,351,372,67,67,192,192,216,236,776,37,50,50,50,50],"floor_reached":23,"playtime":1002,"items_purged":[],"score":268,"play_id":"523e51a2-bdb9-4904-8842-90152616f33c","local_time":"20210103162154","is_ascension_mode":true,"metric_token":3025,"campfire_choices":[{"floor":7,"key":"REST"},{"data":"Runesmith:Fortify","floor":11,"key":"SMITH"},{"data":"Gatherer:Misfortune","floor":15,"key":"SMITH"}],"circlet_count":0,"master_deck":["Gatherer:Strike_Gatherer","Gatherer:Strike_Gatherer","Gatherer:Strike_Gatherer","Gatherer:Strike_Gatherer","Gatherer:Strike_Gatherer","Gatherer:Defend_Gatherer","Gatherer:Defend_Gatherer","Gatherer:Defend_Gatherer","Gatherer:Defend_Gatherer","Gatherer:Defend_Gatherer","Gatherer:Centralize+1","Gatherer:FlowerWhip+2","Gatherer:EnergyBasket","Gatherer:QuickSynthesis","Gatherer:Misfortune+1","Runesmith:Fortify+1","Gatherer:Misfortune+1","Gatherer:ScherryThrow","Gatherer:RottenStipe","Gatherer:HeartToFruit","Gatherer:ScherryThrow","Gatherer:FeelingFine","Gatherer:RecoveryHerb+1","Gatherer:Overflowing"],"relics":["Gatherer:AlchemyBag","Hammer of Thor","Seething Fire","Anvil of the Gods","aspiration:Nostalgia","m_RuneBlood","vexMod:MemoryStick","Golden Idol","Mango","Akabeko","infinitespire:Broken Mirror","Bronze Scales","ClockworkSouvenir","Toy Ornithopter","potionbrewer:DrinkingBird","Matryoshka"],"acts_visited":["Exordium","TheCity"],"potions_floor_usage":[10,10,16,22,22,22,22],"damage_taken":[{"damage":0,"enemies":"Small Slimes","floor":1,"turns":2},{"damage":4,"enemies":"2 Louse","floor":4,"turns":4},{"damage":0,"enemies":"Cultist","floor":5,"turns":3},{"damage":25,"enemies":"3 Sentries","floor":6,"turns":9},{"damage":42,"enemies":"Gremlin Nob","floor":8,"turns":4},{"damage":1,"enemies":"Lagavulin","floor":10,"turns":6},{"damage":0,"enemies":"Looter","floor":12,"turns":1},{"damage":0,"enemies":"Blue Slaver","floor":13,"turns":1},{"damage":25,"enemies":"Hexaghost","floor":16,"turns":5},{"damage":12,"enemies":"conspire:FuzzyDice","floor":18,"turns":4},{"damage":13,"enemies":"Shell Parasite","floor":19,"turns":5},{"damage":16,"enemies":"conspire:HollyBat","floor":22,"turns":8},{"damage":30,"enemies":"conspire:Head Lice","floor":23,"turns":2}],"seed_played":"-3769263113389415032","potions_obtained":[{"floor":6,"key":"Dexterity Potion"},{"floor":8,"key":"Languid Potion"},{"floor":10,"key":"Venom Potion"},{"floor":16,"key":"SpeedPotion"}],"is_trial":false,"path_per_floor":["M","?","?","M","M","E","R","E","T","E","R","M","M","$","R","B",null,"M","M","?","$","M","E"],"character_chosen":"THE_GATHERER","items_purchased":["ClockworkSouvenir","Toy Ornithopter","potionbrewer:DrinkingBird","Matryoshka","Gatherer:RecoveryHerb+1","Gatherer:Overflowing"],"campfire_rested":1,"item_purchase_floors":[14,14,21,21,21,21],"current_hp_per_floor":[76,76,76,75,76,68,90,51,51,53,53,56,59,59,59,42,90,84,77,7,7,28,0,0,0],"gold":50,"neow_bonus":"NOSTALGIA","is_daily":false,"chose_seed":false,"campfire_upgraded":2,"win_rate":0.0,"timestamp":1609690914,"path_taken":["M","?","?","M","M","E","R","E","T","E","R","M","M","$","R","BOSS","M","M","?","?","M","E"],"items_purchased_type":["Relic","Relic","Relic","Relic","Card","Card"],"build_version":"2020-12-22","purchased_purges":0,"victory":false,"max_hp_per_floor":[76,76,76,76,76,90,90,90,90,90,90,90,90,90,90,90,90,93,96,96,96,96,96,96,96],"card_choices":[{"not_picked":["Gatherer:AcidicSpray","Gatherer:Frenzy"],"picked":"Gatherer:FruitForce","floor":1},{"not_picked":["Gatherer:Convert","Gatherer:DrugPower"],"picked":"Gatherer:EnergyBasket","floor":4},{"not_picked":["Bash","Gatherer:CarefulStrike"],"picked":"Gatherer:QuickSynthesis","floor":5},{"not_picked":["Gatherer:Bulldoze","Gatherer:SaveValuables"],"picked":"Gatherer:Misfortune","floor":6},{"not_picked":["Gatherer:FlowerFalling","Gatherer:FlowerBeam"],"picked":"Runesmith:Fortify","floor":8},{"not_picked":["Gatherer:BalancedGrowth","Gatherer:GatherMaterial"],"picked":"Gatherer:Misfortune","floor":10},{"not_picked":["Gatherer:TacticalStrike","Gatherer:PotentialSlash"],"picked":"Gatherer:ScherryThrow","floor":12},{"not_picked":["Gatherer:Uplift","Gatherer:DrugPower"],"picked":"Gatherer:RottenStipe","floor":13},{"not_picked":["Gatherer:BomberForm","Gatherer:LuckyClover"],"picked":"Gatherer:HeartToFruit","floor":16},{"not_picked":["Gatherer:ScentOfRosmari","Gatherer:CarefulStrike+1"],"picked":"Gatherer:ScherryThrow","floor":18},{"not_picked":["Gatherer:TreeGrowth","Gatherer:Herbalism"],"picked":"Gatherer:FeelingFine","floor":19},{"not_picked":["Gatherer:TacticalStrike","Gatherer:TreeGrowth","Gatherer:FlowerFalling"],"picked":"SKIP","floor":22}],"player_experience":3757642,"relics_obtained":[{"floor":6,"key":"Mango"},{"floor":8,"key":"Akabeko"},{"floor":9,"key":"infinitespire:Broken Mirror"},{"floor":10,"key":"Bronze Scales"}],"event_choices":[{"damage_healed":0,"gold_gain":0,"player_choice":"Box","damage_taken":0,"relics_obtained":["vexMod:MemoryStick"],"max_hp_gain":0,"max_hp_loss":0,"event_name":"Big Fish","floor":2,"gold_loss":0,"cards_obtained":["Regret"]},{"damage_healed":0,"gold_gain":0,"player_choice":"Take Wound","damage_taken":0,"relics_obtained":["Golden Idol"],"max_hp_gain":0,"max_hp_loss":0,"event_name":"Golden Idol","floor":3,"gold_loss":0,"cards_obtained":["Injury"]},{"damage_healed":0,"gold_gain":540,"player_choice":"POTION POTION GOLD GOLD GOLD GOLD GOLD GOLD ","damage_taken":70,"max_hp_gain":0,"max_hp_loss":0,"event_name":"Knowing Skull","floor":20,"potions_obtained":["Strength Potion","Flashbang"],"gold_loss":0,"cards_obtained":[]}],"is_beta":false,"boss_relics":[{"not_picked":[]}],"items_purged_floors":[],"is_endless":false,"potions_floor_spawned":[6,8,10,16],"killed_by":"conspire:Head Lice","ascension_level":3}}