{"host":"9inlmzyzdhcrisrs","time":1609642148,"event":{"mods":["AchievementEnabler","Ascension Reborn","BaseMod","BetterRewards","Colored Map","Colored Powertips","Conspire","Dota2Spire","Downfall","GungeonMod","Highlight Path","Infinite Spire","Luminous","Marisa£®ÏF”Í°°ƒß¿Ì…≥£©","Mimic Mod","Minty Spire (QoL Compilation)","MostiFishMod","Permanent Neow","Quick Restart","Rare Cards Sparkle","Remove Card Discount Mod","Replay The Spire","Shop Mod","Spicy Shops","StSLib","SuperFastMode","The Cursed","The Jungle","The Saiyan","The Servant 0.9.4","Transform Curses","Unceasing Turn Reminder"],"gold_per_floor":[118,118,135,153,201,236,236,236,236,236,4,17,35,54,54,162,162,198,198,222,222,27,54,69,89,89,89,105,120,136,161,161,267,267,290,315,333,333,350,350,350,350],"floor_reached":41,"playtime":2619,"items_purged":[],"score":473,"play_id":"2f14d48d-df93-4ec0-b1e1-48ff8fbb8ac4","local_time":"20210103104908","is_ascension_mode":true,"campfire_choices":[{"floor":7.0,"key":"RECALL"},{"data":"DemoMod:FinishedGun","floor":10.0,"key":"SMITH"},{"floor":27,"key":"REST"},{"floor":32,"key":"REST"},{"data":"Transmutation","floor":40,"key":"SMITH"}],"circlet_count":0,"master_deck":["DemoMod:Strike_Huntress","DemoMod:Strike_Huntress","DemoMod:Strike_Huntress","DemoMod:Defend_Huntress","DemoMod:Defend_Huntress","DemoMod:Defend_Huntress","DemoMod:Roll","DemoMod:ManualReload","DemoMod:RustySidearm+1","DemoMod:CrossBow","Good Instincts","DemoMod:AbyssalTentacle","DemoMod:JK47+1","DemoMod:PotionOfGunFriendShip","Iron Wave","DemoMod:Polaris","DemoMod:HungryBullets","DemoMod:TeaPot","DemoMod:TripleGun","DemoMod:DirectionalPad","DemoMod:FullFirepower","DemoMod:BattleInHaste+1","Replay:Bootleg Shield Generator","Transmutation+1","DemoMod:ShadowBullets+1","DemoMod:ZorGun","DemoMod:ShadowBullets","DemoMod:FinishedGun","DemoMod:StickyCrossBow","DemoMod:BoxingGlove+1","DemoMod:TripleGun+1","DemoMod:DarkMarker","CurseOfTheBell","DemoMod:SAA+1","DemoMod:StickyCrossBow","DemoMod:ChanceBullets+1","Madness","Madness","DemoMod:FinishedGun"],"relics":["DemoMod:Dog","DaveBox","SynthV:TestCard","NightmareShop","DemoMod:Metronome","DemoMod:PortableTableDevice","DemoMod:LamentConfigurum","RhineSuit","Counterbalance","Dota2Spire:PowerTreads","Frozen Egg 2","Calling Bell","Dota2Spire:BattleFury","ThornShield","Nunchaku"],"acts_visited":["Exordium","Exordium","TheBeyond"],"potions_floor_usage":[25,25,41,41],"damage_taken":[{"damage":0.0,"enemies":"Cultist","floor":1.0,"turns":3.0},{"damage":3.0,"enemies":"conspire:RoseBush","floor":3.0,"turns":4.0},{"damage":0.0,"enemies":"Small Slimes","floor":4.0,"turns":3.0},{"damage":0.0,"enemies":"Looter","floor":5.0,"turns":3.0},{"damage":22.0,"enemies":"3 Sentries","floor":6.0,"turns":6.0},{"damage":0.0,"enemies":"Large Slime","floor":12.0,"turns":3.0},{"damage":13.0,"enemies":"Red Slaver","floor":13.0,"turns":3.0},{"damage":0.0,"enemies":"Gremlin Gang","floor":14.0,"turns":2.0},{"damage":45,"enemies":"The Guardian","floor":16,"turns":7},{"damage":29,"enemies":"theJungle:5_Spyders","floor":18,"turns":8},{"damage":7,"enemies":"theJungle:Flameango_and_Byrd","floor":20,"turns":3},{"damage":0,"enemies":"theJungle:Cassacara","floor":23,"turns":3},{"damage":16,"enemies":"theJungle:2_Flameangoes","floor":24,"turns":3},{"damage":0,"enemies":"theJungle:2_Snecko_Cultists","floor":25,"turns":2},{"damage":2,"enemies":"theJungle:SlimyTreeVines","floor":28,"turns":3},{"damage":0,"enemies":"theJungle:JungleHuntersEncounter","floor":29,"turns":4},{"damage":1,"enemies":"theJungle:Snecko_Cultist_And_Trap","floor":30,"turns":3},{"damage":1,"enemies":"theJungle:2_Flameangoes","floor":31,"turns":3},{"damage":2,"enemies":"theJungle:QueenSpyder","floor":33,"turns":9},{"damage":0,"enemies":"Orb Walker","floor":35,"turns":1},{"damage":0,"enemies":"3 Darklings","floor":36,"turns":2},{"damage":0,"enemies":"Jaw Worm Horde","floor":37,"turns":1},{"damage":6,"enemies":"Writhing Mass","floor":39,"turns":3},{"damage":62,"enemies":"Nightmare","floor":41,"turns":4}],"seed_played":"6875524092067233700","potions_obtained":[{"floor":1.0,"key":"AttackPotion"},{"floor":4.0,"key":"Dota2Spire:HealingSalve"},{"floor":5.0,"key":"Weak Potion"},{"floor":6.0,"key":"Dota2Spire:HealingSalve"},{"floor":13.0,"key":"Ancient Potion"},{"floor":28,"key":"Strength Potion"},{"floor":30,"key":"Adrenaline Potion"},{"floor":37,"key":"Fire Potion"}],"is_trial":false,"path_per_floor":["M","?","M","M","M","E","R","?","T","R","$","M","M","M","R_BF","B",null,"M","?","M","?","$","E","M","M","T","R","M","M","M","M","R","B",null,"M","M","M","?","M","R","NM"],"character_chosen":"HUNTRESS","items_purchased":["DemoMod:PortableTableDevice","DemoMod:Polaris","Transmutation"],"campfire_rested":2,"item_purchase_floors":[11,11,22],"current_hp_per_floor":[70,70,67,67,67,48,48,48,48,48,48,48,35,35,56,11,70,41,50,43,43,43,43,27,30,30,51,49,49,48,47,68,66,70,70,70,70,61,55,55,0,0],"gold":350,"neow_bonus":"RANDOM_COLORLESS","is_daily":false,"chose_seed":false,"campfire_upgraded":2,"win_rate":0.0,"timestamp":1609642148,"path_taken":["M","?","M","M","M","E","R","?","T","R","$","M","M","M","R_BF","BOSS","M","?","M","?","$","E","?","M","T","R","M","M","M","M","R","BOSS","M","M","M","?","M","R","NM"],"items_purchased_type":["Relic","Card","Card"],"build_version":"2020-12-22","purchased_purges":0,"victory":false,"max_hp_per_floor":[70,70,70,70,70,70,70,70,70,70,70,70,70,70,70,70,70,70,70,70,70,70,70,70,70,70,70,70,70,70,70,70,70,70,70,70,70,70,70,70,70,70],"card_choices":[{"not_picked":["expansioncontent:ManipulateTime","Survey Options"],"picked":"Good Instincts","floor":0.0},{"not_picked":["DemoMod:HuntsMan","DemoMod:MachoBrace"],"picked":"DemoMod:AbyssalTentacle","floor":1.0},{"not_picked":["DemoMod:Unmoved","DemoMod:HuntsMan","DemoMod:SAA","DemoMod:TeaPot"],"picked":"DemoMod:JK47","floor":3.0},{"not_picked":["DemoMod:CursedBullets","DemoMod:DoubleVision","DemoMod:GunstockTap","DemoMod:ProbeStrike"],"picked":"DemoMod:Purify","floor":4.0},{"not_picked":["DemoMod:EasyReloadBullets","DemoMod:Ejector","DemoMod:ShadowBullets","DemoMod:ConditionalReflex"],"picked":"DemoMod:PotionOfGunFriendShip","floor":5.0},{"not_picked":["DemoMod:PracticeMakesPerfect","DemoMod:HardPowerCard","DemoMod:Unity","DemoMod:SniperShot"],"picked":"DemoMod:FinishedGun","floor":6.0},{"not_picked":["DemoMod:GunShield","DemoMod:FastSwitch","DemoMod:SniperShot","DemoMod:AC15"],"picked":"DemoMod:HungryBullets","floor":12.0},{"not_picked":["DemoMod:MachoBrace","DemoMod:FeignSurrender","DemoMod:Unmoved","DemoMod:ConditionalReflex"],"picked":"DemoMod:TeaPot","floor":13.0},{"not_picked":["DemoMod:GunstockTap","DemoMod:SkilledReload","DemoMod:MegaHand","DemoMod:EasyReloadBullets"],"picked":"DemoMod:TripleGun","floor":14.0},{"not_picked":["DemoMod:DoubleSwitch","DemoMod:MachoBrace","DemoMod:HungryBullets","DemoMod:FastSwitch"],"picked":"DemoMod:DirectionalPad","floor":14.0},{"not_picked":["DemoMod:BalloonGun","DemoMod:FightSabre","DemoMod:Desperate","DemoMod:DoubleVision"],"picked":"DemoMod:FullFirepower","floor":16},{"not_picked":["DemoMod:GunShield","DemoMod:ZorGun","DemoMod:SkilledReload","DemoMod:LifeOrb"],"picked":"DemoMod:BattleInHaste+1","floor":18},{"not_picked":["DemoMod:TableSutra+1","DemoMod:ConditionalReflex","DemoMod:DirectionalPad","DemoMod:HardPowerCard","DemoMod:MachoBrace"],"picked":"SKIP","floor":20},{"not_picked":["DemoMod:StickyCrossBow","DemoMod:JK47+1","DemoMod:BalloonGun","DemoMod:MegaHand"],"picked":"DemoMod:ShadowBullets+1","floor":23},{"not_picked":["DemoMod:SniperShot","DemoMod:HardPowerCard+1","DemoMod:LifeOrb","DemoMod:Ejector"],"picked":"DemoMod:ZorGun","floor":24},{"not_picked":["DemoMod:BoxingGlove","DemoMod:BattleInHaste","DemoMod:HardPowerCard+1","DemoMod:SAA"],"picked":"DemoMod:ShadowBullets","floor":24},{"not_picked":["DemoMod:HuntsMan","DemoMod:PotionOfGunFriendShip","DemoMod:SAA","DemoMod:JK47+1"],"picked":"DemoMod:FinishedGun","floor":25},{"not_picked":["DemoMod:ConditionalReflex","DemoMod:AC15","DemoMod:RadGun","DemoMod:GunstockTap"],"picked":"DemoMod:StickyCrossBow","floor":28},{"not_picked":["DemoMod:GunShield+1","DemoMod:SAA+1","DemoMod:BattleInHaste","DemoMod:LifeOrb"],"picked":"DemoMod:BoxingGlove+1","floor":29},{"not_picked":["DemoMod:PotionOfGunFriendShip","DemoMod:BoxingGlove","DemoMod:SAA","DemoMod:ProbeStrike"],"picked":"DemoMod:TripleGun+1","floor":30},{"not_picked":["DemoMod:Ejector+1","DemoMod:GunShield","DemoMod:StickyCrossBow","DemoMod:HuntsMan","DemoMod:HardPowerCard"],"picked":"SKIP","floor":31},{"not_picked":["DemoMod:BalloonGun","DemoMod:BlankBullets+1","DemoMod:FinishedGun","DemoMod:BulletBore"],"picked":"DemoMod:DarkMarker","floor":33},{"not_picked":["DemoMod:BoxingGlove+1","DemoMod:DoubleSwitch","DemoMod:MachoBrace","DemoMod:Unmoved"],"picked":"DemoMod:SAA+1","floor":35},{"not_picked":["DemoMod:FastSwitch","DemoMod:BoxingGlove","DemoMod:ConditionalReflex+1","DemoMod:HuntsMan+1"],"picked":"DemoMod:StickyCrossBow","floor":36},{"not_picked":["DemoMod:Ejector","DemoMod:TripleGun+1","DemoMod:GunShield","DemoMod:MegaHand"],"picked":"DemoMod:ChanceBullets+1","floor":37},{"not_picked":["DemoMod:AC15+1","DemoMod:PracticeMakesPerfect+1","DemoMod:GunstockTap","DemoMod:DirectionalPad+1"],"picked":"DemoMod:FinishedGun","floor":39}],"player_experience":30734,"relics_obtained":[{"floor":1.0,"key":"SynthV:TestCard"},{"floor":6.0,"key":"DemoMod:Metronome"},{"floor":16,"key":"DemoMod:LamentConfigurum"},{"floor":23,"key":"Dota2Spire:PowerTreads"},{"floor":26,"key":"Frozen Egg 2"},{"floor":34,"key":"Dota2Spire:BattleFury"},{"floor":34,"key":"ThornShield"},{"floor":34,"key":"Nunchaku"}],"event_choices":[{"damage_healed":0.0,"max_hp_gain":0.0,"max_hp_loss":0.0,"gold_gain":0.0,"event_name":"Living Wall","player_choice":"Grow","floor":2.0,"gold_loss":0.0,"damage_taken":0.0,"cards_upgraded":["DemoMod:RustySidearm"]},{"cards_removed":["DemoMod:Defend_Huntress"],"damage_healed":0.0,"max_hp_gain":0.0,"max_hp_loss":0.0,"gold_gain":0.0,"event_name":"NoteForYourself","player_choice":"Took Card","floor":8.0,"gold_loss":0.0,"damage_taken":0.0,"cards_obtained":["Iron Wave"]},{"damage_healed":0,"gold_gain":0,"player_choice":"1 cards matched","damage_taken":0,"max_hp_gain":0,"max_hp_loss":0,"event_name":"Match and Keep!","floor":21,"gold_loss":0,"cards_obtained":["Replay:Bootleg Shield Generator"]},{"damage_healed":0,"gold_gain":0,"player_choice":"Embrace Madness","damage_taken":9,"max_hp_gain":0,"max_hp_loss":0,"event_name":"Winding Halls","floor":38,"gold_loss":0,"cards_obtained":["Madness","Madness"]}],"is_beta":false,"boss_relics":[{"not_picked":["Kintsugi","conspire:SpecialSausage"],"picked":"RhineSuit"},{"not_picked":["conspire:RunicOctahedron","DemoMod:Test1"],"picked":"Calling Bell"}],"items_purged_floors":[],"is_endless":false,"potions_floor_spawned":[1,4,5,6,13,20,20,24,28,30,33,37,39],"killed_by":"Nightmare","ascension_level":0}}