{"host":"p4yrwepmrl4g8pul","time":1609648285,"event":{"mods":["Act Like it!","BaseMod","BetterRewards","Colored Map","Custom Start","Gensokyo","Marisa£®ÏF”Í°°ƒß¿Ì…≥£©","Minty Spire (QoL Compilation)","Quick Restart","Rare Cards Sparkle","Reimu£®≤©¿ˆ¡È√Œ£©","Remilia£®¿Ÿ√◊¿Ú—«£©","Shop Mod","StSLib","The Jungle"],"gold_per_floor":[114,132,132,146,146,146,177,188,270,304,304,304,321,339,339,441,441,458,458,84,95,112,112,137,166,246,272,285,285,385,416,416,515,515,532,551,551,551,501,529,529,529,529],"floor_reached":42,"playtime":1672,"items_purged":["Wrath_TH"],"score":803,"play_id":"5ae77d12-657c-4236-bcd0-85458f02b10b","local_time":"20210103123125","daily_mods":["Insanity","Green Cards","Elite Swarm"],"is_ascension_mode":true,"campfire_choices":[{"data":"Armaments","floor":6.0,"key":"SMITH"},{"floor":11.0,"key":"DIG"},{"data":"Armaments","floor":15.0,"key":"SMITH"},{"floor":23.0,"key":"DIG"},{"floor":32.0,"key":"DIG"},{"floor":41,"key":"REST"}],"circlet_count":0,"master_deck":["Underhanded Strike","Fire Breathing","Flying Knee","Prepared","Quick Slash","Backflip","Cleave","True Grit","Wild Strike","Sword Boomerang","Shrug It Off","Cloak And Dagger","Outmaneuver","Clash","Carnage","Shrug It Off","Skewer","Uppercut","Dash","Rage","Expertise","Carnage","Headbutt","Carnage","Heel Hook","Poisoned Stab","Headbutt","Shockwave","Deadly Poison","Thunderclap","Heavy Blade","Wild Strike","Setup","Bane","Quick Slash","Sword Boomerang","Clothesline","Flying Knee","Expertise","Anger","Deadly Poison","True Grit","Flying Knee","Prepared","Armaments+1","Underhanded Strike","Clash","Searing Blow","Deflect","Escape Plan","Armaments+1","CurseOfTheBell","Clothesline+1","Mind Blast","Havoc+1","Setup+1","Berserk","Impervious","EndlessPower","Demon Form","Armaments+1","Madness","Madness","Impervious"],"relics":["Burning Blood","Shovel","HornCleat","Vajra","Self Forming Clay","Calling Bell","Orichalcum","Matryoshka","Champion Belt","Ancient Tea Set","ClockworkSouvenir","White Beast Statue","Red Mask","Tiny Chest","Smiling Mask","Bottled Tornado","Toy Ornithopter","Bird Faced Urn","Bottled Flame","Blue Candle","Philosopher\u0027s Stone","Potion Belt","InkBottle","Magic Flower"],"acts_visited":["Exordium","TheCity","TheBeyond"],"potions_floor_usage":[40,40],"damage_taken":[{"damage":0.0,"enemies":"Cultist","floor":1.0,"turns":2.0},{"damage":0.0,"enemies":"Small Slimes","floor":2.0,"turns":2.0},{"damage":10.0,"enemies":"2 Louse","floor":4.0,"turns":2.0},{"damage":16.0,"enemies":"Gremlin Nob","floor":7.0,"turns":5.0},{"damage":11.0,"enemies":"Blue Slaver","floor":8.0,"turns":3.0},{"damage":20.0,"enemies":"3 Sentries","floor":10.0,"turns":5.0},{"damage":7.0,"enemies":"Looter","floor":13.0,"turns":2.0},{"damage":0.0,"enemies":"2 Fungi Beasts","floor":14.0,"turns":3.0},{"damage":21.0,"enemies":"The Guardian","floor":16.0,"turns":8.0},{"damage":2.0,"enemies":"Chosen","floor":18.0,"turns":3.0},{"damage":0.0,"enemies":"Spheric Guardian","floor":21.0,"turns":1.0},{"damage":10.0,"enemies":"Shelled Parasite and Fungi","floor":22.0,"turns":4.0},{"damage":2.0,"enemies":"Masked Bandits","floor":24.0,"turns":3.0},{"damage":13.0,"enemies":"Slavers","floor":25.0,"turns":4.0},{"damage":16.0,"enemies":"Book of Stabbing","floor":27.0,"turns":4.0},{"damage":1.0,"enemies":"Cultist and Chosen","floor":28.0,"turns":4.0},{"damage":0.0,"enemies":"Colosseum Slavers","floor":30.0,"turns":2.0},{"damage":1.0,"enemies":"Colosseum Nobs","floor":30.0,"turns":4.0},{"damage":0.0,"enemies":"Slavers","floor":31.0,"turns":3.0},{"damage":87.0,"enemies":"Collector","floor":33.0,"turns":9.0},{"damage":19.0,"enemies":"3 Shapes","floor":35.0,"turns":4.0},{"damage":35.0,"enemies":"3 Darklings","floor":36.0,"turns":5.0},{"damage":13,"enemies":"Nemesis","floor":40,"turns":3},{"damage":62,"enemies":"Giant Head","floor":42,"turns":7}],"seed_played":"1363085520072751331","potions_obtained":[{"floor":2.0,"key":"SteroidPotion"},{"floor":7.0,"key":"Weak Potion"},{"floor":8.0,"key":"BloodPotion"},{"floor":14.0,"key":"DuplicationPotion"},{"floor":24.0,"key":"BlessingOfTheForge"},{"floor":25.0,"key":"ZuzhouPotion:ReiMu"},{"floor":27.0,"key":"EssenceOfSteel"},{"floor":28.0,"key":"PowerPotion"},{"floor":30.0,"key":"LiquidMemories"},{"floor":31.0,"key":"BlessingOfTheForge"},{"floor":33.0,"key":"Explosive Potion"},{"floor":35.0,"key":"SpeedPotion"},{"floor":36.0,"key":"FearPotion"},{"floor":40,"key":"Dexterity Potion"}],"is_trial":true,"path_per_floor":["M","M","$","M","?","R","E","M","T","E","R","?","M","M","R","B",null,"M","?","$","M","M","R","?","E","T","E","M","?","?","E","R","B",null,"M","M","?","T","$","E","R","E"],"character_chosen":"IRONCLAD","items_purchased":["Mind Blast","Ancient Tea Set","ClockworkSouvenir"],"campfire_rested":1,"item_purchase_floors":[20,20,20],"current_hp_per_floor":[78,80,80,76,76,76,66,61,61,47,47,47,46,52,52,37,69,73,73,73,79,75,75,79,72,72,62,67,67,80,80,80,22,66,55,33,23,23,23,28,52,0,0],"gold":529,"neow_bonus":"","is_daily":false,"chose_seed":false,"campfire_upgraded":2,"win_rate":0.0,"timestamp":1609648285,"path_taken":["M","M","$","M","?","R","E","?","T","E","R","?","?","M","R","BOSS","M","?","$","M","M","R","?","E","T","E","M","?","?","E","R","BOSS","M","M","?","?","$","E","R","E"],"items_purchased_type":["Card","Relic","Relic"],"build_version":"2020-12-22","purchased_purges":1,"victory":false,"max_hp_per_floor":[80,80,80,80,80,80,80,80,80,80,80,80,80,80,80,80,80,80,80,80,80,80,80,80,80,80,80,80,80,80,80,80,80,80,80,80,80,80,80,80,80,80,80],"card_choices":[{"not_picked":["Sucker Punch","Distraction"],"picked":"Deflect","floor":1.0},{"not_picked":["Inflame","Deflect","Leg Sweep"],"picked":"SKIP","floor":2.0},{"not_picked":["Underhanded Strike","Quick Slash","Barricade"],"picked":"SKIP","floor":4.0},{"not_picked":["Die Die Die","Wraith Form v2","Tools of the Trade"],"picked":"SKIP","floor":7.0},{"not_picked":["Pummel","Distraction","Bane"],"picked":"SKIP","floor":8.0},{"not_picked":["Limit Break","A Thousand Cuts","Phantasmal Killer"],"picked":"SKIP","floor":10.0},{"not_picked":["Shrug It Off","Slice"],"picked":"Armaments","floor":13.0},{"not_picked":["Reckless Charge","Bouncing Flask","Poisoned Stab"],"picked":"SKIP","floor":14.0},{"not_picked":["Underhanded Strike+1","Deadly Poison"],"picked":"Clothesline+1","floor":18.0},{"not_picked":["Clothesline","Shrug It Off"],"picked":"Havoc+1","floor":21.0},{"not_picked":["Pommel Strike","PiercingWail","Twin Strike"],"picked":"SKIP","floor":22.0},{"not_picked":["Anger","Reflex"],"picked":"Setup+1","floor":24.0},{"not_picked":["Exhume","Berserk","Feed"],"picked":"SKIP","floor":25.0},{"not_picked":["Exhume","Feed"],"picked":"Berserk","floor":25.0},{"not_picked":["Juggernaut","Phantasmal Killer"],"picked":"Impervious","floor":27.0},{"not_picked":["Sword Boomerang+1","Sucker Punch","Poisoned Stab"],"picked":"SKIP","floor":28.0},{"not_picked":["Die Die Die","Double Tap","Phantasmal Killer"],"picked":"SKIP","floor":31.0},{"not_picked":["Limit Break","Feed"],"picked":"Demon Form","floor":33.0},{"not_picked":["Searing Blow","Infinite Blades+1","Sword Boomerang"],"picked":"SKIP","floor":35.0},{"not_picked":["Terror","Quick Slash"],"picked":"Armaments+1","floor":36.0},{"not_picked":["Unload","Corruption"],"picked":"Impervious","floor":40}],"player_experience":770118,"relics_obtained":[{"floor":7.0,"key":"Shovel"},{"floor":9.0,"key":"HornCleat"},{"floor":10.0,"key":"Vajra"},{"floor":11.0,"key":"Self Forming Clay"},{"floor":17.0,"key":"Orichalcum"},{"floor":17.0,"key":"Matryoshka"},{"floor":17.0,"key":"Champion Belt"},{"floor":23.0,"key":"White Beast Statue"},{"floor":24.0,"key":"Red Mask"},{"floor":25.0,"key":"Tiny Chest"},{"floor":26.0,"key":"Smiling Mask"},{"floor":26.0,"key":"Bottled Tornado"},{"floor":27.0,"key":"Toy Ornithopter"},{"floor":30.0,"key":"Bird Faced Urn"},{"floor":30.0,"key":"Bottled Flame"},{"floor":32.0,"key":"Blue Candle"},{"floor":38.0,"key":"Potion Belt"},{"floor":38.0,"key":"InkBottle"},{"floor":40,"key":"Magic Flower"}],"event_choices":[{"cards_removed":["Reflex"],"damage_healed":0.0,"max_hp_gain":0.0,"max_hp_loss":0.0,"gold_gain":0.0,"event_name":"Purifier","player_choice":"Purged","floor":5.0,"gold_loss":0.0,"damage_taken":0.0},{"damage_healed":0.0,"max_hp_gain":0.0,"max_hp_loss":0.0,"gold_gain":0.0,"cards_transformed":["Searing Blow"],"event_name":"Transmorgrifier","player_choice":"Transformed","floor":12.0,"gold_loss":0.0,"damage_taken":0.0,"cards_obtained":["Escape Plan"]},{"damage_healed":0.0,"max_hp_gain":0.0,"max_hp_loss":0.0,"gold_gain":0.0,"event_name":"Vampires","player_choice":"Ignored","floor":19.0,"gold_loss":0.0,"damage_taken":0.0},{"damage_healed":0.0,"max_hp_gain":0.0,"max_hp_loss":0.0,"gold_gain":0.0,"event_name":"Masked Bandits","player_choice":"Fought Bandits","floor":24.0,"gold_loss":0.0,"damage_taken":0.0},{"damage_healed":0.0,"max_hp_gain":0.0,"max_hp_loss":0.0,"gold_gain":0.0,"event_name":"Colosseum","player_choice":"Fight","floor":30.0,"gold_loss":0.0,"damage_taken":0.0},{"damage_healed":0.0,"max_hp_gain":0.0,"max_hp_loss":0.0,"gold_gain":0.0,"event_name":"Colosseum","player_choice":"Fought Nobs","floor":30.0,"gold_loss":0.0,"damage_taken":0.0},{"damage_healed":0.0,"max_hp_gain":0.0,"max_hp_loss":0.0,"gold_gain":0.0,"event_name":"Winding Halls","player_choice":"Embrace Madness","floor":37.0,"gold_loss":0.0,"damage_taken":10.0,"cards_obtained":["Madness","Madness"]}],"is_beta":false,"boss_relics":[{"not_picked":["Coffee Dripper","Busted Crown"],"picked":"Calling Bell"},{"not_picked":["Snecko Eye","Runic Pyramid"],"picked":"Philosopher\u0027s Stone"}],"items_purged_floors":[39],"is_endless":false,"potions_floor_spawned":[2,7,8,14,16,24,25,27,28,30,30,31,33,35,36,40],"killed_by":"Giant Head","ascension_level":9}}