{"host":"8i4doyxqctgl5qb0","time":1609708173,"event":{"mods":["AchievementEnabler","BaseMod","Block Reminder","Colored Powertips","Downfall","Marisa£®ÏF”Í°°ƒß¿Ì…≥£©","Minty Spire (QoL Compilation)","Permanent Neow","Potion Indicator Mod","Rare Cards Sparkle","StSLib","SuperFastMode"],"gold_per_floor":[112,128,147,147,147,157,157,157,212,212,32,32,52,71,71,195,195,208,226,264,283,68,68,93,93,93,93,116,116,70,70,70,190,190,208,208,208,224,242,242,277,277,277,41,41,59,80,124,124,124,124],"floor_reached":50,"playtime":1921,"items_purged":["Regret"],"score":700,"play_id":"b28e22a0-bc13-4e5d-b323-7d54b3e7f14b","local_time":"20210104050933","is_ascension_mode":true,"campfire_choices":[{"data":"Conserve Battery","floor":7.0,"key":"SMITH"},{"data":"Zap","floor":10.0,"key":"SMITH"},{"floor":15.0,"key":"REST"},{"floor":23.0,"key":"REST"},{"data":"Loop","floor":27.0,"key":"SMITH"},{"data":"Amplify","floor":32.0,"key":"SMITH"},{"data":"expansioncontent:QuickStudy","floor":40.0,"key":"SMITH"},{"floor":42.0,"key":"REST"},{"data":"Buffer","floor":45.0,"key":"SMITH"},{"floor":49.0,"key":"REST"}],"circlet_count":0,"master_deck":["Strike_B","Strike_B","Strike_B","Strike_B","Defend_B","Defend_B","Defend_B","Defend_B","Zap+1","Dualcast","Static Discharge+1","Coolheaded","Consume","Conserve Battery+1","Storm","Chaos","Injury","Ball Lightning","Machine Learning","Amplify+1","CurseOfTheBell","Loop+1","Self Repair","Sweeping Beam+1","Steam","Force Field","Core Surge","Turbo+1","Redo","Streamline","Buffer+1","Turbo","expansioncontent:Chronoboost","expansioncontent:QuickStudy+1","Steam","Conserve Battery+1","Blizzard+1","expansioncontent:DashGenerateEvil+1","Heatsinks","Barrage+1","Auto Shields","Creative AI"],"relics":["FrozenCore","Mercury Hourglass","Happy Flower","Centennial Puzzle","Golden Idol","Calling Bell","Regal Pillow","Shuriken","TungstenRod","Red Mask","Bottled Tornado","InkBottle","Gremlin Horn","Molten Egg 2","Nunchaku"],"acts_visited":["Exordium","TheCity","TheBeyond"],"potions_floor_usage":[50],"damage_taken":[{"damage":1.0,"enemies":"Cultist","floor":1.0,"turns":3.0},{"damage":0.0,"enemies":"Small Slimes","floor":2.0,"turns":3.0},{"damage":9.0,"enemies":"Jaw Worm","floor":3.0,"turns":4.0},{"damage":13.0,"enemies":"Exordium Wildlife","floor":6.0,"turns":3.0},{"damage":1.0,"enemies":"2 Fungi Beasts","floor":13.0,"turns":3.0},{"damage":6.0,"enemies":"Looter","floor":14.0,"turns":2.0},{"damage":0.0,"enemies":"Slime Boss","floor":16.0,"turns":7.0},{"damage":10.0,"enemies":"Spheric Guardian","floor":18.0,"turns":3.0},{"damage":25.0,"enemies":"2 Thieves","floor":19.0,"turns":3.0},{"damage":23.0,"enemies":"Masked Bandits","floor":20.0,"turns":2.0},{"damage":22.0,"enemies":"Cultist and Chosen","floor":21.0,"turns":5.0},{"damage":15.0,"enemies":"Centurion and Healer","floor":24.0,"turns":8.0},{"damage":15.0,"enemies":"Snake Plant","floor":28.0,"turns":4.0},{"damage":56.0,"enemies":"Automaton","floor":33.0,"turns":7.0},{"damage":25.0,"enemies":"3 Shapes","floor":35.0,"turns":5.0},{"damage":8.0,"enemies":"Orb Walker","floor":38.0,"turns":5.0},{"damage":14.0,"enemies":"Transient","floor":39.0,"turns":5.0},{"damage":37.0,"enemies":"Reptomancer","floor":41.0,"turns":8.0},{"damage":3.0,"enemies":"3 Darklings","floor":46.0,"turns":7.0},{"damage":5.0,"enemies":"Writhing Mass","floor":47.0,"turns":8.0},{"damage":15.0,"enemies":"Nemesis","floor":48.0,"turns":7.0},{"damage":82,"enemies":"Awakened One","floor":50,"turns":6}],"seed_played":"8767766424753150704","potions_obtained":[{"floor":1.0,"key":"Fire Potion"},{"floor":2.0,"key":"Fire Potion"},{"floor":6.0,"key":"AttackPotion"},{"floor":13.0,"key":"PowerPotion"},{"floor":19.0,"key":"BlessingOfTheForge"},{"floor":21.0,"key":"ColorlessPotion"},{"floor":28.0,"key":"EssenceOfDarkness"},{"floor":37.0,"key":"DuplicationPotion"},{"floor":37.0,"key":"Fire Potion"},{"floor":37.0,"key":"EssenceOfDarkness"},{"floor":39.0,"key":"SmokeBomb"},{"floor":47.0,"key":"SteroidPotion"}],"is_trial":false,"path_per_floor":["M","M","M","?","?","M","R","T","T","R","$","?","M","M","R","B",null,"M","M","?","M","$","R","M","?","T","R","M","?","$","T","R","B",null,"M","?","?","M","M","R","E","R","T","$","R","M","M","E","R","B"],"character_chosen":"DEFECT","items_purchased":["Storm","Chaos","Force Field","Core Surge","Streamline","expansioncontent:DashGenerateEvil+1","Heatsinks"],"campfire_rested":4,"item_purchase_floors":[11,11,22,22,30,44,44],"current_hp_per_floor":[81,81,72,72,72,59,59,59,59,59,59,59,58,52,76,76,82,72,47,24,9,9,48,40,67,67,67,66,66,66,66,66,10,82,64,60,60,59,52,52,22,61,61,61,61,65,60,45,82,0,0],"gold":124,"neow_bonus":"TEN_PERCENT_HP_BONUS","is_daily":false,"chose_seed":false,"campfire_upgraded":6,"win_rate":0.0,"timestamp":1609708173,"path_taken":["M","?","M","?","?","?","R","?","T","R","?","?","M","M","R","BOSS","M","M","?","M","$","R","M","?","T","R","M","?","?","?","R","BOSS","M","?","?","M","M","R","E","R","T","$","R","M","?","E","R","BOSS"],"items_purchased_type":["Card","Card","Card","Card","Card","Card","Card"],"build_version":"2020-12-22","purchased_purges":1,"victory":false,"max_hp_per_floor":[82,82,82,82,82,82,82,82,82,82,82,82,82,82,82,82,82,82,82,82,82,82,82,82,82,82,82,82,82,82,82,82,82,82,82,82,82,82,82,82,82,82,82,82,82,82,82,82,82,82,82],"card_choices":[{"not_picked":["Rebound","Skim"],"picked":"Static Discharge","floor":1.0},{"not_picked":["Reprogram","Go for the Eyes"],"picked":"Coolheaded","floor":2.0},{"not_picked":["Aggregate","Go for the Eyes"],"picked":"Consume","floor":3.0},{"not_picked":["Barrage","Loop"],"picked":"Conserve Battery","floor":6.0},{"not_picked":["Cold Snap","Steam Power"],"picked":"Ball Lightning","floor":13.0},{"not_picked":["Sweeping Beam","Reprogram"],"picked":"Machine Learning","floor":14.0},{"not_picked":["Rainbow","Biased Cognition"],"picked":"Amplify","floor":16.0},{"not_picked":["Scrape","Glacier"],"picked":"Loop","floor":18.0},{"not_picked":["Gash","FTL"],"picked":"Self Repair","floor":19.0},{"not_picked":["Tempest","Rebound"],"picked":"Sweeping Beam+1","floor":20.0},{"not_picked":["Cold Snap+1","Glacier"],"picked":"Steam","floor":21.0},{"not_picked":["Rebound","Self Repair"],"picked":"Turbo+1","floor":24.0},{"not_picked":["Glacier","Aggregate"],"picked":"Redo","floor":28.0},{"not_picked":["Seek","Fission"],"picked":"Buffer","floor":33.0},{"not_picked":["Rebound","Beam Cell"],"picked":"Turbo","floor":35.0},{"not_picked":["Good Instincts","expansioncontent:SlimeTackle"],"picked":"expansioncontent:Chronoboost","floor":36.0},{"not_picked":["expansioncontent:Flail","Jack Of All Trades"],"picked":"expansioncontent:QuickStudy","floor":36.0},{"not_picked":["Hologram+1","Rebound"],"picked":"Steam","floor":38.0},{"not_picked":["Leap","Recycle+1"],"picked":"Conserve Battery+1","floor":39.0},{"not_picked":["Beam Cell+1","Seek"],"picked":"Blizzard+1","floor":41.0},{"not_picked":["Chill","Compile Driver+1"],"picked":"Barrage+1","floor":46.0},{"not_picked":["Steam Power","Steam+1"],"picked":"Auto Shields","floor":47.0},{"not_picked":["Heatsinks","Beam Cell+1"],"picked":"Creative AI","floor":48.0}],"player_experience":50653,"relics_obtained":[{"floor":8.0,"key":"Happy Flower"},{"floor":9.0,"key":"Centennial Puzzle"},{"floor":17.0,"key":"Regal Pillow"},{"floor":17.0,"key":"Shuriken"},{"floor":17.0,"key":"TungstenRod"},{"floor":20.0,"key":"Red Mask"},{"floor":26.0,"key":"Bottled Tornado"},{"floor":31.0,"key":"InkBottle"},{"floor":41.0,"key":"Gremlin Horn"},{"floor":43.0,"key":"Molten Egg 2"},{"floor":48.0,"key":"Nunchaku"}],"event_choices":[{"damage_healed":0.0,"max_hp_gain":0.0,"max_hp_loss":0.0,"gold_gain":0.0,"event_name":"Big Fish","player_choice":"Box","floor":4.0,"gold_loss":0.0,"damage_taken":0.0,"relics_obtained":["Mercury Hourglass"],"cards_obtained":["Regret"]},{"damage_healed":0.0,"max_hp_gain":0.0,"max_hp_loss":0.0,"gold_gain":0.0,"event_name":"Upgrade Shrine","player_choice":"Upgraded","floor":5.0,"gold_loss":0.0,"damage_taken":0.0,"cards_upgraded":["Static Discharge"]},{"damage_healed":0.0,"max_hp_gain":0.0,"max_hp_loss":0.0,"gold_gain":0.0,"event_name":"Golden Idol","player_choice":"Take Wound","floor":12.0,"gold_loss":0.0,"damage_taken":0.0,"relics_obtained":["Golden Idol"],"cards_obtained":["Injury"]},{"damage_healed":0.0,"max_hp_gain":0.0,"max_hp_loss":0.0,"gold_gain":0.0,"event_name":"Masked Bandits","player_choice":"Fought Bandits","floor":20.0,"gold_loss":0.0,"damage_taken":0.0},{"damage_healed":27.0,"max_hp_gain":0.0,"max_hp_loss":0.0,"gold_gain":0.0,"event_name":"The Library","player_choice":"Heal","floor":25.0,"gold_loss":0.0,"damage_taken":0.0},{"damage_healed":0.0,"max_hp_gain":0.0,"max_hp_loss":0.0,"gold_gain":0.0,"event_name":"SensoryStone","player_choice":"Memory 2","floor":36.0,"gold_loss":0.0,"damage_taken":5.0},{"damage_healed":0.0,"max_hp_gain":0.0,"max_hp_loss":0.0,"gold_gain":0.0,"event_name":"Lab","player_choice":"Got Potions","floor":37.0,"gold_loss":0.0,"damage_taken":0.0}],"is_beta":false,"boss_relics":[{"not_picked":["Fusion Hammer","SlaversCollar"],"picked":"Calling Bell"},{"not_picked":["Runic Dome","SacredBark"],"picked":"FrozenCore"}],"items_purged_floors":[11],"is_endless":false,"potions_floor_spawned":[1,2,6,13,19,21,28,39,47],"killed_by":"Awakened One","ascension_level":4}}