{"host":"9ndbo4kgsfoemf7y","time":1609655187,"event":{"mods":["AchievementEnabler","BaseMod","Colored Map","DeckTracker","Keyboard Shortcuts","Minty Spire (QoL Compilation)","Permanent Neow","Quick Restart","Relic Stats","StSLib","SuperFastMode"],"gold_per_floor":[117,133,150,162,162,162,162],"floor_reached":6,"playtime":243,"items_purged":[],"score":76,"play_id":"b92e6cc3-3565-467c-930e-58e9930aa170","local_time":"20210103152627","is_ascension_mode":true,"campfire_choices":[],"circlet_count":0,"master_deck":["AscendersBane","Strike_R","Strike_R","Defend_R","Defend_R","Defend_R","Defend_R","Bash","Uppercut","Second Wind","Perfected Strike","Shockwave","Cleave"],"relics":["Burning Blood"],"acts_visited":["Exordium"],"potions_floor_usage":[4],"damage_taken":[{"damage":4.0,"enemies":"2 Louse","floor":1.0,"turns":3.0},{"damage":6.0,"enemies":"Small Slimes","floor":2.0,"turns":4.0},{"damage":8.0,"enemies":"Cultist","floor":3.0,"turns":4.0},{"damage":41,"enemies":"Exordium Wildlife","floor":4,"turns":6},{"damage":15,"enemies":"3 Sentries","floor":6,"turns":2}],"seed_played":"-2140973519953974347","potions_obtained":[{"floor":1.0,"key":"EntropicBrew"},{"floor":2.0,"key":"BlessingOfTheForge"}],"is_trial":false,"path_per_floor":["M","M","M","M","?","E"],"character_chosen":"IRONCLAD","items_purchased":[],"campfire_rested":0,"item_purchase_floors":[],"current_hp_per_floor":[52,52,50,15,8,0,0],"gold":162,"neow_bonus":"TRANSFORM_TWO_CARDS","is_daily":false,"chose_seed":false,"campfire_upgraded":0,"win_rate":0.0,"timestamp":1609655187,"path_taken":["M","M","M","M","?","E"],"items_purchased_type":[],"build_version":"2020-12-22","purchased_purges":0,"victory":false,"max_hp_per_floor":[75,75,75,75,75,75,75],"relic_stats":{"counters":[5,19],"obtain_stats":[{"Burning Blood":0},{"Burning Blood":0},{"Burning Blood":0}],"Burning Blood":24},"card_choices":[{"not_picked":["Armaments","Thunderclap"],"picked":"Perfected Strike","floor":1.0},{"not_picked":["Body Slam","Clothesline","Heavy Blade"],"picked":"SKIP","floor":2.0},{"not_picked":["Anger","Uppercut"],"picked":"Shockwave","floor":3.0},{"not_picked":["Warcry","Havoc"],"picked":"Cleave","floor":4}],"player_experience":769391,"relics_obtained":[],"event_choices":[{"cards_removed":["Strike_R"],"damage_healed":0,"gold_gain":0,"player_choice":"Card Removal","damage_taken":7,"max_hp_gain":0,"max_hp_loss":0,"event_name":"Golden Wing","floor":5,"gold_loss":0}],"is_beta":false,"boss_relics":[],"items_purged_floors":[],"is_endless":false,"potions_floor_spawned":[1,2],"killed_by":"3 Sentries","ascension_level":20}}