{"host":"p6y17sixyu8q9v1f","time":1609655886,"event":{"mods":["BaseMod","Colored Map","Minty Spire (QoL Compilation)"],"gold_per_floor":[113,113,63,78,93,120,120,153,153,170,186,42,42,58,58,163,163,176,56,156,176,8,8,8],"floor_reached":23,"playtime":1019,"items_purged":["Strike_R","Defend_R"],"score":251,"play_id":"7c906f70-1c22-4cbf-88cb-91e1f5bc4571","local_time":"20210103003806","is_ascension_mode":true,"campfire_choices":[{"data":"Double Tap","floor":7,"key":"SMITH"},{"floor":13,"key":"REST"},{"data":"1","floor":15,"key":"LIFT"}],"circlet_count":0,"master_deck":["Strike_R","Strike_R","Strike_R","Defend_R+1","Defend_R","Defend_R","Bash","Flex+1","Rampage+1","Double Tap+1","Heavy Blade","Limit Break","Iron Wave+1","Armaments","Clash+1","Rage"],"relics":["Burning Blood","War Paint","Girya","HornCleat","Lantern","Black Star"],"acts_visited":["Exordium","TheCity"],"potions_floor_usage":[6,11,16,18],"damage_taken":[{"damage":10,"enemies":"Small Slimes","floor":1,"turns":4},{"damage":7,"enemies":"2 Louse","floor":4,"turns":2},{"damage":7,"enemies":"Jaw Worm","floor":5,"turns":3},{"damage":35,"enemies":"3 Sentries","floor":6,"turns":7},{"damage":31,"enemies":"Gremlin Nob","floor":8,"turns":4},{"damage":12,"enemies":"Large Slime","floor":10,"turns":6},{"damage":3,"enemies":"Exordium Thugs","floor":11,"turns":3},{"damage":0,"enemies":"Exordium Wildlife","floor":14,"turns":1},{"damage":24,"enemies":"Hexaghost","floor":16,"turns":7},{"damage":34,"enemies":"Shell Parasite","floor":18,"turns":5},{"damage":0,"enemies":"Spheric Guardian","floor":21,"turns":3},{"damage":58,"enemies":"Gremlin Leader","floor":23,"turns":8}],"seed_played":"-402621571967501315","potions_obtained":[{"floor":1,"key":"CultistPotion"},{"floor":5,"key":"Explosive Potion"},{"floor":10,"key":"SteroidPotion"},{"floor":11,"key":"AttackPotion"},{"floor":14,"key":"SpeedPotion"},{"floor":21,"key":"SpeedPotion"}],"is_trial":false,"path_per_floor":["M","?","?","M","M","E","R","E","T","M","M","$","R","M","R","B",null,"M","$","?","M","$","E"],"character_chosen":"IRONCLAD","items_purchased":["Lantern","Armaments","Rage"],"campfire_rested":1,"item_purchase_floors":[12,19,22],"current_hp_per_floor":[76,76,76,75,74,45,45,20,20,14,17,17,41,47,47,29,67,39,39,39,45,45,0,0],"gold":8,"neow_bonus":"THREE_CARDS","is_daily":false,"chose_seed":false,"campfire_upgraded":1,"win_rate":0.0,"timestamp":1609655886,"path_taken":["M","?","?","M","M","E","R","E","T","M","M","$","R","?","R","BOSS","M","$","?","M","?","E"],"items_purchased_type":["Relic","Card","Card"],"build_version":"2020-12-22","purchased_purges":2,"victory":false,"max_hp_per_floor":[80,80,80,80,80,80,80,80,80,80,80,80,80,80,80,80,80,80,80,80,80,80,80,80],"card_choices":[{"not_picked":["Twin Strike","Sword Boomerang"],"picked":"Flex","floor":0},{"not_picked":["Sever Soul","Armaments"],"picked":"Rampage","floor":1},{"not_picked":["Evolve","Wild Strike","Warcry"],"picked":"SKIP","floor":4},{"not_picked":["Sentinel","Carnage","Power Through"],"picked":"SKIP","floor":5},{"not_picked":["Shockwave","Flex"],"picked":"Double Tap","floor":6},{"not_picked":["Shrug It Off","Warcry","Seeing Red"],"picked":"SKIP","floor":8},{"not_picked":["Perfected Strike","Pommel Strike","Clothesline"],"picked":"SKIP","floor":10},{"not_picked":["Perfected Strike","Rage"],"picked":"Heavy Blade","floor":11},{"not_picked":["Armaments","Warcry","Bloodletting"],"picked":"SKIP","floor":14},{"not_picked":["Bludgeon","Exhume"],"picked":"Limit Break","floor":16},{"not_picked":["Feel No Pain","Bloodletting"],"picked":"Iron Wave+1","floor":18},{"not_picked":["Twin Strike","Thunderclap"],"picked":"Clash+1","floor":21}],"player_experience":887606,"relics_obtained":[{"floor":6,"key":"War Paint"},{"floor":8,"key":"Girya"},{"floor":9,"key":"HornCleat"}],"event_choices":[{"damage_healed":0,"gold_gain":0,"player_choice":"Grow","damage_taken":0,"max_hp_gain":0,"max_hp_loss":0,"event_name":"Living Wall","floor":2,"gold_loss":0,"cards_upgraded":["Rampage"]},{"cards_removed":["Strike_R"],"damage_healed":0,"gold_gain":0,"player_choice":"Card Removal","damage_taken":0,"max_hp_gain":0,"max_hp_loss":0,"event_name":"The Cleric","floor":3,"gold_loss":50},{"damage_healed":0,"gold_gain":100,"player_choice":"Pray","damage_taken":0,"max_hp_gain":0,"max_hp_loss":0,"event_name":"Golden Shrine","floor":20,"gold_loss":0}],"is_beta":false,"boss_relics":[{"not_picked":["Fusion Hammer","Coffee Dripper"],"picked":"Black Star"}],"items_purged_floors":[19,22],"is_endless":false,"potions_floor_spawned":[1,5,10,11,14,21],"killed_by":"Gremlin Leader","ascension_level":5}}