{"host":"zydufobuumzsx0vb","time":1609656201,"event":{"mods":["Act Like it!","BaseMod","Better Note","Colored Map","Gensokyo","Minty Spire (QoL Compilation)","Rare Cards Sparkle","Reimu£®≤©¿ˆ¡È√Œ£©","Spicy Shops","StSLib","SuperFastMode"],"gold_per_floor":[109,119,119,134,12,12,42,57,57,57,70,70,17,35,35,140,140,150,150,250,250,268,296,246,256,256,233,74,91,91,91],"floor_reached":30,"playtime":7029,"items_purged":["Strike_Lin:ReiMu"],"score":277,"play_id":"325b5859-5b46-4f58-ba16-b3bd5ade5e3f","local_time":"20210103144321","is_ascension_mode":false,"campfire_choices":[{"data":"NB:ReiMu","floor":6,"key":"SMITH"},{"data":"FantasyMoon:ReiMu","floor":12,"key":"SMITH"},{"floor":15,"key":"REST"}],"circlet_count":0,"master_deck":["Strike_Lin:ReiMu","Strike_Lin:ReiMu","Strike_Lin:ReiMu","Defend_Lin:ReiMu","Defend_Lin:ReiMu","Defend_Lin:ReiMu","Defend_Lin:ReiMu","NB:ReiMu+1","Stagnation:ReiMu","Gathering:ReiMu","YinYangSange:ReiMu+1","OrbThrow:ReiMu","CareerPray:ReiMu","LearningPray:ReiMu","Intuition:ReiMu","FantasyMoon:ReiMu+1","NineCharacters:ReiMu","Free:ReiMu","RainPray2:ReiMu","NineCharacters:ReiMu+1","KamiSacrifice:ReiMu","YinYangSange:ReiMu","Gensokyo:BlemishedSteel","Gensokyo:Shovel","Gensokyo:TarnishedGold","InherentArray:ReiMu+1"],"relics":["ShineYinYang:ReiMu","Gensokyo:Justice","Gremlin Horn","PureWhite:ReiMu","Gensokyo:RedStar","Ice Cream","Dead Branch","Gambling Chip","Bottled Lightning"],"acts_visited":["Gensokyo:Gensokyo","Gensokyo:Gensokyoer"],"potions_floor_usage":[16,18,22,23,27,27],"damage_taken":[{"damage":8,"enemies":"Gensokyo:Python","floor":1,"turns":5},{"damage":14,"enemies":"Gensokyo:2_Kodama","floor":2,"turns":5},{"damage":1,"enemies":"Gensokyo:Gryphon","floor":4,"turns":5},{"damage":4,"enemies":"Gensokyo:Mamizou","floor":7,"turns":9},{"damage":6,"enemies":"Gensokyo:5_Fairies","floor":8,"turns":3},{"damage":3,"enemies":"Gensokyo:CorruptedTreant","floor":11,"turns":7},{"damage":0,"enemies":"Gensokyo:2_Rabbits","floor":14,"turns":3},{"damage":10,"enemies":"Gensokyo:Kokoro","floor":16,"turns":12},{"damage":0,"enemies":"Gensokyo:AngelMirror","floor":18,"turns":6},{"damage":0,"enemies":"Gensokyo:AngelMirror","floor":20,"turns":7},{"damage":0,"enemies":"Gensokyo:2_Gloops","floor":22,"turns":7},{"damage":0,"enemies":"Gensokyo:Koishi","floor":23,"turns":9},{"damage":14,"enemies":"Gensokyo:Wraith","floor":25,"turns":5},{"damage":23,"enemies":"Gensokyo:Swordslinger","floor":27,"turns":5},{"damage":37,"enemies":"Gensokyo:3_Gloops","floor":29,"turns":6},{"damage":5,"enemies":"Gensokyo:Tenshi","floor":30,"turns":1}],"seed_played":"255379627629284988","potions_obtained":[{"floor":1,"key":"Fruit Juice"},{"floor":4,"key":"PinkPotion:ReiMu"},{"floor":11,"key":"Fire Potion"},{"floor":18,"key":"ZuzhouPotion:ReiMu"},{"floor":20,"key":"Explosive Potion"},{"floor":22,"key":"PinkPotion:ReiMu"}],"is_trial":false,"path_per_floor":["M","M","?","M","$","R","E","M","T","?","M","R","COS","M","R","B",null,"M","?","?","?","M","E","?","M","T","M","COS","M","E"],"character_chosen":"REIMU","items_purchased":["CareerPray:ReiMu"],"campfire_rested":1,"item_purchase_floors":[5],"current_hp_per_floor":[57,43,43,42,42,42,38,32,32,32,29,29,29,29,48,38,65,65,65,65,65,65,65,72,58,58,40,40,3,0,0],"gold":91,"neow_bonus":"THREE_CARDS","is_daily":false,"chose_seed":false,"campfire_upgraded":2,"win_rate":0.0,"timestamp":1609656201,"path_taken":["M","M","?","M","?","R","E","?","T","?","M","R","COS","M","R","BOSS","M","?","?","?","M","E","?","M","T","M","COS","M","E"],"items_purchased_type":["Card"],"build_version":"2020-12-22","purchased_purges":1,"victory":false,"max_hp_per_floor":[65,65,65,65,65,65,65,65,65,65,65,65,65,65,65,65,65,65,65,65,65,65,65,72,72,72,77,77,77,77,77],"card_choices":[{"not_picked":["Meditation:ReiMu","SubAcupoint:ReiMu"],"picked":"Gathering:ReiMu","floor":0},{"not_picked":["TightArray:ReiMu","Amulet:ReiMu"],"picked":"YinYangSange:ReiMu","floor":1},{"not_picked":["CollectionFlower2:ReiMu","SubAcupoint:ReiMu"],"picked":"AlertArray:ReiMu","floor":2},{"not_picked":["UniversalSpiritual:ReiMu","DoubleButterfly:ReiMu"],"picked":"OrbThrow:ReiMu","floor":4},{"not_picked":["SubAcupoint:ReiMu","SpiritualOutbreak2:ReiMu"],"picked":"LearningPray:ReiMu","floor":7},{"not_picked":["TakeOff:ReiMu","CareerPray:ReiMu"],"picked":"Intuition:ReiMu","floor":8},{"not_picked":["YinYangSign:ReiMu","SubAcupoint:ReiMu"],"picked":"FantasyMoon:ReiMu","floor":11},{"not_picked":["TightArray:ReiMu","EmergencyTakeOff:ReiMu"],"picked":"NineCharacters:ReiMu","floor":14},{"not_picked":["CeremonyResonance:ReiMu","CleanRite:ReiMu"],"picked":"Free:ReiMu","floor":16},{"not_picked":["CareerPray:ReiMu","DoubleButterfly:ReiMu"],"picked":"RainPray2:ReiMu","floor":18},{"not_picked":["FantasyBorder:ReiMu","DoubleButterfly:ReiMu"],"picked":"NineCharacters:ReiMu+1","floor":20},{"not_picked":["CareerPray:ReiMu","RainPray2:ReiMu","RunawayExorcism:ReiMu"],"picked":"SKIP","floor":22},{"not_picked":["AirManeuver:ReiMu","ForcedLanding:ReiMu+1"],"picked":"YinYangSange:ReiMu","floor":23},{"not_picked":["WonderfulDomain:ReiMu","TightArray:ReiMu","Amulet:ReiMu"],"picked":"SKIP","floor":25},{"not_picked":["SubAcupoint:ReiMu","DoubleButterfly:ReiMu","Conquer:ReiMu"],"picked":"SKIP","floor":27},{"not_picked":["Meditation:ReiMu","MountainWay:ReiMu"],"picked":"InherentArray:ReiMu+1","floor":29}],"player_experience":40412,"relics_obtained":[{"floor":7,"key":"Gremlin Horn"},{"floor":20,"key":"Ice Cream"},{"floor":20,"key":"Dead Branch"},{"floor":23,"key":"Gambling Chip"},{"floor":26,"key":"Bottled Lightning"}],"event_choices":[],"is_beta":false,"boss_relics":[{"not_picked":["Runic Dome","Snecko Eye"],"picked":"ShineYinYang:ReiMu"}],"items_purged_floors":[5],"is_endless":false,"potions_floor_spawned":[1,4,11,18,20,22],"killed_by":"Gensokyo:Tenshi","ascension_level":0}}