{"host":"982s3gyyw86tgeig","time":1609668028,"event":{"mods":["AchievementEnabler","Act Like it!","Aspiration","BaseMod","Colored Powertips","Downfall","Evolution","GifTheSpireLib","Hermit","Hubris","Minty Spire (QoL Compilation)","Pale of the Ancients","Rare Cards Sparkle","Relic Stats","Replay The Spire","StSLib","Stuff the Spire","The Cursed","The Disciple","The IronCluck","The Saiyan","vexMod"],"gold_per_floor":[99,99,99,99,99,12,12,12,30,30,30,49,49,49,69,166,166,166,178,193,193,203,303,303,303,303,303],"floor_reached":25,"playtime":1570,"items_purged":[],"score":187,"play_id":"cbb62c07-3ba3-4177-9951-31fadb933493","local_time":"20210103020028","is_ascension_mode":false,"campfire_choices":[{"data":"Slimebound:Defend_Slimebound","floor":1,"key":"SMITH"},{"floor":11,"key":"REST"},{"floor":13,"key":"REST"},{"floor":18,"key":"RECALL"}],"circlet_count":0,"master_deck":["Slimebound:Strike_Slimebound","Slimebound:Strike_Slimebound","Slimebound:Strike_Slimebound","Slimebound:Tackle","Slimebound:Defend_Slimebound+1","Slimebound:Defend_Slimebound","Slimebound:Defend_Slimebound","Slimebound:Defend_Slimebound","Slimebound:Split","Slimebound:CorrosiveSpit","Slimebound:GoopTackle","Slimebound:SplitBruiser","Slimebound:SplitBruiser","Slimebound:MinionMaster","Slimebound:ProtectTheBoss","Slimebound:SlimeSpikes","Slimebound:PressTheAttack","Slimebound:SplitLeeching","Slimebound:MassFeed","Slimebound:GrowthPunch","Beam Cell+1","Defragment+1"],"relics":["Slimebound:AbsorbEndCombat","EVO:Axolotl","downfall:HeartsMalice","hubris:Towel","aspiration:AnachronicSnailShell","StuffTheSpire:TintedRock","hubris:Icosahedron","aspiration:DefectSkillbook","Pear"],"acts_visited":["Exordium","TheCity"],"potions_floor_usage":[16,16],"damage_taken":[{"damage":0,"enemies":"Cultist","floor":2,"turns":1},{"damage":0,"enemies":"Jaw Worm","floor":3,"turns":1},{"damage":0,"enemies":"2 Louse","floor":4,"turns":1},{"damage":25,"enemies":"downfall:FleeingMerchant","floor":6,"turns":4},{"damage":15,"enemies":"Blue Slaver","floor":9,"turns":4},{"damage":21,"enemies":"Lots of Slimes","floor":12,"turns":5},{"damage":13,"enemies":"3 Louse","floor":15,"turns":2},{"damage":47,"enemies":"downfall:Watcher","floor":16,"turns":9},{"damage":30,"enemies":"3 Byrds","floor":19,"turns":4},{"damage":30,"enemies":"Snecko","floor":20,"turns":4},{"damage":25,"enemies":"Snake Plant","floor":22,"turns":5},{"damage":42,"enemies":"Sentry and Sphere","floor":25,"turns":3}],"seed_played":"-8407903882306363311","potions_obtained":[{"floor":9,"key":"Toxic Potion"},{"floor":12,"key":"SkillPotion"},{"floor":22,"key":"SkillPotion"}],"is_trial":false,"path_per_floor":["R","M","M","M","?","$","T","?","M","T","R","M","R","?","M","B",null,"R","M","M","?","M","?","T","M"],"character_chosen":"SLIMEBOUND","items_purchased":["Slimebound:ProtectTheBoss"],"campfire_rested":2,"item_purchase_floors":[6],"current_hp_per_floor":[60,60,60,60,60,51,51,18,19,19,37,28,46,46,45,22,60,60,50,32,32,26,26,36,0,0,0],"gold":303,"neow_bonus":"THREE_ENEMY_KILL","is_daily":false,"chose_seed":false,"campfire_upgraded":1,"win_rate":0.0,"timestamp":1609668028,"path_taken":["R","M","M","M","?","$","T","?","M","?","R","M","R","?","M","BOSS","R","M","M","?","M","?","T","?"],"items_purchased_type":["Card"],"build_version":"2020-12-22","purchased_purges":0,"victory":false,"max_hp_per_floor":[60,60,60,60,60,60,60,60,60,60,60,60,60,60,60,60,60,60,60,60,60,63,63,73,73,73,73],"relic_stats":{"counters":[12,38],"obtain_stats":[{"StuffTheSpire:TintedRock":10,"hubris:Icosahedron":14,"Pear":24,"aspiration:DefectSkillbook":17,"aspiration:AnachronicSnailShell":8,"downfall:HeartsMalice":0,"Slimebound:AbsorbEndCombat":0,"EVO:Axolotl":0,"hubris:Towel":5},{"StuffTheSpire:TintedRock":5,"hubris:Icosahedron":6,"Pear":11,"aspiration:DefectSkillbook":8,"aspiration:AnachronicSnailShell":4,"downfall:HeartsMalice":0,"Slimebound:AbsorbEndCombat":0,"EVO:Axolotl":0,"hubris:Towel":3},{"StuffTheSpire:TintedRock":8,"hubris:Icosahedron":12,"Pear":35,"aspiration:DefectSkillbook":23,"aspiration:AnachronicSnailShell":4,"downfall:HeartsMalice":0,"Slimebound:AbsorbEndCombat":0,"EVO:Axolotl":0,"hubris:Towel":0}]},"card_choices":[{"not_picked":["Slimebound:FinishingTackle","Slimebound:ComboTackle"],"picked":"Slimebound:GoopTackle","floor":2},{"not_picked":["Slimebound:GrowthPunch","Slimebound:LeechingTouch"],"picked":"Slimebound:SplitBruiser","floor":3},{"not_picked":["Slimebound:Dissolve","Slimebound:LeechingTouch"],"picked":"Slimebound:SplitBruiser","floor":4},{"not_picked":["Slimebound:MegaLick","Slimebound:RejuvenatingLick"],"picked":"Slimebound:MinionMaster","floor":6},{"not_picked":["Slimebound:SplitBruiser","Slimebound:Replication"],"picked":"Slimebound:SlimeSpikes","floor":9},{"not_picked":["Slimebound:Repurpose","Slimebound:AcidTongue"],"picked":"Slimebound:PressTheAttack","floor":12},{"not_picked":["Slimebound:GoopSpray","Slimebound:SplitBruiser"],"picked":"Slimebound:SplitLeeching","floor":15},{"not_picked":["Slimebound:MinionMaster","Slimebound:SelfFormingGoo"],"picked":"Slimebound:MassFeed","floor":16},{"not_picked":["Slimebound:Replication+1","Slimebound:PressTheAttack","Compile Driver"],"picked":"Slimebound:GrowthPunch","floor":19},{"not_picked":["Conserve Battery+1","Slimebound:ViciousTackle","Sweeping Beam+1"],"picked":"Beam Cell+1","floor":20},{"not_picked":["Lockon+1","Beam Cell+1","Biased Cognition"],"picked":"Defragment+1","floor":22}],"player_experience":62012,"relics_obtained":[{"floor":10,"key":"StuffTheSpire:TintedRock"},{"floor":24,"key":"Pear"}],"event_choices":[{"damage_healed":0,"gold_gain":0,"player_choice":"Success","damage_taken":33,"relics_obtained":["aspiration:AnachronicSnailShell"],"max_hp_gain":0,"max_hp_loss":0,"event_name":"Scrap Ooze","floor":8,"gold_loss":0}],"is_beta":false,"boss_relics":[{"not_picked":["Runic Dome","Honey Jar"],"picked":"aspiration:DefectSkillbook"}],"items_purged_floors":[],"is_endless":false,"potions_floor_spawned":[9,12,22],"killed_by":"Sentry and Sphere","ascension_level":0}}