{"host":"tpad8qsc9e0g0pa5","time":1609670124,"event":{"mods":["BaseMod","Minty Spire (QoL Compilation)","Quick Restart","StSLib","The Bug Knight","The Servant 0.9.4"],"gold_per_floor":[113,188,188,98,177,177,196,371,371,371,387,414,414,434,434,554,554,577,602,602,69,39,69,69,96,147,147,147,161,161,76,76,175,175,193,24,24,24,0,0,18,18,44,57,68,68,102,114,114,114],"floor_reached":51,"playtime":6112,"items_purged":["Strike_P","Doubt","Eruption"],"score":829,"play_id":"5cd4175b-7011-45aa-90e6-ebee41b6d4fb","local_time":"20210103183524","is_ascension_mode":true,"campfire_choices":[{"floor":6.0,"key":"REST"},{"floor":15.0,"key":"REST"},{"floor":24.0,"key":"REST"},{"data":"Alpha","floor":27.0,"key":"SMITH"},{"data":"ThirdEye","floor":32.0,"key":"SMITH"},{"floor":40.0,"key":"RECALL"},{"floor":49,"key":"REST"}],"circlet_count":0,"master_deck":["Strike_P+1","Strike_P+1","Defend_P+1","Defend_P+1","Defend_P+1","Defend_P+1","Vigilance+1","Alpha+1","Protect+1","Wireheading+1","Judgement+1","ThirdEye+1","Impatience+1","Nirvana+1","Prostrate+1","Omniscience+1","ThirdEye+1","Purity+1","Sanctity+1","Evaluate+1","Omniscience+1","Parasite"],"relics":["HolyWater","Smiling Mask","Darkstone Periapt","Juzu Bracelet","Bronze Scales","Bloody Idol","Philosopher\u0027s Stone","Membership Card","Lizard Tail","Matryoshka","Ornamental Fan","Yang","Pen Nib","Centennial Puzzle","Nunchaku","Ancient Tea Set","Mark of the Bloom","Red Mask","Pantograph","Happy Flower","Shuriken"],"acts_visited":["Exordium","TheCity","TheBeyond"],"potions_floor_usage":[45,50],"damage_taken":[{"damage":0.0,"enemies":"Jaw Worm","floor":1.0,"turns":3.0},{"damage":1.0,"enemies":"Small Slimes","floor":7.0,"turns":3.0},{"damage":0.0,"enemies":"Cultist","floor":11.0,"turns":4.0},{"damage":9.0,"enemies":"Large Slime","floor":14.0,"turns":4.0},{"damage":33.0,"enemies":"The Guardian","floor":16.0,"turns":8.0},{"damage":16.0,"enemies":"2 Thieves","floor":18.0,"turns":4.0},{"damage":6.0,"enemies":"Shell Parasite","floor":19.0,"turns":4.0},{"damage":30.0,"enemies":"Book of Stabbing","floor":23.0,"turns":6.0},{"damage":14.0,"enemies":"HollowMod:Nosk","floor":25.0,"turns":7.0},{"damage":24.0,"enemies":"Colosseum Slavers","floor":28.0,"turns":4.0},{"damage":1.0,"enemies":"Chosen and Byrds","floor":29.0,"turns":4.0},{"damage":42.0,"enemies":"Collector","floor":33.0,"turns":8.0},{"damage":0.0,"enemies":"Orb Walker","floor":35.0,"turns":2.0},{"damage":9,"enemies":"3 Shapes","floor":41,"turns":2},{"damage":2,"enemies":"Spire Growth","floor":44,"turns":5},{"damage":0,"enemies":"Transient","floor":45,"turns":5},{"damage":0,"enemies":"Giant Head","floor":47,"turns":9},{"damage":14,"enemies":"Writhing Mass","floor":48,"turns":6},{"damage":36,"enemies":"Awakened One","floor":50,"turns":8}],"seed_played":"7033756568785226337","potions_obtained":[{"floor":11.0,"key":"Energy Potion"},{"floor":16.0,"key":"SteroidPotion"},{"floor":22.0,"key":"Ambrosia"},{"floor":22.0,"key":"PowerPotion"},{"floor":25.0,"key":"EssenceOfSteel"},{"floor":29.0,"key":"Strength Potion"},{"floor":33.0,"key":"Block Potion"},{"floor":44,"key":"BottledMiracle"},{"floor":45,"key":"StancePotion"},{"floor":48,"key":"ColorlessPotion"}],"is_trial":false,"path_per_floor":["M","?","?","$","T","R","M","?","T","?","M","T","?","M","R","B",null,"M","M","?","$","?","E","R","E","T","R","?","M","?","?","R","B",null,"M","$","?","$","?","R","M","?","T","M","M","?","E","M","R","B",null],"character_chosen":"WATCHER","items_purchased":["Wireheading","Membership Card","Lizard Tail","Matryoshka","Impatience","Purity","Ancient Tea Set"],"campfire_rested":4,"item_purchase_floors":[4,21,21,21,21,36,36],"current_hp_per_floor":[51,40,28,28,28,49,48,54,54,47,47,47,47,38,59,26,72,56,50,50,50,50,25,46,37,42,42,18,22,46,46,46,9,72,72,72,72,72,72,72,63,63,63,61,61,61,61,47,47,11],"gold":114,"neow_bonus":"THREE_RARE_CARDS","is_daily":false,"chose_seed":false,"campfire_upgraded":2,"win_rate":0.0,"timestamp":1609670124,"path_taken":["M","?","?","$","?","R","M","?","T","?","M","?","?","M","R","BOSS","M","M","?","$","?","E","R","E","T","R","?","M","?","?","R","BOSS","M","$","?","$","?","R","M","?","T","M","M","?","E","M","R","BOSS"],"items_purchased_type":["Card","Relic","Relic","Relic","Card","Card","Relic"],"build_version":"2020-12-22","purchased_purges":3,"victory":true,"max_hp_per_floor":[72,72,72,72,72,72,72,78,78,78,78,78,72,72,72,72,72,72,72,72,72,72,72,72,72,72,72,72,72,72,72,72,72,72,72,72,72,72,72,72,72,72,72,72,72,72,72,78,78,78],"card_choices":[{"not_picked":["Devotion","Brilliance"],"picked":"Alpha","floor":0.0},{"not_picked":["FlurryOfBlows","Pray"],"picked":"Protect","floor":1.0},{"not_picked":["PathToVictory","Crescendo","EmptyFist"],"picked":"SKIP","floor":7.0},{"not_picked":["EmptyBody","Protect","Study"],"picked":"SKIP","floor":11.0},{"not_picked":["PathToVictory","FollowUp","Tantrum"],"picked":"SKIP","floor":14.0},{"not_picked":["ConjureBlade","Devotion"],"picked":"Judgement","floor":16.0},{"not_picked":["FlurryOfBlows+1","EmptyMind","FollowUp+1"],"picked":"SKIP","floor":18.0},{"not_picked":["WindmillStrike","Prostrate"],"picked":"ThirdEye","floor":19.0},{"not_picked":["Halt","Pray"],"picked":"Nirvana+1","floor":23.0},{"not_picked":["TalkToTheHand","Halt"],"picked":"Prostrate+1","floor":25.0},{"not_picked":["Conclude+1","CrushJoints","PathToVictory"],"picked":"SKIP","floor":29.0},{"not_picked":["Wish","MasterReality"],"picked":"Omniscience","floor":33.0},{"not_picked":["EmptyBody","PathToVictory"],"picked":"ThirdEye","floor":35.0},{"not_picked":["Vengeance+1","LikeWater"],"picked":"Sanctity","floor":41},{"not_picked":["Weave+1","PathToVictory","BattleHymn+1"],"picked":"SKIP","floor":44},{"not_picked":["ThirdEye+1","Weave+1"],"picked":"Evaluate+1","floor":45},{"not_picked":["EmptyFist","Fasting2+1","Halt"],"picked":"SKIP","floor":47},{"not_picked":["FollowUp","Nirvana+1","FlyingSleeves+1"],"picked":"SKIP","floor":48}],"player_experience":330518,"relics_obtained":[{"floor":5.0,"key":"Darkstone Periapt"},{"floor":9.0,"key":"Juzu Bracelet"},{"floor":12.0,"key":"Bronze Scales"},{"floor":23.0,"key":"Ornamental Fan"},{"floor":25.0,"key":"Yang"},{"floor":26.0,"key":"Pen Nib"},{"floor":26.0,"key":"Centennial Puzzle"},{"floor":43,"key":"Pantograph"},{"floor":43,"key":"Happy Flower"},{"floor":47,"key":"Shuriken"}],"event_choices":[{"damage_healed":0.0,"max_hp_gain":0.0,"max_hp_loss":0.0,"gold_gain":75.0,"event_name":"World of Goop","player_choice":"Gather Gold","floor":2.0,"gold_loss":0.0,"damage_taken":11.0},{"damage_healed":0.0,"max_hp_gain":0.0,"max_hp_loss":0.0,"gold_gain":0.0,"event_name":"Scrap Ooze","player_choice":"Success","floor":3.0,"gold_loss":0.0,"damage_taken":12.0,"relics_obtained":["Smiling Mask"]},{"damage_healed":0.0,"max_hp_gain":0.0,"max_hp_loss":0.0,"gold_gain":175.0,"event_name":"Liars Game","player_choice":"AGREE","floor":8.0,"gold_loss":0.0,"damage_taken":0.0,"cards_obtained":["Doubt"]},{"cards_removed":["Strike_P"],"damage_healed":0.0,"max_hp_gain":0.0,"max_hp_loss":0.0,"gold_gain":0.0,"event_name":"Golden Wing","player_choice":"Card Removal","floor":10.0,"gold_loss":0.0,"damage_taken":7.0},{"damage_healed":0.0,"max_hp_gain":0.0,"max_hp_loss":6.0,"gold_gain":0.0,"event_name":"Golden Idol","player_choice":"Lose Max HP","floor":13.0,"gold_loss":0.0,"damage_taken":0.0,"relics_obtained":["Golden Idol"]},{"damage_healed":0.0,"max_hp_gain":0.0,"max_hp_loss":0.0,"gold_gain":0.0,"event_name":"Forgotten Altar","player_choice":"Gave Idol","floor":20.0,"relics_lost":["Golden Idol"],"gold_loss":0.0,"damage_taken":0.0,"relics_obtained":["Bloody Idol"]},{"damage_healed":0.0,"max_hp_gain":0.0,"max_hp_loss":0.0,"gold_gain":0.0,"event_name":"The Woman in Blue","player_choice":"Bought 2 Potions","floor":22.0,"gold_loss":0.0,"damage_taken":0.0},{"damage_healed":0.0,"max_hp_gain":0.0,"max_hp_loss":0.0,"gold_gain":0.0,"event_name":"Colosseum","player_choice":"Fight","floor":28.0,"gold_loss":0.0,"damage_taken":0.0},{"damage_healed":0.0,"max_hp_gain":0.0,"max_hp_loss":0.0,"gold_gain":0.0,"event_name":"Colosseum","player_choice":"Fled From Nobs","floor":28.0,"gold_loss":0.0,"damage_taken":0.0},{"damage_healed":24.0,"max_hp_gain":0.0,"max_hp_loss":0.0,"gold_gain":0.0,"event_name":"The Library","player_choice":"Heal","floor":30.0,"gold_loss":0.0,"damage_taken":0.0},{"damage_healed":0.0,"max_hp_gain":0.0,"max_hp_loss":0.0,"gold_gain":0.0,"event_name":"Addict","player_choice":"Obtained Relic","floor":31.0,"gold_loss":85.0,"damage_taken":0.0,"relics_obtained":["Nunchaku"]},{"damage_healed":0.0,"max_hp_gain":0.0,"max_hp_loss":0.0,"gold_gain":0.0,"event_name":"MindBloom","player_choice":"Upgrade","floor":37.0,"gold_loss":0.0,"damage_taken":0.0,"cards_upgraded":["Strike_P","Strike_P","Defend_P","Defend_P","Defend_P","Defend_P","Vigilance","Protect","Wireheading","Judgement","Impatience","Omniscience","ThirdEye","Purity"],"relics_obtained":["Mark of the Bloom"]},{"damage_healed":0.0,"max_hp_gain":0.0,"max_hp_loss":0.0,"gold_gain":0.0,"event_name":"Tomb of Lord Red Mask","player_choice":"Paid","floor":39.0,"gold_loss":24.0,"damage_taken":0.0,"relics_obtained":["Red Mask"]},{"damage_healed":0,"gold_gain":0,"player_choice":"Upgraded","damage_taken":0,"max_hp_gain":0,"max_hp_loss":0,"event_name":"Upgrade Shrine","floor":42,"gold_loss":0,"cards_upgraded":["Sanctity"]},{"damage_healed":0,"gold_gain":0,"player_choice":"Copied","damage_taken":0,"max_hp_gain":0,"max_hp_loss":0,"event_name":"Duplicator","floor":46,"gold_loss":0,"cards_obtained":["Omniscience"]}],"is_beta":false,"boss_relics":[{"not_picked":["Runic Dome","Calling Bell"],"picked":"Philosopher\u0027s Stone"},{"not_picked":["Cursed Key","Empty Cage"],"picked":"HolyWater"}],"items_purged_floors":[4,21,36],"is_endless":false,"potions_floor_spawned":[11,16,25,28,29,33,44,45,48],"ascension_level":3}}