{"host":"at64dhdf9kc8hjax","time":1609649559,"event":{"mods":["Act Like it!","BaseMod","Dota2Spire","Friendly Minions","Gensokyo","Highlight Path","Minty Spire (QoL Compilation)","Quick Restart","RumiaBox-露米娅的神秘盒子","Spicy Shops","StSLib","SuperFastMode","【遗物卡牌】REMEMod"],"gold_per_floor":[110,110,127,142,153,183,183,213,240,268,280,280,280,298,298,399,399,412,412,423,443,458,487,501,501,553,581,581,680,694,719,719,822,822,840,840,854,866,879,879,890,890,890,890,900,933,943,943,943,943],"floor_reached":51,"playtime":14741,"items_purged":[],"score":804,"play_id":"956101a8-de51-40f4-96d6-c21a87786d31","local_time":"20210103125239","is_ascension_mode":true,"campfire_choices":[{"data":"REME_Scribble","floor":7.0,"key":"SMITH"},{"data":"Seeing Red","floor":13.0,"key":"SMITH"},{"data":"Demon Form","floor":15.0,"key":"SMITH"},{"data":"Heavy Blade","floor":25.0,"key":"SMITH"},{"data":"Burning Pact","floor":28.0,"key":"SMITH"},{"data":"Flex","floor":32.0,"key":"SMITH"},{"data":"Fire Breathing","floor":40.0,"key":"SMITH"},{"data":"Warcry","floor":42.0,"key":"SMITH"},{"data":"Shrug It Off","floor":44.0,"key":"SMITH"},{"data":"Metallicize","floor":49.0,"key":"SMITH"}],"circlet_count":0,"master_deck":["Strike_R","Strike_R","Strike_R","Strike_R","Defend_R+1","Defend_R+1","Defend_R","Bash","Burning Pact+1","Wild Strike","REME_Scribble+1","Spot Weakness","Demon Form+1","Heavy Blade+1","Flex+1","Seeing Red+1","Shrug It Off+1","Fire Breathing+1","Warcry+1","Necronomicurse","REME_Scribble+1","Flex+1","Shrug It Off+1","REME_TheLastStrike","Havoc+1","Immolate","Power Through","REME_FearOfPain","Blood for Blood+1","Evolve+1","Warcry+1","Metallicize+1","Iron Wave+1"],"relics":["Black Blood","REME_ComplimentaryCards","Dota2Spire:Butterfly","Ancient Tea Set","MealTicket","Dota2Spire:ShadowBlade","Kunai","Dota2Spire:Bloodstone","Necronomicon","StoneCalendar","Strawberry","Bottled Lightning","War Paint","Paper Frog","Eternal Feather"],"acts_visited":["Exordium","TheCity","TheBeyond"],"potions_floor_usage":[50,50,50],"damage_taken":[{"damage":5.0,"enemies":"2 Louse","floor":1.0,"turns":2.0},{"damage":11.0,"enemies":"Jaw Worm","floor":3.0,"turns":2.0},{"damage":3.0,"enemies":"Cultist","floor":4.0,"turns":3.0},{"damage":12.0,"enemies":"2 Fungi Beasts","floor":5.0,"turns":4.0},{"damage":24.0,"enemies":"3 Sentries","floor":6.0,"turns":8.0},{"damage":9.0,"enemies":"Gremlin Nob","floor":8.0,"turns":4.0},{"damage":23.0,"enemies":"3 Sentries","floor":10.0,"turns":9.0},{"damage":8.0,"enemies":"3 Louse","floor":11.0,"turns":4.0},{"damage":9.0,"enemies":"Large Slime","floor":14.0,"turns":6.0},{"damage":8.0,"enemies":"Slime Boss","floor":16.0,"turns":8.0},{"damage":8.0,"enemies":"Shell Parasite","floor":18.0,"turns":3.0},{"damage":31.0,"enemies":"Chosen","floor":20.0,"turns":7.0},{"damage":27.0,"enemies":"Centurion and Healer","floor":21.0,"turns":7.0},{"damage":16.0,"enemies":"Cultist and Chosen","floor":22.0,"turns":6.0},{"damage":18.0,"enemies":"Slavers","floor":23.0,"turns":5.0},{"damage":12.0,"enemies":"3 Cultists","floor":24.0,"turns":6.0},{"damage":43.0,"enemies":"Gremlin Leader","floor":27.0,"turns":6.0},{"damage":36.0,"enemies":"Centurion and Healer","floor":30.0,"turns":5.0},{"damage":28.0,"enemies":"Automaton","floor":33.0,"turns":7.0},{"damage":6.0,"enemies":"3 Shapes","floor":35.0,"turns":4.0},{"damage":11.0,"enemies":"3 Darklings","floor":37.0,"turns":5.0},{"damage":33.0,"enemies":"Sphere and 2 Shapes","floor":38.0,"turns":4.0},{"damage":16.0,"enemies":"Transient","floor":39.0,"turns":5.0},{"damage":31.0,"enemies":"Maw","floor":41.0,"turns":6.0},{"damage":3.0,"enemies":"Sphere and 2 Shapes","floor":45.0,"turns":3.0},{"damage":30.0,"enemies":"Nemesis","floor":46.0,"turns":5.0},{"damage":26.0,"enemies":"Writhing Mass","floor":47.0,"turns":4.0},{"damage":43,"enemies":"Awakened One","floor":50,"turns":8}],"seed_played":"4907619070750431766","potions_obtained":[{"floor":4.0,"key":"Block Potion"},{"floor":6.0,"key":"Dota2Spire:HealingSalve"},{"floor":10.0,"key":"Energy Potion"},{"floor":18.0,"key":"Strength Potion"},{"floor":22.0,"key":"SneckoOil"},{"floor":23.0,"key":"SkillPotion"},{"floor":24.0,"key":"HeartOfIron"},{"floor":30.0,"key":"BloodPotion"},{"floor":38.0,"key":"Ancient Potion"},{"floor":45.0,"key":"Weak Potion"},{"floor":47.0,"key":"LiquidBronze"}],"is_trial":false,"path_per_floor":["M","?","M","M","M","E","R","E","T","E","M","T","R","M","R","B",null,"M","?","M","M","M","E","M","R","T","E","R","?","M","T","R","B",null,"M","?","M","M","M","R","M","R","T","R","M","E","M","?","R","B",null],"character_chosen":"IRONCLAD","items_purchased":[],"campfire_rested":0,"item_purchase_floors":[],"current_hp_per_floor":[88,88,83,88,84,68,68,68,68,72,73,73,73,73,73,74,109,110,94,72,57,53,44,44,44,51,41,41,41,17,17,17,32,161,167,167,173,158,160,160,147,147,147,147,159,147,136,136,154,162],"gold":943,"neow_bonus":"TEN_PERCENT_HP_BONUS","is_daily":false,"chose_seed":false,"campfire_upgraded":10,"win_rate":0.0,"timestamp":1609649559,"path_taken":["M","?","M","M","M","E","R","E","T","E","M","?","R","M","R","BOSS","M","?","M","M","M","E","M","R","T","E","R","?","M","?","R","BOSS","M","?","M","M","M","R","M","R","T","R","M","E","?","?","R","BOSS"],"items_purchased_type":[],"build_version":"2020-12-22","purchased_purges":0,"victory":true,"max_hp_per_floor":[88,88,88,90,92,94,94,97,97,100,103,103,103,106,106,109,109,112,112,115,121,127,130,136,136,143,149,149,149,155,155,155,161,161,167,167,173,179,185,185,191,191,191,191,194,200,203,203,203,209],"card_choices":[{"not_picked":["Twin Strike","Body Slam"],"picked":"Wild Strike","floor":1.0},{"not_picked":["Armaments","Wild Strike"],"picked":"REME_Scribble","floor":3.0},{"not_picked":["True Grit","Twin Strike"],"picked":"Spot Weakness","floor":4.0},{"not_picked":["Flex","Hemokinesis"],"picked":"Demon Form","floor":5.0},{"not_picked":["True Grit","Headbutt"],"picked":"Heavy Blade","floor":6.0},{"not_picked":["Shrug It Off","Entrench"],"picked":"Flex","floor":8.0},{"not_picked":["Perfected Strike","Shrug It Off"],"picked":"Seeing Red","floor":10.0},{"not_picked":["Clothesline","Evolve"],"picked":"Shrug It Off","floor":11.0},{"not_picked":["Dark Embrace","Disarm"],"picked":"Fire Breathing","floor":14.0},{"not_picked":["Perfected Strike","Pommel Strike+1"],"picked":"Warcry+1","floor":18.0},{"not_picked":["Anger","Power Through"],"picked":"REME_Scribble+1","floor":20.0},{"not_picked":["Sword Boomerang","Armaments"],"picked":"Flex+1","floor":21.0},{"not_picked":["Reckless Charge","Clash"],"picked":"Shrug It Off+1","floor":22.0},{"not_picked":["Reckless Charge+1","Disarm+1","REME_Fury"],"picked":"SKIP","floor":23.0},{"not_picked":["Twin Strike","Anger","Perfected Strike"],"picked":"SKIP","floor":24.0},{"not_picked":["Sword Boomerang+1","Heavy Blade+1"],"picked":"REME_TheLastStrike","floor":27.0},{"not_picked":["Pommel Strike","Infernal Blade+1"],"picked":"Havoc+1","floor":30.0},{"not_picked":["Limit Break","Bludgeon"],"picked":"Immolate","floor":33.0},{"not_picked":["Intimidate","Pommel Strike"],"picked":"Power Through","floor":35.0},{"not_picked":["Rupture","Armaments"],"picked":"Blood for Blood+1","floor":37.0},{"not_picked":["Searing Blow+1","Sever Soul+1"],"picked":"Evolve+1","floor":38.0},{"not_picked":["Reckless Charge","True Grit","Seeing Red"],"picked":"SKIP","floor":39.0},{"not_picked":["Havoc+1","Clash"],"picked":"Warcry","floor":41.0},{"not_picked":["Feel No Pain+1","Seeing Red+1"],"picked":"Metallicize","floor":45.0},{"not_picked":["Sword Boomerang","Seeing Red+1","Shrug It Off+1"],"picked":"SKIP","floor":46.0},{"not_picked":["Anger+1","Perfected Strike"],"picked":"Iron Wave+1","floor":47.0}],"player_experience":238881,"relics_obtained":[{"floor":6.0,"key":"Dota2Spire:Butterfly"},{"floor":8.0,"key":"Ancient Tea Set"},{"floor":9.0,"key":"MealTicket"},{"floor":10.0,"key":"Dota2Spire:ShadowBlade"},{"floor":12.0,"key":"Kunai"},{"floor":19.0,"key":"Necronomicon"},{"floor":23.0,"key":"StoneCalendar"},{"floor":26.0,"key":"Strawberry"},{"floor":27.0,"key":"Bottled Lightning"},{"floor":31.0,"key":"War Paint"},{"floor":43.0,"key":"Paper Frog"},{"floor":46.0,"key":"Eternal Feather"}],"event_choices":[{"cards_removed":["Strike_R"],"damage_healed":0.0,"max_hp_gain":0.0,"max_hp_loss":0.0,"gold_gain":0.0,"event_name":"Living Wall","player_choice":"Forget","floor":2.0,"gold_loss":0.0,"damage_taken":0.0},{"damage_healed":0.0,"max_hp_gain":0.0,"max_hp_loss":0.0,"gold_gain":0.0,"event_name":"Cursed Tome","player_choice":"Obtained Book","floor":19.0,"gold_loss":0.0,"damage_taken":16.0},{"damage_healed":0.0,"max_hp_gain":0.0,"max_hp_loss":0.0,"gold_gain":99.0,"event_name":"Nest","player_choice":"Stole From Cult","floor":29.0,"gold_loss":0.0,"damage_taken":0.0},{"damage_healed":0.0,"max_hp_gain":0.0,"max_hp_loss":0.0,"gold_gain":0.0,"cards_transformed":["Defend_R"],"event_name":"Transmorgrifier","player_choice":"Transformed","floor":36.0,"gold_loss":0.0,"damage_taken":0.0,"cards_obtained":["REME_FearOfPain"]},{"damage_healed":0.0,"max_hp_gain":0.0,"max_hp_loss":0.0,"gold_gain":0.0,"event_name":"Tomb of Lord Red Mask","player_choice":"Ignored","floor":48.0,"gold_loss":0.0,"damage_taken":0.0}],"is_beta":false,"boss_relics":[{"not_picked":["Philosopher\u0027s Stone","Astrolabe"],"picked":"Dota2Spire:Bloodstone"},{"not_picked":["SoulBox","Runic Cube"],"picked":"Black Blood"}],"items_purged_floors":[],"is_endless":false,"potions_floor_spawned":[4,6,10,18,22,23,24,30,38,45,47],"ascension_level":1}}