{"host":"pl1fbpkom0aq337f","time":1609684835,"event":{"mods":["AchievementEnabler","BaseMod","Colored Map","Minty Spire (QoL Compilation)"],"gold_per_floor":[114,114,114,137,12,12,43,53,72,72,107,125,125,125,136,136,232,232,250,31,106,125,142,142,168,179,179,179,179,26,56,68,86,86,189,189,206,225,236,236,61,61,61,88,111,111,138,138,156,172,172,172,172,172,0,35,35,35],"floor_reached":57,"playtime":3035,"items_purged":["Strike_B","Strike_B"],"score":1297,"play_id":"72721a88-8e86-4384-9aa3-e4579024964c","local_time":"20210103154035","is_ascension_mode":true,"campfire_choices":[{"data":"Zap","floor":6.0,"key":"SMITH"},{"floor":13.0,"key":"REST"},{"data":"Defragment","floor":16.0,"key":"SMITH"},{"data":"Rainbow","floor":24.0,"key":"SMITH"},{"data":"Chill","floor":29.0,"key":"SMITH"},{"data":"Loop","floor":34.0,"key":"SMITH"},{"data":"Fission","floor":42.0,"key":"SMITH"},{"data":"Doom and Gloom","floor":46.0,"key":"SMITH"},{"floor":48.0,"key":"REST"},{"floor":51.0,"key":"RECALL"},{"data":"Static Discharge","floor":54,"key":"SMITH"}],"circlet_count":0,"master_deck":["AscendersBane","Defend_B+1","Defend_B+1","Defend_B","Defend_B","Zap+1","Dualcast","Core Surge","Defragment+1","Compile Driver","Cold Snap+1","Genetic Algorithm","Chill+1","Conserve Battery","Rainbow+1","Doom and Gloom+1","Loop+1","Redo+1","Seek+1","Coolheaded","Cold Snap+1","White Noise","Fission+1","Static Discharge+1"],"relics":["Cracked Core","Bag of Preparation","Akabeko","DataDisk","Eternal Feather","War Paint","Sozu","Dream Catcher","Strawberry","Membership Card","Matryoshka","Empty Cage","Ancient Tea Set","The Courier","Strange Spoon","Calipers","Boot","MealTicket","Art of War","Bottled Tornado","Lizard Tail","Whetstone"],"acts_visited":["Exordium","TheCity","TheBeyond","TheEnding"],"potions_floor_usage":[52],"damage_taken":[{"damage":0.0,"enemies":"Small Slimes","floor":1.0,"turns":2.0},{"damage":30.0,"enemies":"3 Sentries","floor":7.0,"turns":5.0},{"damage":2.0,"enemies":"Jaw Worm","floor":8.0,"turns":3.0},{"damage":0.0,"enemies":"Cultist","floor":9.0,"turns":3.0},{"damage":16.0,"enemies":"Gremlin Nob","floor":11.0,"turns":4.0},{"damage":3.0,"enemies":"Exordium Thugs","floor":12.0,"turns":5.0},{"damage":6.0,"enemies":"2 Fungi Beasts","floor":15.0,"turns":3.0},{"damage":0.0,"enemies":"The Guardian","floor":17.0,"turns":12.0},{"damage":0.0,"enemies":"Chosen","floor":19.0,"turns":4.0},{"damage":0.0,"enemies":"Spheric Guardian","floor":22.0,"turns":3.0},{"damage":0.0,"enemies":"Snake Plant","floor":23.0,"turns":4.0},{"damage":0.0,"enemies":"Book of Stabbing","floor":25.0,"turns":4.0},{"damage":19.0,"enemies":"Snecko","floor":26.0,"turns":4.0},{"damage":31.0,"enemies":"Gremlin Leader","floor":31.0,"turns":8.0},{"damage":6.0,"enemies":"Centurion and Healer","floor":32.0,"turns":4.0},{"damage":11.0,"enemies":"Snake Plant","floor":33.0,"turns":5.0},{"damage":17.0,"enemies":"Collector","floor":35.0,"turns":10.0},{"damage":0.0,"enemies":"3 Darklings","floor":37.0,"turns":5.0},{"damage":11.0,"enemies":"Orb Walker","floor":38.0,"turns":4.0},{"damage":12.0,"enemies":"Jaw Worm Horde","floor":39.0,"turns":5.0},{"damage":0.0,"enemies":"Reptomancer","floor":44.0,"turns":10.0},{"damage":57.0,"enemies":"Giant Head","floor":47.0,"turns":12.0},{"damage":5.0,"enemies":"Writhing Mass","floor":49.0,"turns":5.0},{"damage":3.0,"enemies":"3 Darklings","floor":50.0,"turns":4.0},{"damage":30,"enemies":"Awakened One","floor":52,"turns":16},{"damage":69,"enemies":"Shield and Spear","floor":56,"turns":6},{"damage":94,"enemies":"The Heart","floor":57,"turns":5}],"seed_played":"-171113486229638977","potions_obtained":[{"floor":1.0,"key":"PowerPotion"},{"floor":11.0,"key":"SneckoOil"},{"floor":15.0,"key":"Swift Potion"},{"floor":17.0,"key":"CultistPotion"}],"is_trial":false,"path_per_floor":["M","?","?","T","$","R","E","M","M","T","E","M","R","T","M","R","B",null,"M","$","?","M","M","R","E","M","T","T","R","$","E","M","M","R","B",null,"M","M","M","T","$","R","?","E","T","R","E","R","M","M","R","B",null,"R","$","E","B"],"character_chosen":"DEFECT","items_purchased":["Defragment","Compile Driver","Doom and Gloom","Loop","Membership Card","Strange Spoon","Calipers","Lizard Tail"],"campfire_rested":2,"item_purchase_floors":[5,5,20,20,30,41,41,55],"current_hp_per_floor":[50,50,55,55,55,55,25,23,23,23,7,4,37,37,31,40,40,70,70,70,62,62,62,74,74,55,62,62,74,74,43,37,26,41,24,71,71,60,48,48,48,60,60,60,60,72,15,53,48,45,60,30,73,87,87,18,0,0],"gold":35,"neow_bonus":"THREE_RARE_CARDS","is_daily":false,"chose_seed":false,"campfire_upgraded":8,"win_rate":0.0,"timestamp":1609684835,"path_taken":["M","?","?","?","$","R","E","?","M","T","E","M","R","?","M","R","BOSS","M","$","?","M","M","R","E","M","T","T","R","$","E","M","M","R","BOSS","M","?","?","?","$","R","?","E","T","R","E","R","M","M","R","BOSS","R","$","E","BOSS"],"items_purchased_type":["Card","Card","Card","Card","Relic","Relic","Relic","Relic"],"build_version":"2020-12-22","purchased_purges":2,"victory":false,"max_hp_per_floor":[75,75,80,80,80,80,80,80,80,80,80,80,80,80,80,80,80,80,80,80,80,80,80,80,80,80,87,87,87,87,87,87,87,87,87,87,87,87,87,87,87,87,87,87,87,87,87,87,87,87,87,87,87,87,87,87,87,87],"card_choices":[{"not_picked":["Buffer","Creative AI"],"picked":"Core Surge","floor":0.0},{"not_picked":["Fusion","Force Field","Rebound"],"picked":"SKIP","floor":1.0},{"not_picked":["Leap","Barrage"],"picked":"Cold Snap","floor":7.0},{"not_picked":["Turbo","Rebound"],"picked":"Genetic Algorithm","floor":8.0},{"not_picked":["Leap","Beam Cell","Melter"],"picked":"SKIP","floor":9.0},{"not_picked":["Recycle","Skim"],"picked":"Chill","floor":11.0},{"not_picked":["Reboot","Gash","Genetic Algorithm"],"picked":"SKIP","floor":12.0},{"not_picked":["Beam Cell","Rebound"],"picked":"Conserve Battery","floor":15.0},{"not_picked":["Fission","Core Surge"],"picked":"Rainbow","floor":17.0},{"not_picked":["Steam","Redo","Stack"],"picked":"SKIP","floor":19.0},{"not_picked":["Rebound+1","Steam+1"],"picked":"Redo+1","floor":22.0},{"not_picked":["Steam","Compile Driver"],"picked":"Seek","floor":23.0},{"not_picked":["Redo+1","Beam Cell+1","White Noise"],"picked":"SKIP","floor":25.0},{"not_picked":["Stack","Beam Cell"],"picked":"Coolheaded","floor":26.0},{"not_picked":["Leap","Skim","Steam Power"],"picked":"SKIP","floor":31.0},{"not_picked":["Beam Cell","Blizzard"],"picked":"Cold Snap","floor":32.0},{"not_picked":["Self Repair","Barrage+1"],"picked":"White Noise","floor":33.0},{"not_picked":["Thunder Strike","Hyperbeam"],"picked":"Fission","floor":35.0},{"not_picked":["Go for the Eyes","Hologram","Barrage"],"picked":"SKIP","floor":37.0},{"not_picked":["Scrape","Stack","Sweeping Beam+1"],"picked":"SKIP","floor":38.0},{"not_picked":["Compile Driver+1","Leap","Sweeping Beam"],"picked":"SKIP","floor":39.0},{"not_picked":["Beam Cell+1","Ball Lightning+1","Seek"],"picked":"SKIP","floor":44.0},{"not_picked":["Lockon+1","Reboot","Turbo"],"picked":"SKIP","floor":47.0},{"not_picked":["Self Repair","Stack"],"picked":"Static Discharge","floor":49.0},{"not_picked":["Streamline","White Noise+1","Melter"],"picked":"SKIP","floor":50.0},{"not_picked":["Scrape+1","Go for the Eyes+1","Auto Shields+1"],"picked":"SKIP","floor":56}],"player_experience":422201,"relics_obtained":[{"floor":4.0,"key":"Bag of Preparation"},{"floor":7.0,"key":"Akabeko"},{"floor":10.0,"key":"DataDisk"},{"floor":11.0,"key":"Eternal Feather"},{"floor":14.0,"key":"War Paint"},{"floor":25.0,"key":"Dream Catcher"},{"floor":27.0,"key":"Strawberry"},{"floor":31.0,"key":"Matryoshka"},{"floor":40.0,"key":"Ancient Tea Set"},{"floor":40.0,"key":"The Courier"},{"floor":44.0,"key":"Boot"},{"floor":45.0,"key":"MealTicket"},{"floor":45.0,"key":"Art of War"},{"floor":47.0,"key":"Bottled Tornado"},{"floor":56,"key":"Whetstone"}],"event_choices":[{"damage_healed":0.0,"max_hp_gain":0.0,"max_hp_loss":0.0,"gold_gain":0.0,"event_name":"The Cleric","player_choice":"Leave","floor":2.0,"gold_loss":0.0,"damage_taken":0.0},{"damage_healed":0.0,"max_hp_gain":5.0,"max_hp_loss":0.0,"gold_gain":0.0,"event_name":"Big Fish","player_choice":"Donut","floor":3.0,"gold_loss":0.0,"damage_taken":0.0},{"damage_healed":0.0,"max_hp_gain":0.0,"max_hp_loss":0.0,"gold_gain":75.0,"event_name":"FaceTrader","player_choice":"Touch","floor":21.0,"gold_loss":0.0,"damage_taken":8.0},{"damage_healed":0.0,"max_hp_gain":0.0,"max_hp_loss":0.0,"gold_gain":0.0,"event_name":"Upgrade Shrine","player_choice":"Upgraded","floor":43.0,"gold_loss":0.0,"damage_taken":0.0,"cards_upgraded":["Seek"]}],"is_beta":false,"boss_relics":[{"not_picked":["SacredBark","Tiny House"],"picked":"Sozu"},{"not_picked":["Nuclear Battery","FrozenCore"],"picked":"Empty Cage"}],"items_purged_floors":[20,55],"is_endless":false,"potions_floor_spawned":[1,11,15,17,23,25,26,32,33,37,47,49,56],"killed_by":"The Heart","ascension_level":11}}