{"host":"7uuqqk35leady37t","time":1609655879,"event":{"mods":["BaseMod","Colored Map","Colored Powertips","Downfall","Marisa£®ÏF”Í°°ƒß¿Ì…≥£©","Minty Spire (QoL Compilation)","Remilia£®¿Ÿ√◊¿Ú—«£©","Robot Space Explorer","StSLib","The Bug Knight","The Servant 0.9.4","Waifu the Spire","Yuri Mod","[IsaacMod]“‘»ˆº‚À˛"],"gold_per_floor":[119,130,143,171,211,257,257,302,327,375,375,425,468,519,519,675,675,691,735,265,565,590,646,646,646],"floor_reached":24,"playtime":1210,"items_purged":["Defend_MRS"],"score":340,"play_id":"1a5eae3d-c7da-427e-9857-9f4491327e18","local_time":"20210103143759","is_ascension_mode":true,"campfire_choices":[{"data":"UltimateShortwave","floor":7,"key":"SMITH"},{"floor":15,"key":"REST"}],"circlet_count":0,"master_deck":["Strike_MRS","Strike_MRS","Strike_MRS","Strike_MRS","Defend_MRS","Defend_MRS","Defend_MRS","MasterSpark","UpSweep","BettingIsNotGood","NonDirectionalLaser","PowerUp","WitchOfGreed","ChargeUpSpray","GrandCross","UltimateShortwave+1","DeepEcoloBomb","Parasite","Parasite","DoubleSpark","NonDirectionalLaser","EnergyFlow","IllusionStar","TreasureHunter","CurseOfTheBell","TreasureHunter","UltimateShortwave","ManaConvection+1","IllusionStar+1","MagicChant","GrandCross"],"relics":["MiniHakkero","HushsDoor","DeadEye","Mango","ShroomBag","MealTicket","Golden Idol","Lantern","Mercury Hourglass","Calling Bell","Juzu Bracelet","BreadOfAWashokuLover","Thread and Needle","DeathBook","DoctorsRemote","BelialBook","Oddly Smooth Stone"],"acts_visited":["Exordium","TheCity"],"potions_floor_usage":[4,8,10,10,12,16,16,16,23,23],"damage_taken":[{"damage":7,"enemies":"2 Louse","floor":1,"turns":3},{"damage":11,"enemies":"Jaw Worm","floor":2,"turns":2},{"damage":1,"enemies":"Cultist","floor":3,"turns":3},{"damage":18,"enemies":"Exordium Thugs","floor":4,"turns":4},{"damage":9,"enemies":"3 Louse","floor":5,"turns":3},{"damage":6,"enemies":"Gremlin Nob","floor":6,"turns":3},{"damage":13,"enemies":"2 Fungi Beasts","floor":8,"turns":3},{"damage":9,"enemies":"3 Sentries","floor":10,"turns":3},{"damage":18,"enemies":"Lagavulin","floor":12,"turns":5},{"damage":0,"enemies":"Blue Slaver","floor":13,"turns":2},{"damage":8,"enemies":"Gremlin Nob","floor":14,"turns":3},{"damage":0,"enemies":"Slime Boss","floor":16,"turns":5},{"damage":0,"enemies":"2 Thieves","floor":18,"turns":1},{"damage":1,"enemies":"3 Byrds","floor":19,"turns":2},{"damage":12,"enemies":"Snake Plant","floor":22,"turns":2},{"damage":63,"enemies":"Gremlin Leader","floor":23,"turns":8},{"damage":11,"enemies":"Snecko","floor":24,"turns":2}],"seed_played":"7228085778009032198","potions_obtained":[{"floor":2,"key":"DuplicationPotion"},{"floor":4,"key":"Weak Potion"},{"floor":4,"key":"Fire Potion"},{"floor":5,"key":"DistilledChaos"},{"floor":6,"key":"Fire Potion"},{"floor":8,"key":"Strength Potion"},{"floor":10,"key":"DistilledChaos"},{"floor":12,"key":"hexamod:EctoCoolerPotion"},{"floor":12,"key":"BottledSpark"},{"floor":16,"key":"EssenceOfSteel"},{"floor":19,"key":"ShroomBrew"},{"floor":23,"key":"LiquidBronze"},{"floor":23,"key":"Ancient Potion"}],"is_trial":false,"path_per_floor":["M","M","M","M","M","E","R","M","T","E","?","E","M","E","R","B",null,"M","M","$","?","M","E","M"],"character_chosen":"MARISA","items_purchased":["TreasureHunter","UltimateShortwave","DeathBook","DoctorsRemote","BelialBook"],"campfire_rested":1,"item_purchase_floors":[17,17,17,20,20],"current_hp_per_floor":[80,69,73,55,46,54,54,41,41,41,41,32,32,28,54,58,72,72,71,72,72,60,3,0,0],"gold":646,"neow_bonus":"TEN_PERCENT_HP_BONUS","is_daily":false,"chose_seed":false,"campfire_upgraded":1,"win_rate":0.0,"timestamp":1609655879,"path_taken":["M","M","M","M","M","E","R","M","T","E","?","E","M","E","R","BOSS","M","M","$","?","M","E","M"],"items_purchased_type":["Card","Card","Relic","Relic","Relic"],"build_version":"2020-12-22","purchased_purges":1,"victory":false,"max_hp_per_floor":[82,82,82,82,82,96,96,96,96,96,89,89,89,89,89,89,72,72,72,72,72,72,72,72,72],"card_choices":[{"not_picked":[],"picked":"BettingIsNotGood","floor":0},{"not_picked":["DragonMeteor","Robbery"],"picked":"NonDirectionalLaser","floor":1},{"not_picked":["EarthLightRay","ShootingEcho"],"picked":"PowerUp","floor":2},{"not_picked":["GravityBeat","EnergyFlow"],"picked":"WitchOfGreed","floor":3},{"not_picked":["MilkyWay","Acceleration"],"picked":"ChargeUpSpray","floor":4},{"not_picked":["DC","PowerUp"],"picked":"GrandCross","floor":5},{"not_picked":["DarkSpark","DC"],"picked":"UltimateShortwave","floor":6},{"not_picked":["ShootingEcho","WitchLeyline"],"picked":"DeepEcoloBomb","floor":8},{"not_picked":["AsteroidBelt","ShootingEcho"],"picked":"DoubleSpark","floor":10},{"not_picked":["LuminesStrike","DoubleSpark"],"picked":"NonDirectionalLaser","floor":12},{"not_picked":["Robbery","MagicAbsorber"],"picked":"EnergyFlow","floor":13},{"not_picked":["6A","Robbery"],"picked":"IllusionStar","floor":14},{"not_picked":["StarDustReverie","UltimateShortwave"],"picked":"TreasureHunter","floor":16},{"not_picked":["UnstableBomb+1","DC+1"],"picked":"ManaConvection+1","floor":18},{"not_picked":["AsteroidBelt","DragonMeteor"],"picked":"IllusionStar+1","floor":19},{"not_picked":["Acceleration","StarBarrage+1"],"picked":"MagicChant","floor":22},{"not_picked":["RefractionSpark","MagicAbsorber+1"],"picked":"GrandCross","floor":23}],"player_experience":45490,"relics_obtained":[{"floor":6,"key":"Mango"},{"floor":9,"key":"ShroomBag"},{"floor":10,"key":"MealTicket"},{"floor":12,"key":"Lantern"},{"floor":14,"key":"Mercury Hourglass"},{"floor":17,"key":"Juzu Bracelet"},{"floor":17,"key":"BreadOfAWashokuLover"},{"floor":17,"key":"Thread and Needle"},{"floor":23,"key":"Oddly Smooth Stone"}],"event_choices":[{"damage_healed":0,"gold_gain":0,"player_choice":"Lose Max HP","damage_taken":0,"relics_obtained":["Golden Idol"],"max_hp_gain":0,"max_hp_loss":7,"event_name":"Golden Idol","floor":11,"gold_loss":0}],"is_beta":false,"boss_relics":[{"not_picked":["ExperimentalFamiliar","Sozu"],"picked":"Calling Bell"},{"not_picked":[]}],"items_purged_floors":[20],"is_endless":false,"potions_floor_spawned":[2,4,8,12,14,23],"killed_by":"Snecko","ascension_level":1}}