{"host":"61ejhfsushs0xmcl","time":1609689289,"event":{"mods":["ATMod(°¢èªMod)","Act Like it!","BaseMod","Colored Map","Gold Saver","Minty Spire (QoL Compilation)","MostiFishMod","Pale of the Ancients","Spicy Shops","StSLib","TestMod","Waifu the Spire","[IsaacMod]ÒÔÈö¼âËþ","¡¾ÒÅÎï¿¨ÅÆ¡¿REMEMod","óô»ðÖ¸ÄÏ"],"gold_per_floor":[1402,1402,1419,1419,855,855,889,889,968,968,988,1021,1031,1056,1056,1134,1134,1148,1165,1165,642,669,679,107,22,22,49,49,68,68,95,95,168,168,182,182,194,33,44,44,76,76,76,109,123,123,123,135,135,135,135,135,135,25,51,51,51],"floor_reached":56,"playtime":2295,"items_purged":["Strike_R","Strike_R","Strike_R","Strike_R","Strike_R+1","Bash+1"],"score":3122,"play_id":"13a11bd5-ca1e-4e6e-8fef-680ba6a2a412","local_time":"20210103235449","is_ascension_mode":true,"campfire_choices":[{"data":"REME_ACTH","floor":6.0,"key":"SMITH"},{"data":"AT_BodySlamDance","floor":8.0,"key":"SMITH"},{"floor":10.0,"key":"RECALL"},{"data":"REME_Scribble","floor":15.0,"key":"SMITH"},{"data":"MostiFishMod:WingOfPhoenix","floor":28.0,"key":"SMITH"},{"data":"AT_Dispersion","floor":30.0,"key":"SMITH"},{"data":"AT_BodySlamDance","floor":32.0,"key":"SMITH"},{"data":"MostiFishMod:UltimateDefense+1","floor":40,"key":"SMITH"},{"data":"MostiFishMod:UltimateDefense+2","floor":46,"key":"SMITH"},{"data":"MostiFishMod:UltimateDefense+3","floor":49,"key":"SMITH"}],"circlet_count":0,"master_deck":["AscendersBane","Defend_R","Defend_R","Defend_R","Defend_R","REME_ACTH+1","AT_BodySlamDance+1","REME_Scribble+1","Second Wind","AT_Dispersion+1","Shrug It Off","AT_BodySlamDance+1","MostiFishMod:WingOfPhoenix+1","Evolve","MostiFishMod:UltimateDefense+4","Barricade+1","AT_GerminateFire","Shrug It Off","Battle Trance+1"],"relics":["Burning Blood","testmod-TestBox","DaveBox","AT_ATBox","REME_ComplimentaryCards","HushsDoor","testmod-RealStoneCalender","Nloth\u0027s Gift","YumHeart","SynthV:TestCard","Nunchaku","AT_ChloranthyRing","Champion Belt","Centennial Puzzle","BelialBook","Shuriken","xbg","Enchiridion","AT_PhaseBoots","Medical Kit","Red Mask","Cauldron","testmod-LifeArmor","testmod-IndustrialRevolution","HornCleat","DoctorsRemote","SatanicBible","Bag of Marbles","ChiXiaoBlade","Technique","DianPoetry","Civilization","Eternal Feather","AnarchistCookbook"],"acts_visited":["Exordium","TheCity","TheBeyond","TheEnding"],"potions_floor_usage":[56,56,56],"damage_taken":[{"damage":2.0,"enemies":"Jaw Worm","floor":1.0,"turns":3.0},{"damage":1.0,"enemies":"Cultist","floor":3.0,"turns":3.0},{"damage":6.0,"enemies":"Gremlin Nob","floor":7.0,"turns":3.0},{"damage":7.0,"enemies":"Small Slimes","floor":11.0,"turns":3.0},{"damage":5.0,"enemies":"3 Sentries","floor":12.0,"turns":2.0},{"damage":2.0,"enemies":"Looter","floor":13.0,"turns":1.0},{"damage":7.0,"enemies":"Gremlin Nob","floor":14.0,"turns":3.0},{"damage":3.0,"enemies":"Hexaghost","floor":16.0,"turns":2.0},{"damage":4.0,"enemies":"3 Byrds","floor":18.0,"turns":3.0},{"damage":0.0,"enemies":"Spheric Guardian","floor":19.0,"turns":1.0},{"damage":0.0,"enemies":"Masked Bandits","floor":22.0,"turns":1.0},{"damage":0.0,"enemies":"Snecko","floor":23.0,"turns":1.0},{"damage":0.0,"enemies":"Gremlin Leader","floor":27.0,"turns":2.0},{"damage":12.0,"enemies":"Centurion and Healer","floor":29.0,"turns":5.0},{"damage":11.0,"enemies":"Book of Stabbing","floor":31.0,"turns":3.0},{"damage":6.0,"enemies":"Collector","floor":33.0,"turns":6.0},{"damage":3.0,"enemies":"Orb Walker","floor":35.0,"turns":2.0},{"damage":28.0,"enemies":"3 Shapes","floor":37.0,"turns":5.0},{"damage":39,"enemies":"Transient","floor":39,"turns":6},{"damage":51,"enemies":"Giant Head","floor":41,"turns":17},{"damage":33,"enemies":"Nemesis","floor":44,"turns":15},{"damage":0,"enemies":"3 Darklings","floor":45,"turns":1},{"damage":0,"enemies":"Maw","floor":48,"turns":3},{"damage":0,"enemies":"Donu and Deca","floor":50,"turns":2},{"damage":0,"enemies":"Time Eater","floor":51,"turns":2},{"damage":3,"enemies":"Shield and Spear","floor":55,"turns":2}],"seed_played":"2195205657235564361","potions_obtained":[{"floor":7.0,"key":"EssenceOfSteel"},{"floor":14.0,"key":"Ancient Potion"},{"floor":16.0,"key":"AttackPotion"},{"floor":24.0,"key":"SkillPotion"}],"is_trial":false,"path_per_floor":["M","?","M","?","$","R","E","R","T","R","M","E","M","E","R","B",null,"M","M","?","$","?","M","$","?","T","E","R","M","R","E","R","B",null,"M","?","M","$","M","R","E","?","T","E","M","R","T","M","R","B","B",null,"R","$","E","B"],"character_chosen":"IRONCLAD","items_purchased":["AT_ChloranthyRing","Champion Belt","AT_SpeedBoots","Medical Kit","AT_BodySlamDance","Cauldron","testmod-LifeArmor","testmod-IndustrialRevolution","AT_GerminateFire","Technique","PowerPotion"],"campfire_rested":0,"item_purchase_floors":[5,5,21,21,21,24,24,24,34,38,54],"current_hp_per_floor":[72,57,75,52,52,52,52,52,52,52,51,52,58,79,79,82,77,80,80,59,59,83,86,86,86,86,89,89,89,89,93,93,105,106,109,104,91,91,98,98,95,95,95,102,118,127,127,141,150,169,189,234,243,243,262,271,271],"gold":51,"neow_bonus":"UPGRADE_CARD","is_daily":false,"chose_seed":false,"campfire_upgraded":9,"win_rate":0.0,"timestamp":1609689289,"path_taken":["M","?","M","?","$","R","E","R","T","R","M","E","M","E","R","BOSS","M","M","?","$","?","M","$","?","T","E","R","M","R","E","R","BOSS","M","?","?","$","M","R","E","?","T","E","M","R","?","M","R","BOSS","BOSS","R","$","E","BOSS"],"items_purchased_type":["Relic","Relic","Relic","Relic","Card","Relic","Relic","Relic","Card","Relic","Potion"],"build_version":"2020-12-22","purchased_purges":6,"victory":false,"max_hp_per_floor":[75,75,75,75,75,75,75,75,75,75,75,75,77,79,79,82,77,80,80,80,80,83,86,86,86,86,89,89,95,95,104,104,116,106,109,104,113,113,128,128,170,170,170,204,214,214,214,222,222,235,249,249,249,249,265,271,271],"card_choices":[{"not_picked":["Perfected Strike","True Grit","Armaments"],"picked":"SKIP","floor":1.0},{"not_picked":["Thunderclap","Rage","AT_IchimonjiDouble","Twin Strike","Pommel Strike"],"picked":"SKIP","floor":3.0},{"not_picked":["Dropkick","MostiFishMod:PerfectStrikeMKII","Warcry","Whirlwind"],"picked":"AT_BodySlamDance","floor":7.0},{"not_picked":["Cleave","Bloodletting","Hemokinesis","Rage","Clothesline"],"picked":"SKIP","floor":11.0},{"not_picked":["Havoc","MostiFishMod:UltimateDefense","Rupture","Bomb"],"picked":"REME_Scribble","floor":12.0},{"not_picked":["Inflame","Shrug It Off","Twin Strike","Armaments"],"picked":"Second Wind","floor":13.0},{"not_picked":["Havoc","Sentinel","MostiFishMod:ChineseTea","Flex","Pommel Strike"],"picked":"SKIP","floor":14.0},{"not_picked":["Exhume","Demon Form","MostiFishMod:PerfectStrikeMKII","MostiFishMod:NewArrival"],"picked":"AT_Dispersion","floor":16.0},{"not_picked":["Iron Wave","AT_DrawKnifeCut","Uppercut","Clothesline+1"],"picked":"Shrug It Off","floor":18.0},{"not_picked":["Ghostly Armor","AT_IchimonjiDouble+1","True Grit","Warcry","Dropkick"],"picked":"SKIP","floor":19.0},{"not_picked":["Armaments","MostiFishMod:#F4004+1","Anger","Infernal Blade","Clash"],"picked":"SKIP","floor":23.0},{"not_picked":["Combust","Impervious","Perfected Strike","Twin Strike+1"],"picked":"MostiFishMod:WingOfPhoenix","floor":27.0},{"not_picked":["Armaments","MostiFishMod:Chiaki","Metallicize","Heavy Blade"],"picked":"Evolve","floor":29.0},{"not_picked":["MostiFishMod:#F4004","REME_FearOfPain","Disarm","REME_Fury"],"picked":"MostiFishMod:UltimateDefense","floor":31.0},{"not_picked":["MostiFishMod:HellRitual","MostiFishMod:ChineseTea","REME_TheLastStrike","MostiFishMod:NewArrival"],"picked":"Barricade","floor":33.0},{"not_picked":["Heavy Blade","Warcry","Sword Boomerang","Headbutt+1","Armaments+1"],"picked":"SKIP","floor":35.0},{"not_picked":["MostiFishMod:Mania","Battle Trance","Fire Breathing","Dual Wield+1","Rampage"],"picked":"SKIP","floor":37.0},{"not_picked":["Cleave","Feed","Dual Wield","Rage","AT_DiedThrough"],"picked":"SKIP","floor":39},{"not_picked":["Thunderclap","Second Wind","Double Tap","Cleave+1","MostiFishMod:BrandingRite"],"picked":"SKIP","floor":41},{"not_picked":["AT_BodySlamDance+1","AT_DrawKnifeCut","Wild Strike+1","Rampage","AT_ManFootWork"],"picked":"SKIP","floor":44},{"not_picked":["Shrug It Off","Disarm","Twin Strike","AT_DrawKnifeCut","AT_BodySlamDance"],"picked":"SKIP","floor":45},{"not_picked":["Sever Soul","Headbutt","Anger","Bloodletting"],"picked":"Shrug It Off","floor":48},{"not_picked":["Headbutt","Perfected Strike","MostiFishMod:PerfectStrikeMKII","Searing Blow"],"picked":"Battle Trance+1","floor":55}],"player_experience":782475,"relics_obtained":[{"floor":1.0,"key":"SynthV:TestCard"},{"floor":7.0,"key":"Centennial Puzzle"},{"floor":12.0,"key":"BelialBook"},{"floor":14.0,"key":"Shuriken"},{"floor":20.0,"key":"Enchiridion"},{"floor":22.0,"key":"Red Mask"},{"floor":26.0,"key":"DoctorsRemote"},{"floor":27.0,"key":"SatanicBible"},{"floor":31.0,"key":"Bag of Marbles"},{"floor":41,"key":"DianPoetry"},{"floor":43,"key":"Civilization"},{"floor":44,"key":"Eternal Feather"},{"floor":55,"key":"AnarchistCookbook"}],"event_choices":[{"damage_healed":0.0,"max_hp_gain":0.0,"max_hp_loss":0.0,"gold_gain":0.0,"event_name":"Shining Light","player_choice":"Entered Light","floor":4.0,"gold_loss":0.0,"damage_taken":23.0,"cards_upgraded":["Strike_R","Bash"]},{"damage_healed":0.0,"max_hp_gain":0.0,"max_hp_loss":0.0,"gold_gain":0.0,"event_name":"Cursed Tome","player_choice":"Obtained Book","floor":20.0,"gold_loss":0.0,"damage_taken":21.0},{"damage_healed":0.0,"max_hp_gain":0.0,"max_hp_loss":0.0,"gold_gain":0.0,"event_name":"Masked Bandits","player_choice":"Fought Bandits","floor":22.0,"gold_loss":0.0,"damage_taken":0.0},{"damage_healed":0.0,"max_hp_gain":0.0,"max_hp_loss":0.0,"gold_gain":0.0,"event_name":"Addict","player_choice":"Obtained Relic","floor":25.0,"gold_loss":85.0,"damage_taken":0.0,"relics_obtained":["HornCleat"]},{"damage_healed":0.0,"max_hp_gain":0.0,"max_hp_loss":5.0,"gold_gain":0.0,"event_name":"Winding Halls","player_choice":"Max HP","floor":36.0,"gold_loss":0.0,"damage_taken":0.0},{"cards_removed":["AT_ChampionKick"],"damage_healed":0,"gold_gain":0,"player_choice":"Removed Attack","damage_taken":0,"max_hp_gain":0,"max_hp_loss":0,"event_name":"Falling","floor":42,"gold_loss":0}],"is_beta":false,"boss_relics":[{"not_picked":["Runic Pyramid","REME_DemonsWealth"],"picked":"xbg"},{"not_picked":[]},{"not_picked":["Cursed Key","Tiny House"],"picked":"ChiXiaoBlade"},{"not_picked":[]}],"items_purged_floors":[5,17,21,21,24,34],"is_endless":false,"potions_floor_spawned":[7,14,16,18,19,29,31,35,37,39,44],"killed_by":"Delirium","ascension_level":20}}