{"host":"7t8rqoeeopyy0nh0","time":1609661554,"event":{"mods":["AchievementEnabler","BaseMod","Better Third Choice","BetterRewards","Colored Map","Colored Powertips","Conspire","Downfall","Hubris","Infinite Spire","Minty Spire (QoL Compilation)","Permanent Neow","Quick Restart","Rare Cards Sparkle","Replay The Spire","StSLib","The Jungle","The Servant 0.9.4"],"gold_per_floor":[116,135,135,153,153,153,178,193,241,261,292,87,111,127,127,224,224,237,237,237,237,19,19,19,32,32,52,52,63,63,74,74,170,170,183,203,218,236,251,251,277,277,303,303,314,314,333,333,333,333,333,333,4,4,4],"floor_reached":54,"playtime":2552,"items_purged":["conspire:Blindness","Strike_S","Strike_S"],"score":881,"play_id":"9a3311ac-1292-4cfb-af28-3f7e8993b3d7","local_time":"20210103031234","is_ascension_mode":false,"campfire_choices":[{"data":"FanOfKnives","floor":6,"key":"SMITH"},{"data":"Hightail","floor":15,"key":"SMITH"},{"floor":23,"key":"REST"},{"floor":32,"key":"REST"},{"floor":40,"key":"REST"},{"floor":42,"key":"RECALL"},{"floor":44,"key":"REST"},{"floor":49,"key":"REST"},{"floor":52,"key":"REST"}],"circlet_count":0,"master_deck":["Strike_S","Defend_S+1","Defend_S","Defend_S","Defend_S","KidneyShot","Exchange","BestPractice","Spin","Ricochet","Rearm","FanOfKnives+1","Sabotage","Luminosity","BottledTime","SilverBlades","FanOfKnives","Misdirection+1","Hightail+1","MurderousAura","Alleviate+1","SurpressingFire+1","SoulSculpture","FanOfKnives","Gouge","Collapse+1"],"relics":["Uniform","ReplayTheSpireMod:CursedCoin","Oddly Smooth Stone","Blood Vial","ReplayTheSpireMod:Shallot","Pondfish Scales","infinitespire:Beetle Shell","BargainBundle","Unceasing Top","conspire:SpecialSausage","Nunchaku","Chemical X","hubris:Towel","ReplayTheSpireMod:Ninjato","Fusion Hammer","infinitespire:Broken Mirror","hubris:TerracottaHorce","Ornamental Fan","War Paint","Lee\u0027s Waffle"],"acts_visited":["Exordium","Exordium","TheBeyond","TheEnding"],"potions_floor_usage":[7,16,16,16,19,41,50,50,50],"damage_taken":[{"damage":0,"enemies":"Jaw Worm","floor":1,"turns":4},{"damage":0,"enemies":"Cultist","floor":2,"turns":3},{"damage":0,"enemies":"Small Slimes","floor":4,"turns":3},{"damage":4,"enemies":"3 Sentries","floor":7,"turns":2},{"damage":7,"enemies":"Exordium Thugs","floor":8,"turns":3},{"damage":0,"enemies":"Large Slime","floor":10,"turns":3},{"damage":6,"enemies":"Replay:BlueRogue","floor":11,"turns":5},{"damage":0,"enemies":"Looter","floor":14,"turns":4},{"damage":26,"enemies":"Hexaghost","floor":16,"turns":9},{"damage":14,"enemies":"theJungle:5_Spyders","floor":18,"turns":6},{"damage":34,"enemies":"JungleHuntersEvent","floor":19,"turns":4},{"damage":8,"enemies":"theJungle:GiantWrat","floor":25,"turns":4},{"damage":11,"enemies":"theJungle:JungleHuntersEncounter","floor":27,"turns":4},{"damage":0,"enemies":"theJungle:2_Snecko_Cultists","floor":29,"turns":2},{"damage":4,"enemies":"theJungle:Snecko_Cultist_And_Trap","floor":31,"turns":5},{"damage":6,"enemies":"theJungle:FunGuy","floor":33,"turns":9},{"damage":0,"enemies":"Orb Walker","floor":35,"turns":2},{"damage":29,"enemies":"3 Shapes","floor":36,"turns":5},{"damage":5,"enemies":"Sphere and 2 Shapes","floor":37,"turns":6},{"damage":0,"enemies":"Writhing Mass","floor":38,"turns":5},{"damage":16,"enemies":"Spire Growth","floor":39,"turns":5},{"damage":0,"enemies":"Giant Head","floor":41,"turns":8},{"damage":0,"enemies":"Sphere and 2 Shapes","floor":45,"turns":5},{"damage":12,"enemies":"4 Shapes","floor":47,"turns":3},{"damage":42,"enemies":"Awakened One","floor":50,"turns":12},{"damage":73,"enemies":"Shield and Spear","floor":54,"turns":5}],"seed_played":"-6273137524175506144","potions_obtained":[{"floor":1,"key":"Fire Potion"},{"floor":2,"key":"FearPotion"},{"floor":7,"key":"Weak Potion"},{"floor":14,"key":"LiquidMemories"},{"floor":18,"key":"LiquidBronze"},{"floor":25,"key":"sneckomod:MuddlingPotion"},{"floor":36,"key":"Strength Potion"},{"floor":39,"key":"Reflective Coating"},{"floor":41,"key":"sneckomod:MuddlingPotion"}],"is_trial":false,"path_per_floor":["M","M","?","M","?","R","E","M","T","M","E","$","?","M","R","B",null,"M","?","?","?","$","R","?","M","T","M","$","M","AVR","M","R","B",null,"M","M","M","M","M","R","E","R","T","R","M","?","M","?","R","B",null,"R","$","E"],"character_chosen":"THE_SERVANT","items_purchased":["BestPractice","ReplayTheSpireMod:CursedCoin","Oddly Smooth Stone","FearPotion","BargainBundle","SilverBlades","FanOfKnives","Strength Potion","Chemical X","Regen Potion","Lee\u0027s Waffle","Strength Potion"],"campfire_rested":6,"item_purchase_floors":[0,0,0,0,12,12,12,12,22,22,53,53],"current_hp_per_floor":[53,55,55,57,57,57,55,50,50,52,48,48,48,50,50,26,65,51,19,19,19,19,38,38,32,32,23,23,25,25,23,42,38,58,60,33,30,32,18,37,39,39,39,58,60,60,50,50,65,38,58,65,72,0,0],"gold":4,"neow_bonus":"","is_daily":false,"chose_seed":false,"campfire_upgraded":2,"win_rate":0.0,"timestamp":1609661554,"path_taken":["M","M","?","?","?","R","E","M","T","M","E","?","?","?","R","BOSS","M","?","?","?","$","R","?","M","T","M","$","M","AVR","M","R","BOSS","M","M","M","M","M","R","E","R","T","R","M","?","M","?","R","BOSS","R","$","E"],"items_purchased_type":["Card","Relic","Relic","Potion","Relic","Card","Card","Potion","Relic","Potion","Relic","Potion"],"build_version":"2020-12-22","purchased_purges":3,"victory":false,"max_hp_per_floor":[65,65,65,65,65,65,65,65,65,65,65,65,65,65,65,65,65,65,65,65,65,65,65,65,65,65,65,65,65,65,65,65,65,65,65,65,65,65,65,65,65,65,65,65,65,65,65,65,65,65,65,65,72,72,72],"card_choices":[{"not_picked":["Shuttle","DoubleEdge"],"picked":"Spin","floor":1},{"not_picked":["ShatteredReality","RealityMarble","Manipulate"],"picked":"SKIP","floor":2},{"not_picked":["Starlight","Moondial"],"picked":"Ricochet","floor":4},{"not_picked":["Revamp","BestPractice"],"picked":"Sabotage","floor":7},{"not_picked":["ReturningBlade","ShatteredReality","StarChef"],"picked":"SKIP","floor":8},{"not_picked":["Spin","DoubleEdge"],"picked":"Luminosity","floor":10},{"not_picked":["FastForward","ForgedInTime"],"picked":"BottledTime","floor":11},{"not_picked":["Defy","BottledTime"],"picked":"Misdirection","floor":13},{"not_picked":["Luminosity","Reset"],"picked":"Hightail","floor":14},{"not_picked":["PendulumOfEternity","Embodiment"],"picked":"MurderousAura","floor":16},{"not_picked":["Luminosity+1","Spin"],"picked":"Alleviate+1","floor":18},{"not_picked":["BottledTime+1","Collapse"],"picked":"SurpressingFire+1","floor":25},{"not_picked":["Manipulate","ForgedInTime","Spin"],"picked":"SKIP","floor":27},{"not_picked":["Ricochet","Potential+1","BottledTime"],"picked":"SKIP","floor":29},{"not_picked":["Ricochet+1","Rearm+1","BottledTime"],"picked":"SKIP","floor":31},{"not_picked":["Dilation","KillingDoll"],"picked":"SoulSculpture","floor":33},{"not_picked":["Rewind","WasteNot+1","Spin"],"picked":"SKIP","floor":35},{"not_picked":["Rewind+1","Alleviate+1","Replace+1"],"picked":"SKIP","floor":36},{"not_picked":["Rearm+1","StarChef+1","Unruled"],"picked":"SKIP","floor":37},{"not_picked":["MoonPhase","Ricochet+1"],"picked":"FanOfKnives","floor":38},{"not_picked":["Snipe+1","Read"],"picked":"Gouge","floor":39},{"not_picked":["Ricochet","KillingDoll","BottledTime+1"],"picked":"SKIP","floor":41},{"not_picked":["BottledTime+1","Starlight+1"],"picked":"Collapse+1","floor":45},{"not_picked":["DualDimension+1","Unruled","Desolation"],"picked":"SKIP","floor":47}],"player_experience":376333,"relics_obtained":[{"floor":7,"key":"Pondfish Scales"},{"floor":11,"key":"infinitespire:Beetle Shell"},{"floor":13,"key":"Unceasing Top"},{"floor":19,"key":"Nunchaku"},{"floor":26,"key":"ReplayTheSpireMod:Ninjato"},{"floor":41,"key":"Ornamental Fan"},{"floor":43,"key":"War Paint"}],"event_choices":[{"cards_removed":["Strike_S"],"damage_healed":0,"gold_gain":0,"player_choice":"Purged","damage_taken":0,"max_hp_gain":0,"max_hp_loss":0,"event_name":"Purifier","floor":3,"gold_loss":0},{"damage_healed":0,"gold_gain":0,"player_choice":"2 cards matched","damage_taken":0,"max_hp_gain":0,"max_hp_loss":0,"event_name":"Match and Keep!","floor":5,"gold_loss":0,"cards_obtained":["Rearm","FanOfKnives"]},{"damage_healed":0,"gold_gain":0,"player_choice":"Leave","damage_taken":0,"max_hp_gain":0,"max_hp_loss":0,"event_name":"conspire:Investor","floor":20,"gold_loss":0},{"damage_healed":0,"gold_gain":0,"player_choice":"Memory 1","damage_taken":0,"max_hp_gain":0,"max_hp_loss":0,"event_name":"SensoryStone","floor":46,"gold_loss":0}],"is_beta":false,"boss_relics":[{"not_picked":["Runic Pyramid","Replay:Ancient Bell"],"picked":"conspire:SpecialSausage"},{"not_picked":["hubris:GrandSneckoEye","Replay:Fungal Core"],"picked":"hubris:TerracottaHorce"}],"items_purged_floors":[0,12,53],"is_endless":false,"potions_floor_spawned":[1,2,7,14,18,25,36,39,41],"killed_by":"Shield and Spear","ascension_level":0}}