{"host":"2e5gbsni44p3458r","time":1609668005,"event":{"mods":["Bard","BaseMod","Colored Map","Downfall","Hermit","Hubris","Minty Spire (QoL Compilation)","Replay The Spire","StSLib","The Cursed"],"gold_per_floor":[99,119,119,119,24,24,48,82,67,67,67],"floor_reached":10,"playtime":510,"items_purged":[],"score":68,"play_id":"34e03a5b-4126-4360-bc3a-5852b12d428a","local_time":"20210103190005","is_ascension_mode":true,"campfire_choices":[{"data":"hermit:Snapshot","floor":1,"key":"SMITH"},{"floor":6,"key":"RECALL"}],"circlet_count":0,"master_deck":["hermit:Strike_Hermit","hermit:Strike_Hermit","hermit:Strike_Hermit","hermit:Strike_Hermit","hermit:Defend_Hermit","hermit:Defend_Hermit","hermit:Defend_Hermit","hermit:Defend_Hermit","hermit:Snapshot+1","hermit:Covet","hermit:CursedWeapon","hermit:TakeAim"],"relics":["sneckomod:SneckoTalon","downfall:ShatteredFragment","Replay:Multitool"],"acts_visited":["Exordium"],"potions_floor_usage":[10],"damage_taken":[{"damage":3,"enemies":"Small Slimes","floor":2,"turns":3},{"damage":2,"enemies":"downfall:FleeingMerchant","floor":5,"turns":4},{"damage":28,"enemies":"Gremlin Nob","floor":8,"turns":4},{"damage":7,"enemies":"downfall:FleeingMerchant","floor":9,"turns":4},{"damage":15,"enemies":"3 Sentries","floor":10,"turns":4}],"seed_played":"5720791003184192786","potions_obtained":[{"floor":8,"key":"SpeedPotion"}],"is_trial":false,"path_per_floor":["R","M","?","?","$","R","T","E","$","E"],"character_chosen":"HERMIT","items_purchased":["hermit:TakeAim"],"campfire_rested":0,"item_purchase_floors":[5],"current_hp_per_floor":[75,72,60,60,58,58,58,30,23,8,8],"gold":67,"neow_bonus":"BOSS_RELIC","is_daily":false,"chose_seed":false,"campfire_upgraded":1,"win_rate":0.0,"timestamp":1609668005,"path_taken":["R","M","?","?","$","R","T","E","?","E"],"items_purchased_type":["Card"],"build_version":"2020-12-22","purchased_purges":0,"victory":false,"max_hp_per_floor":[75,75,75,75,75,75,75,75,75,75,75],"card_choices":[{"not_picked":["hermit:HighCaliber","hermit:Snipe","hermit:ShadowCloak"],"picked":"SKIP","floor":2},{"not_picked":["hermit:GoldenBullet","hermit:Roulette","hermit:Glare"],"picked":"SKIP","floor":5},{"not_picked":["hermit:Cheat","hermit:ItchyTrigger","hermit:LowProfile"],"picked":"SKIP","floor":8},{"not_picked":["hermit:Feint","hermit:LowProfile","hermit:Maintenance"],"picked":"SKIP","floor":9}],"player_experience":763255,"relics_obtained":[{"floor":8,"key":"Replay:Multitool"}],"event_choices":[],"is_beta":false,"boss_relics":[],"items_purged_floors":[],"is_endless":false,"potions_floor_spawned":[8],"killed_by":"3 Sentries","ascension_level":2}}