{"host":"sl4rf9j4s63ev6os","time":1609650838,"event":{"mods":["AchievementEnabler","BaseMod","Colored Map","Colored Powertips","DeckTracker","Minty Spire (QoL Compilation)","Relic Sorter"],"gold_per_floor":[212,224,224,244,244,244,244,244,244,258,183,248,261,386,386,489,489,504,444,444],"floor_reached":19,"playtime":2082,"items_purged":["Strike_P"],"score":159,"play_id":"fded6ee2-1a13-4bcf-bc84-85746310bb2d","local_time":"20210103151358","is_ascension_mode":false,"campfire_choices":[{"floor":6,"key":"RECALL"},{"data":"EmptyBody","floor":8,"key":"SMITH"},{"data":"Vengeance","floor":15,"key":"SMITH"}],"circlet_count":0,"master_deck":["Strike_P","Strike_P","Strike_P","Defend_P","Defend_P","Defend_P","Defend_P","Eruption","Vigilance","Tantrum+1","EmptyBody+1","Vengeance+1","Vault"],"relics":["PureWater","Bag of Marbles","SsserpentHead","VioletLotus"],"acts_visited":["Exordium","TheCity"],"potions_floor_usage":[16,16,16,16],"damage_taken":[{"damage":0,"enemies":"Cultist","floor":1,"turns":2},{"damage":1,"enemies":"Jaw Worm","floor":2,"turns":3},{"damage":0,"enemies":"Small Slimes","floor":4,"turns":3},{"damage":0,"enemies":"2 Fungi Beasts","floor":10,"turns":1},{"damage":0,"enemies":"Red Slaver","floor":12,"turns":1},{"damage":0,"enemies":"Looter","floor":13,"turns":3},{"damage":54,"enemies":"Hexaghost","floor":16,"turns":8},{"damage":48,"enemies":"Shell Parasite","floor":18,"turns":7},{"damage":42,"enemies":"2 Thieves","floor":19,"turns":4}],"seed_played":"-7864734790560526669","potions_obtained":[{"floor":1,"key":"Ancient Potion"},{"floor":4,"key":"PowerPotion"},{"floor":13,"key":"FearPotion"},{"floor":16,"key":"Fruit Juice"}],"is_trial":false,"path_per_floor":["M","M","?","M","?","R","?","R","T","M","$","M","M","?","R","B",null,"M","M"],"character_chosen":"WATCHER","items_purchased":[],"campfire_rested":0,"item_purchase_floors":[],"current_hp_per_floor":[72,71,71,71,68,68,68,68,68,68,68,68,68,57,57,8,77,29,0,0],"gold":444,"neow_bonus":"HUNDRED_GOLD","is_daily":false,"chose_seed":false,"campfire_upgraded":2,"win_rate":0.0,"timestamp":1609650838,"path_taken":["M","?","?","?","?","R","?","R","T","M","$","?","M","?","R","BOSS","M","M"],"items_purchased_type":[],"build_version":"2020-12-22","purchased_purges":1,"victory":false,"max_hp_per_floor":[72,72,72,72,72,72,72,72,72,72,72,72,72,72,72,77,77,77,77,77],"card_choices":[{"not_picked":["Nirvana","EmptyBody"],"picked":"Tantrum","floor":1},{"not_picked":["ClearTheMind","EmptyFist"],"picked":"EmptyBody","floor":2},{"not_picked":["CrushJoints","Worship","Consecrate"],"picked":"SKIP","floor":4},{"not_picked":["Halt","FlurryOfBlows"],"picked":"Vengeance","floor":10},{"not_picked":["CrushJoints","Vengeance","ThirdEye"],"picked":"SKIP","floor":12},{"not_picked":["CutThroughFate","Omniscience","WheelKick"],"picked":"SKIP","floor":13},{"not_picked":["Brilliance","Devotion"],"picked":"Vault","floor":16},{"not_picked":["Nirvana","Study+1","BowlingBash"],"picked":"SKIP","floor":18}],"player_experience":155735,"relics_obtained":[],"event_choices":[{"damage_healed":0,"gold_gain":0,"player_choice":"Upgraded","damage_taken":0,"max_hp_gain":0,"max_hp_loss":0,"event_name":"Upgrade Shrine","floor":3,"gold_loss":0,"cards_upgraded":["Tantrum"]},{"damage_healed":0,"gold_gain":0,"player_choice":"Success","damage_taken":3,"relics_obtained":["Bag of Marbles"],"max_hp_gain":0,"max_hp_loss":0,"event_name":"Scrap Ooze","floor":5,"gold_loss":0},{"damage_healed":0,"gold_gain":0,"player_choice":"Trade","damage_taken":0,"relics_obtained":["SsserpentHead"],"max_hp_gain":0,"max_hp_loss":0,"event_name":"FaceTrader","floor":7,"gold_loss":0},{"damage_healed":0,"gold_gain":75,"player_choice":"Gather Gold","damage_taken":11,"max_hp_gain":0,"max_hp_loss":0,"event_name":"World of Goop","floor":14,"gold_loss":0}],"is_beta":false,"boss_relics":[{"not_picked":["Black Star","Tiny House"],"picked":"VioletLotus"}],"items_purged_floors":[11],"is_endless":false,"potions_floor_spawned":[1,4,13,16],"killed_by":"2 Thieves","ascension_level":0}}