{"host":"82vjcvwyw2j7afb1","time":1609679684,"event":{"mods":["BaseMod","Colored Map","DeckTracker","Keyboard Shortcuts","Minty Spire (QoL Compilation)","Permanent Neow","Quick Restart","StSLib","SuperFastMode","everything is the same but u backflip on backflip"],"gold_per_floor":[109,87,102,27,27,52,52,52,75,89,99,111,11,43,55,168,180,205,232,264,293,325,369,381,418,481,505,100,100,100,120,120,222,272,287,304,304,1,21,21,21,21,46,80,80,80,96,112,112,112],"floor_reached":51,"playtime":4094,"items_purged":["Defend_B","Strike_B"],"score":793,"play_id":"d559c343-85c9-453e-bae0-adda0b5985d7","local_time":"20210103221444","is_ascension_mode":true,"campfire_choices":[{"data":"Dualcast","floor":8.0,"key":"SMITH"},{"data":"Chill","floor":15.0,"key":"SMITH"},{"floor":24.0,"key":"REST"},{"floor":32.0,"key":"REST"},{"data":"Defragment","floor":40.0,"key":"SMITH"},{"data":"Consume","floor":42.0,"key":"SMITH"},{"data":"Multi-Cast","floor":49.0,"key":"SMITH"}],"circlet_count":0,"master_deck":["Strike_B","Strike_B","Strike_B","Defend_B","Defend_B","Defend_B","Zap","Dualcast+1","FTL","Coolheaded","Ball Lightning","Chill+1","Blizzard+1","Coolheaded","Multi-Cast+1","Undo+1","Consume+1","Loop+1","Turbo+1","Lockon","Blizzard+1","Chaos+1","Defragment+1","Blizzard","Fusion+1","Beam Cell+1","Blizzard","Ball Lightning+1"],"relics":["Cracked Core","NeowsBlessing","Anchor","Lizard Tail","MealTicket","MawBank","Runic Pyramid","Shuriken","Regal Pillow","Lantern","Meat on the Bone","Tiny Chest","Pen Nib","Tiny House","StoneCalendar","Incense Burner","Bronze Scales","Ice Cream","InkBottle"],"acts_visited":["Exordium","TheCity","TheBeyond"],"potions_floor_usage":[50,50],"damage_taken":[{"damage":0.0,"enemies":"Cultist","floor":1.0,"turns":1.0},{"damage":0.0,"enemies":"2 Louse","floor":3.0,"turns":1.0},{"damage":0.0,"enemies":"Lagavulin","floor":6.0,"turns":1.0},{"damage":0.0,"enemies":"Jaw Worm","floor":10.0,"turns":2.0},{"damage":6.0,"enemies":"Exordium Thugs","floor":11.0,"turns":3.0},{"damage":0.0,"enemies":"3 Louse","floor":12.0,"turns":2.0},{"damage":0.0,"enemies":"3 Sentries","floor":14.0,"turns":4.0},{"damage":14.0,"enemies":"The Guardian","floor":16.0,"turns":12.0},{"damage":0.0,"enemies":"3 Byrds","floor":18.0,"turns":5.0},{"damage":6.0,"enemies":"Spheric Guardian","floor":19.0,"turns":4.0},{"damage":12.0,"enemies":"Snecko","floor":20.0,"turns":8.0},{"damage":12.0,"enemies":"Centurion and Healer","floor":21.0,"turns":12.0},{"damage":20.0,"enemies":"3 Cultists","floor":22.0,"turns":5.0},{"damage":21.0,"enemies":"Book of Stabbing","floor":23.0,"turns":7.0},{"damage":37.0,"enemies":"Slavers","floor":25.0,"turns":7.0},{"damage":21.0,"enemies":"Cultist and Chosen","floor":27.0,"turns":7.0},{"damage":6.0,"enemies":"Snake Plant","floor":31.0,"turns":5.0},{"damage":1.0,"enemies":"Champ","floor":33.0,"turns":13.0},{"damage":0.0,"enemies":"3 Darklings","floor":35.0,"turns":3.0},{"damage":9.0,"enemies":"3 Shapes","floor":36.0,"turns":3.0},{"damage":2.0,"enemies":"3 Darklings","floor":39.0,"turns":5.0},{"damage":0.0,"enemies":"Writhing Mass","floor":41.0,"turns":2.0},{"damage":16.0,"enemies":"Nemesis","floor":44.0,"turns":7.0},{"damage":4.0,"enemies":"4 Shapes","floor":47.0,"turns":6.0},{"damage":0.0,"enemies":"3 Darklings","floor":48.0,"turns":3.0},{"damage":7,"enemies":"Awakened One","floor":50,"turns":10}],"seed_played":"2208589544704812232","potions_obtained":[{"floor":1.0,"key":"DuplicationPotion"},{"floor":11.0,"key":"LiquidBronze"},{"floor":12.0,"key":"Fire Potion"},{"floor":14.0,"key":"Dexterity Potion"},{"floor":18.0,"key":"Block Potion"},{"floor":19.0,"key":"Dexterity Potion"},{"floor":21.0,"key":"DuplicationPotion"},{"floor":22.0,"key":"Ancient Potion"},{"floor":27.0,"key":"Swift Potion"},{"floor":34.0,"key":"SmokeBomb"},{"floor":35.0,"key":"Regen Potion"},{"floor":36.0,"key":"LiquidMemories"},{"floor":44.0,"key":"SteroidPotion"}],"is_trial":false,"path_per_floor":["M","$","M","$","?","E","?","R","T","M","M","M","$","E","R","B",null,"M","M","M","M","M","E","R","E","T","M","$","?","T","M","R","B",null,"M","M","T","$","M","R","M","R","T","E","$","T","M","M","R","B",null],"character_chosen":"DEFECT","items_purchased":["Coolheaded","Defragment","Meat on the Bone","Tiny Chest","Incense Burner"],"campfire_rested":2,"item_purchase_floors":[2,28,28,28,38],"current_hp_per_floor":[75,75,75,75,75,75,75,75,75,75,69,69,75,75,75,61,75,75,69,57,45,25,4,26,27,27,6,21,21,21,27,64,63,80,80,71,71,80,78,78,78,78,78,62,77,77,73,73,73,75],"gold":112,"neow_bonus":"THREE_ENEMY_KILL","is_daily":false,"chose_seed":false,"campfire_upgraded":5,"win_rate":0.0,"timestamp":1609679684,"path_taken":["M","$","?","$","?","E","?","R","T","M","M","?","?","E","R","BOSS","M","M","M","M","M","E","R","E","T","M","$","?","?","?","R","BOSS","M","M","?","$","?","R","?","R","T","E","$","?","M","M","R","BOSS"],"items_purchased_type":["Card","Card","Relic","Relic","Relic"],"build_version":"2020-12-22","purchased_purges":2,"victory":true,"max_hp_per_floor":[75,75,75,75,75,75,75,75,75,75,75,75,75,75,75,75,75,75,75,75,75,75,75,75,75,75,75,75,75,75,75,75,75,80,80,80,80,80,80,80,80,80,80,80,80,80,80,80,80,80],"card_choices":[{"not_picked":["Force Field","Stack"],"picked":"FTL","floor":1.0},{"not_picked":["Capacitor","Rebound"],"picked":"Ball Lightning","floor":3.0},{"not_picked":["Stack","Cold Snap"],"picked":"Chill","floor":6.0},{"not_picked":["Coolheaded","Core Surge"],"picked":"Blizzard","floor":10.0},{"not_picked":["Doom and Gloom","Stack","Chaos"],"picked":"SKIP","floor":11.0},{"not_picked":["Recycle","Streamline"],"picked":"Coolheaded","floor":12.0},{"not_picked":["Storm","Thunder Strike","Force Field"],"picked":"SKIP","floor":14.0},{"not_picked":["Creative AI","Core Surge"],"picked":"Multi-Cast","floor":16.0},{"not_picked":["Recycle","Self Repair"],"picked":"Undo+1","floor":18.0},{"not_picked":["Force Field+1","Cold Snap"],"picked":"Consume","floor":19.0},{"not_picked":["Gash","Self Repair"],"picked":"Loop+1","floor":20.0},{"not_picked":["Sweeping Beam+1","FTL","Stack+1"],"picked":"SKIP","floor":21.0},{"not_picked":["Stack+1","Storm+1"],"picked":"Turbo+1","floor":22.0},{"not_picked":["Stack","Hologram"],"picked":"Lockon","floor":23.0},{"not_picked":["Steam Power","Fusion"],"picked":"Blizzard+1","floor":25.0},{"not_picked":["Gash+1","Rebound+1"],"picked":"Chaos+1","floor":27.0},{"not_picked":["Aggregate","Rebound","Stack"],"picked":"SKIP","floor":31.0},{"not_picked":["Steam+1","Recycle"],"picked":"Blizzard","floor":34.0},{"not_picked":["Sweeping Beam+1","Heatsinks+1","Undo"],"picked":"SKIP","floor":35.0},{"not_picked":["Undo+1","Sweeping Beam"],"picked":"Fusion+1","floor":36.0},{"not_picked":["Cold Snap","Steam+1"],"picked":"Beam Cell+1","floor":39.0},{"not_picked":["White Noise","Go for the Eyes+1"],"picked":"Blizzard","floor":44.0},{"not_picked":["Conserve Battery","Compile Driver","Streamline+1"],"picked":"SKIP","floor":47.0},{"not_picked":["Sweeping Beam+1","Sunder"],"picked":"Ball Lightning+1","floor":48.0}],"player_experience":55220,"relics_obtained":[{"floor":6.0,"key":"Anchor"},{"floor":9.0,"key":"MealTicket"},{"floor":14.0,"key":"MawBank"},{"floor":23.0,"key":"Shuriken"},{"floor":25.0,"key":"Regal Pillow"},{"floor":26.0,"key":"Lantern"},{"floor":30.0,"key":"Pen Nib"},{"floor":37.0,"key":"StoneCalendar"},{"floor":43.0,"key":"Bronze Scales"},{"floor":44.0,"key":"Ice Cream"},{"floor":46.0,"key":"InkBottle"}],"event_choices":[{"damage_healed":25.0,"max_hp_gain":0.0,"max_hp_loss":0.0,"gold_gain":0.0,"event_name":"Big Fish","player_choice":"Banana","floor":5.0,"gold_loss":0.0,"damage_taken":0.0},{"damage_healed":0.0,"max_hp_gain":0.0,"max_hp_loss":0.0,"gold_gain":0.0,"event_name":"WeMeetAgain","player_choice":"Gave Potion","floor":7.0,"gold_loss":0.0,"damage_taken":0.0,"relics_obtained":["Lizard Tail"]},{"damage_healed":0.0,"max_hp_gain":0.0,"max_hp_loss":0.0,"gold_gain":0.0,"event_name":"Ghosts","player_choice":"Ignored","floor":29.0,"gold_loss":0.0,"damage_taken":0.0}],"is_beta":false,"boss_relics":[{"not_picked":["Philosopher\u0027s Stone","Velvet Choker"],"picked":"Runic Pyramid"},{"not_picked":["Empty Cage","Pandora\u0027s Box"],"picked":"Tiny House"}],"items_purged_floors":[4,13],"is_endless":false,"potions_floor_spawned":[1,11,12,14,18,19,21,22,27,35,36,44],"ascension_level":1}}