{"host":"w0kqlntohdoatj1w","time":1609653817,"event":{"mods":["AchievementEnabler","BaseMod","Minty Spire (QoL Compilation)"],"gold_per_floor":[118,129,139,139,157,157,44,44,44,56,56,56,67,86,86,182,182,193,193,193,193,207,207,223,234,234,250,267,96,96,123,123,220,220,232,243,10,28,39,39,68,82,82,82,98,98,113,113,113,113],"floor_reached":51,"playtime":7563,"items_purged":["Defend_R"],"score":772,"play_id":"430dbb42-1986-4218-904f-44f667032511","local_time":"20210103000337","is_ascension_mode":false,"campfire_choices":[{"data":"Dual Wield","floor":6,"key":"SMITH"},{"floor":15,"key":"REST"},{"data":"Bash","floor":23,"key":"SMITH"},{"data":"Iron Wave","floor":32,"key":"SMITH"},{"data":"Barricade","floor":40,"key":"SMITH"},{"floor":44,"key":"REST"},{"data":"Battle Trance","floor":46,"key":"SMITH"},{"floor":49,"key":"REST"}],"circlet_count":0,"master_deck":["Strike_R+1","Defend_R","Defend_R","Bash+1","Rampage","Sword Boomerang","Dual Wield+1","Rampage","Rage+1","Battle Trance+1","Battle Trance+1","Shrug It Off+1","Warcry+1","Impervious+1","Entrench+1","Clash","Searing Blow","Cleave+1","Iron Wave+1","Headbutt","Parasite","Body Slam+1","Perfected Strike","Disarm+1","True Grit+1","Writhe","Ghostly Armor+1","Barricade+1","Warcry+1","Dual Wield+1","Shrug It Off+1","Secret Weapon+1","True Grit+1","Armaments+1","Rage+1","Parasite","Armaments+1","Regret","Flex+1","Panache"],"relics":["Burning Blood","Toxic Egg 2","Cursed Key","Mummified Hand","Calipers","Bronze Scales","Philosopher\u0027s Stone","Nunchaku","Bottled Tornado"],"acts_visited":["Exordium","TheCity","TheBeyond"],"potions_floor_usage":[16,21,28,33,36,41,50,50],"damage_taken":[{"damage":13,"enemies":"Jaw Worm","floor":1,"turns":4},{"damage":3,"enemies":"2 Louse","floor":2,"turns":4},{"damage":10,"enemies":"Small Slimes","floor":3,"turns":3},{"damage":13,"enemies":"2 Fungi Beasts","floor":5,"turns":3},{"damage":37,"enemies":"Exordium Thugs","floor":10,"turns":6},{"damage":5,"enemies":"Looter","floor":13,"turns":3},{"damage":7,"enemies":"Blue Slaver","floor":14,"turns":3},{"damage":32,"enemies":"Slime Boss","floor":16,"turns":13},{"damage":15,"enemies":"2 Thieves","floor":18,"turns":4},{"damage":0,"enemies":"3 Byrds","floor":21,"turns":2},{"damage":6,"enemies":"Centurion and Healer","floor":22,"turns":8},{"damage":18,"enemies":"Chosen and Byrds","floor":24,"turns":7},{"damage":7,"enemies":"Snecko","floor":25,"turns":5},{"damage":24,"enemies":"Centurion and Healer","floor":27,"turns":7},{"damage":0,"enemies":"Snake Plant","floor":28,"turns":4},{"damage":0,"enemies":"Book of Stabbing","floor":31,"turns":8},{"damage":20,"enemies":"Champ","floor":33,"turns":13},{"damage":0,"enemies":"Orb Walker","floor":35,"turns":3},{"damage":12,"enemies":"3 Darklings","floor":36,"turns":6},{"damage":47,"enemies":"Jaw Worm Horde","floor":38,"turns":7},{"damage":0,"enemies":"4 Shapes","floor":39,"turns":3},{"damage":20,"enemies":"Reptomancer","floor":41,"turns":7},{"damage":0,"enemies":"Writhing Mass","floor":42,"turns":4},{"damage":11,"enemies":"Spire Growth","floor":45,"turns":5},{"damage":2,"enemies":"Transient","floor":47,"turns":5},{"damage":11,"enemies":"Time Eater","floor":50,"turns":17}],"seed_played":"7343698626819347572","potions_obtained":[{"floor":2,"key":"Regen Potion"},{"floor":3,"key":"SmokeBomb"},{"floor":18,"key":"ColorlessPotion"},{"floor":22,"key":"Explosive Potion"},{"floor":27,"key":"BloodPotion"},{"floor":31,"key":"Dexterity Potion"},{"floor":35,"key":"Fruit Juice"},{"floor":36,"key":"Strength Potion"},{"floor":42,"key":"Explosive Potion"}],"is_trial":false,"path_per_floor":["M","M","M","?","M","R","$","?","T","M","$","?","M","M","R","B",null,"M","?","?","M","M","R","M","M","T","M","M","$","?","E","R","B",null,"M","M","$","M","M","R","E","M","T","R","M","R","M","?","R","B",null],"character_chosen":"IRONCLAD","items_purchased":["Rage","Battle Trance","Disarm+1","True Grit+1","Shrug It Off+1","Secret Weapon+1"],"campfire_rested":3,"item_purchase_floors":[7,7,29,29,37,37],"current_hp_per_floor":[73,76,72,72,65,65,65,65,65,34,34,18,19,18,42,31,80,71,71,71,77,77,77,65,64,64,46,68,68,68,74,74,60,80,80,79,79,38,44,44,30,36,36,61,56,56,60,60,85,80],"gold":113,"neow_bonus":"REMOVE_CARD","is_daily":false,"chose_seed":false,"campfire_upgraded":5,"win_rate":0.0,"timestamp":1609653817,"path_taken":["M","M","M","?","M","R","$","?","T","M","?","?","M","M","R","BOSS","M","?","?","M","M","R","M","M","T","M","M","$","?","E","R","BOSS","M","M","$","M","M","R","E","M","T","R","M","R","M","?","R","BOSS"],"items_purchased_type":["Card","Card","Card","Card","Card","Card"],"build_version":"2020-12-22","purchased_purges":1,"victory":true,"max_hp_per_floor":[80,80,80,80,80,80,80,80,80,80,80,80,80,80,80,80,80,80,80,80,80,80,80,80,80,80,80,80,80,80,80,80,80,80,80,85,85,85,85,85,85,85,85,85,85,85,85,85,85,85],"card_choices":[{"not_picked":["Clothesline","Pommel Strike"],"picked":"Rampage","floor":1},{"not_picked":["Anger","Infernal Blade"],"picked":"Sword Boomerang","floor":2},{"not_picked":["Warcry","Cleave"],"picked":"Dual Wield","floor":3},{"not_picked":["Thunderclap","Blood for Blood"],"picked":"Rampage","floor":5},{"not_picked":["True Grit+1","Whirlwind"],"picked":"Battle Trance+1","floor":10},{"not_picked":["Power Through+1","Thunderclap"],"picked":"Shrug It Off+1","floor":13},{"not_picked":["Second Wind+1","Body Slam"],"picked":"Warcry+1","floor":14},{"not_picked":["Limit Break+1","Offering+1"],"picked":"Impervious+1","floor":16},{"not_picked":["Anger+1","Body Slam"],"picked":"Entrench+1","floor":18},{"not_picked":["Clash","Heavy Blade+1"],"picked":"Cleave+1","floor":22},{"not_picked":["True Grit+1","Clash+1"],"picked":"Iron Wave","floor":24},{"not_picked":["Dual Wield+1","Shockwave+1"],"picked":"Headbutt","floor":25},{"not_picked":["Combust","Disarm+1"],"picked":"Body Slam+1","floor":27},{"not_picked":["Whirlwind","Fiend Fire"],"picked":"Perfected Strike","floor":28},{"not_picked":["Bludgeon","True Grit+1"],"picked":"Ghostly Armor+1","floor":31},{"not_picked":["Brutality","Limit Break+1"],"picked":"Barricade","floor":33},{"not_picked":["Reckless Charge+1","Anger"],"picked":"Warcry+1","floor":35},{"not_picked":["Clothesline+1","Burning Pact+1"],"picked":"Dual Wield+1","floor":36},{"not_picked":["Sword Boomerang+1","Whirlwind+1"],"picked":"True Grit+1","floor":38},{"not_picked":["Twin Strike","Heavy Blade+1"],"picked":"Armaments+1","floor":39},{"not_picked":["Searing Blow+1","Warcry+1"],"picked":"Rage+1","floor":41},{"not_picked":["Thunderclap","Clash"],"picked":"Armaments+1","floor":42},{"not_picked":["Clothesline","True Grit+1"],"picked":"Flex+1","floor":45},{"not_picked":["Reckless Charge","Carnage+1","Pummel+1"],"picked":"SKIP","floor":47},{"not_picked":["Discovery+1","PanicButton+1"],"picked":"Panache","floor":48}],"player_experience":43779,"relics_obtained":[{"floor":9,"key":"Toxic Egg 2"},{"floor":26,"key":"Mummified Hand"},{"floor":31,"key":"Bronze Scales"},{"floor":41,"key":"Nunchaku"},{"floor":43,"key":"Bottled Tornado"}],"event_choices":[{"cards_removed":["Strike_R"],"damage_healed":0,"gold_gain":0,"player_choice":"Forget","damage_taken":0,"max_hp_gain":0,"max_hp_loss":0,"event_name":"Living Wall","floor":4,"gold_loss":0},{"damage_healed":0,"gold_gain":0,"player_choice":"Ignored","damage_taken":0,"max_hp_gain":0,"max_hp_loss":0,"event_name":"Liars Game","floor":8,"gold_loss":0},{"damage_healed":0,"gold_gain":0,"player_choice":"Entered Light","damage_taken":16,"max_hp_gain":0,"max_hp_loss":0,"event_name":"Shining Light","floor":12,"gold_loss":0,"cards_upgraded":["Strike_R","Rage"]},{"damage_healed":0,"gold_gain":0,"cards_transformed":["Strike_R","Strike_R"],"player_choice":"Became Test Subject","damage_taken":0,"max_hp_gain":0,"max_hp_loss":0,"event_name":"Drug Dealer","floor":19,"gold_loss":0,"cards_obtained":["Clash","Searing Blow"]},{"cards_removed":["Strike_R"],"damage_healed":0,"gold_gain":0,"player_choice":"Elegance","damage_taken":0,"max_hp_gain":0,"max_hp_loss":0,"event_name":"Back to Basics","floor":20,"gold_loss":0},{"damage_healed":0,"gold_gain":0,"player_choice":"Opened","damage_taken":0,"relics_obtained":["Calipers"],"max_hp_gain":0,"max_hp_loss":0,"event_name":"The Mausoleum","floor":30,"gold_loss":0,"cards_obtained":["Writhe"]},{"damage_healed":0,"gold_gain":0,"player_choice":"Memory 1","damage_taken":0,"max_hp_gain":0,"max_hp_loss":0,"event_name":"SensoryStone","floor":48,"gold_loss":0}],"is_beta":false,"boss_relics":[{"not_picked":["Busted Crown","Tiny House"],"picked":"Cursed Key"},{"not_picked":["Black Blood","Snecko Eye"],"picked":"Philosopher\u0027s Stone"}],"items_purged_floors":[29],"is_endless":false,"potions_floor_spawned":[2,3,18,21,22,27,31,35,36,42,45],"ascension_level":0}}