{"host":"q9718omregw4er46","time":1609701887,"event":{"mods":["BaseMod","Bestiary","Colored Powertips","Minty Spire (QoL Compilation)","Quick Restart","Relic Stats"],"gold_per_floor":[114,114,39,39,49,83,83,117,117,117,131,131,165,184,184,256,256,269,287,305,305,323,323,323,352,352,13,13,41,57,92,92,166,166,177,177,177,202,202,202],"floor_reached":39,"playtime":1038,"items_purged":["Strike_R","Normality"],"score":1060,"play_id":"52dad3e1-3888-4b96-b6db-5be2881709fc","local_time":"20210104002447","is_ascension_mode":true,"campfire_choices":[{"data":"Bash","floor":7,"key":"SMITH"},{"data":"Berserk","floor":12,"key":"SMITH"},{"data":"Twin Strike","floor":15,"key":"SMITH"},{"floor":23,"key":"REST"},{"floor":28,"key":"REST"},{"floor":32,"key":"REST"}],"circlet_count":0,"master_deck":["AscendersBane","Strike_R","Strike_R+1","Strike_R","Defend_R","Defend_R","Defend_R","Bash+1","Cleave+1","Berserk+1","Twin Strike+1","Spot Weakness+1","Offering","Anger","Impervious+1","Fiend Fire","Burning Pact+1","Disarm+1","Corruption","Impervious+1","Sword Boomerang","Flash of Steel"],"relics":["Burning Blood","NeowsBlessing","Lizard Tail","Bronze Scales","Paper Frog","Toxic Egg 2","Cursed Key","Ginger","PreservedInsect","Happy Flower","Whetstone","Black Star","Thread and Needle"],"acts_visited":["Exordium","TheCity","TheBeyond"],"potions_floor_usage":[13,18,25,29,29,30,33],"damage_taken":[{"damage":0,"enemies":"Jaw Worm","floor":1,"turns":1},{"damage":0,"enemies":"Cultist","floor":5,"turns":1},{"damage":0,"enemies":"Lagavulin","floor":6,"turns":2},{"damage":36,"enemies":"Gremlin Nob","floor":8,"turns":4},{"damage":8,"enemies":"Small Slimes","floor":11,"turns":2},{"damage":11,"enemies":"3 Sentries","floor":13,"turns":4},{"damage":7,"enemies":"Exordium Wildlife","floor":14,"turns":4},{"damage":6,"enemies":"Slime Boss","floor":16,"turns":3},{"damage":27,"enemies":"Chosen","floor":18,"turns":4},{"damage":18,"enemies":"3 Byrds","floor":19,"turns":3},{"damage":3,"enemies":"Centurion and Healer","floor":20,"turns":5},{"damage":24,"enemies":"3 Cultists","floor":22,"turns":4},{"damage":17,"enemies":"Book of Stabbing","floor":25,"turns":3},{"damage":28,"enemies":"Gremlin Leader","floor":29,"turns":5},{"damage":6,"enemies":"Cultist and Chosen","floor":30,"turns":3},{"damage":17,"enemies":"Book of Stabbing","floor":31,"turns":4},{"damage":82,"enemies":"Collector","floor":33,"turns":9},{"damage":39,"enemies":"3 Shapes","floor":35,"turns":6},{"damage":22,"enemies":"Mind Bloom Boss Battle","floor":38,"turns":8},{"damage":0,"enemies":"3 Darklings","floor":39,"turns":1}],"seed_played":"1728137375453452751","potions_obtained":[{"floor":5,"key":"Explosive Potion"},{"floor":8,"key":"Strength Potion"},{"floor":11,"key":"DistilledChaos"},{"floor":13,"key":"FearPotion"},{"floor":19,"key":"BlessingOfTheForge"},{"floor":22,"key":"EntropicBrew"},{"floor":29,"key":"Fire Potion"},{"floor":31,"key":"FairyPotion"},{"floor":33,"key":"Dexterity Potion"},{"floor":35,"key":"Strength Potion"}],"is_trial":false,"path_per_floor":["M","?","$","$","M","E","R","E","T","?","M","R","E","M","R","B",null,"M","M","M","?","M","R","?","E","T","$","R","E","M","E","R","B",null,"M","?","?","?","M"],"character_chosen":"IRONCLAD","items_purchased":["PreservedInsect","Burning Pact+1"],"campfire_rested":3,"item_purchase_floors":[27,27],"current_hp_per_floor":[74,74,74,74,75,75,75,45,45,45,43,43,38,37,37,37,66,45,33,36,36,18,40,40,29,29,29,51,29,29,18,40,43,67,34,29,29,13,13,13],"gold":202,"neow_bonus":"THREE_ENEMY_KILL","is_daily":false,"chose_seed":false,"campfire_upgraded":3,"win_rate":0.0,"timestamp":1609701887,"path_taken":["M","?","?","$","M","E","R","E","T","?","?","R","E","M","R","BOSS","M","M","M","?","M","R","?","E","T","$","R","E","M","E","R","BOSS","M","?","?","?","M"],"items_purchased_type":["Relic","Card"],"build_version":"2020-12-22","purchased_purges":2,"victory":false,"max_hp_per_floor":[75,75,75,75,75,75,75,75,75,75,75,75,75,75,75,75,75,75,75,75,75,75,75,75,75,75,75,75,75,75,75,75,75,75,75,75,75,75,75,75],"relic_stats":{"Lizard Tail":37,"Happy Flower":[10],"counters":[20,76],"Bronze Scales":[147],"PreservedInsect":87,"Black Star":0,"Ginger":[8],"Whetstone":["Cleave","Strike_R"],"Cursed Key":1,"obtain_stats":[{"NeowsBlessing":0,"Happy Flower":29,"Thread and Needle":38,"PreservedInsect":27,"Ginger":25,"Whetstone":31,"Cursed Key":17,"Burning Blood":0,"Lizard Tail":6,"Bronze Scales":8,"Black Star":34,"Toxic Egg 2":13,"Paper Frog":9},{"NeowsBlessing":0,"Happy Flower":14,"Thread and Needle":19,"PreservedInsect":13,"Ginger":13,"Whetstone":16,"Cursed Key":8,"Burning Blood":0,"Lizard Tail":3,"Bronze Scales":4,"Black Star":17,"Toxic Egg 2":6,"Paper Frog":4},{"NeowsBlessing":0,"Happy Flower":45,"Thread and Needle":75,"PreservedInsect":40,"Ginger":40,"Whetstone":52,"Cursed Key":21,"Burning Blood":0,"Lizard Tail":4,"Bronze Scales":8,"Black Star":61,"Toxic Egg 2":14,"Paper Frog":8}],"Burning Blood":103},"card_choices":[{"not_picked":["Dark Embrace","Second Wind"],"picked":"Cleave","floor":1},{"not_picked":["Rupture","Metallicize"],"picked":"Twin Strike","floor":5},{"not_picked":["Second Wind","Bloodletting"],"picked":"Spot Weakness","floor":6},{"not_picked":["Cleave","Shrug It Off"],"picked":"Offering","floor":8},{"not_picked":["Flex","Fire Breathing"],"picked":"Anger","floor":11},{"not_picked":["Iron Wave","Reckless Charge","Blood for Blood"],"picked":"SKIP","floor":13},{"not_picked":["Clash","Power Through+1","Reckless Charge"],"picked":"SKIP","floor":14},{"not_picked":["Barricade","Juggernaut"],"picked":"Impervious+1","floor":16},{"not_picked":["Twin Strike","Entrench+1","Wild Strike+1"],"picked":"SKIP","floor":18},{"not_picked":["Body Slam","Headbutt","Iron Wave"],"picked":"SKIP","floor":19},{"not_picked":["Clash","Sentinel+1","Rampage"],"picked":"SKIP","floor":20},{"not_picked":["Sentinel+1","Rupture","Body Slam"],"picked":"SKIP","floor":22},{"not_picked":["Second Wind+1","Clash+1","Cleave"],"picked":"SKIP","floor":25},{"not_picked":["Rampage","Rupture","Heavy Blade"],"picked":"SKIP","floor":29},{"not_picked":["Shrug It Off+1","Seeing Red+1"],"picked":"Disarm+1","floor":30},{"not_picked":["Inflame","Dropkick"],"picked":"Corruption","floor":31},{"not_picked":["Corruption","Offering+1"],"picked":"Impervious+1","floor":33},{"not_picked":["True Grit+1","Reckless Charge"],"picked":"Sword Boomerang","floor":35},{"not_picked":["Magnetism","Chrysalis+1"],"picked":"Flash of Steel","floor":36}],"player_experience":1166129,"relics_obtained":[{"floor":6,"key":"Lizard Tail"},{"floor":8,"key":"Bronze Scales"},{"floor":9,"key":"Paper Frog"},{"floor":13,"key":"Toxic Egg 2"},{"floor":25,"key":"Ginger"},{"floor":29,"key":"Happy Flower"},{"floor":31,"key":"Whetstone"},{"floor":38,"key":"Thread and Needle"}],"event_choices":[{"damage_healed":0,"gold_gain":0,"cards_transformed":["Strike_R"],"player_choice":"Transformed","damage_taken":0,"max_hp_gain":0,"max_hp_loss":0,"event_name":"Transmorgrifier","floor":2,"gold_loss":0,"cards_obtained":["Berserk"]},{"damage_healed":0,"gold_gain":0,"player_choice":"Grow","damage_taken":0,"max_hp_gain":0,"max_hp_loss":0,"event_name":"Living Wall","floor":10,"gold_loss":0,"cards_upgraded":["Spot Weakness"]},{"damage_healed":0,"gold_gain":0,"player_choice":"Read","damage_taken":0,"max_hp_gain":0,"max_hp_loss":0,"event_name":"The Library","floor":21,"gold_loss":0,"cards_obtained":["Fiend Fire"]},{"damage_healed":0,"gold_gain":0,"player_choice":"Ignored","damage_taken":0,"max_hp_gain":0,"max_hp_loss":0,"event_name":"The Mausoleum","floor":24,"gold_loss":0},{"damage_healed":0,"gold_gain":0,"player_choice":"Memory 2","damage_taken":5,"max_hp_gain":0,"max_hp_loss":0,"event_name":"SensoryStone","floor":36,"gold_loss":0},{"cards_removed":["Defend_R"],"damage_healed":0,"gold_gain":0,"player_choice":"Removed Skill","damage_taken":0,"max_hp_gain":0,"max_hp_loss":0,"event_name":"Falling","floor":37,"gold_loss":0},{"damage_healed":0,"gold_gain":0,"player_choice":"Fight","damage_taken":0,"max_hp_gain":0,"max_hp_loss":0,"event_name":"MindBloom","floor":38,"gold_loss":0}],"is_beta":false,"boss_relics":[{"not_picked":["Philosopher\u0027s Stone","Sozu"],"picked":"Cursed Key"},{"not_picked":["Calling Bell","Busted Crown"],"picked":"Black Star"}],"items_purged_floors":[3,27],"is_endless":false,"potions_floor_spawned":[5,8,11,13,16,19,22,29,31,33,35],"killed_by":"3 Darklings","ascension_level":20}}