{"host":"iphsb0ccnjx0pfn6","time":1609699520,"event":{"mods":["2.2 Compatiblity","AchievementEnabler","Arknights The Spire","BaseMod","Colored Map","DeckTracker","Keyboard Shortcuts","Minty Spire (QoL Compilation)","Permanent Neow","Quick Restart","Relic Stats","StSLib","SuperFastMode","Uncapped","everything is the same but u backflip on backflip"],"gold_per_floor":[116,116,116,129,79,79,110,110,137,157,157,157,82,102,102,226,226,245,245,170,269,283,318,318,318,389,139,160,180,198,233,233,233,233],"floor_reached":33,"playtime":932,"items_purged":["ats:Strike V","ats:Demon Strength"],"score":383,"play_id":"58e4541b-6212-40a3-876c-bab69bb32986","local_time":"20210104034520","is_ascension_mode":false,"campfire_choices":[{"data":"ats:Emotion Absorption","floor":6.0,"key":"SMITH"},{"data":"ats:Disruption Kick","floor":8.0,"key":"SMITH"},{"data":"ats:Powerful Strike","floor":15.0,"key":"SMITH"},{"data":"ats:True Silver Slash","floor":25,"key":"SMITH"},{"floor":32,"key":"REST"}],"circlet_count":0,"master_deck":["ats:Armor Crushing Shot","ats:Defend","ats:Defend","ats:Defend","ats:Emotion Absorption+1","ats:Chain Hook","ats:Explosion Area Strengthen","ats:Disruption Kick+1","ats:Consecutive Shot Auto","ats:Powerful Strike+1","ats:True Silver Slash+1","ats:Consecutive Shot Auto+1","ats:Sword Rain","ats:Cat Scratch+1","ats:Neurotoxin","ats:Ignite","ats:Flame Of Heaven+1","ats:Overload"],"relics":["ats:Sanity","NeowsBlessing","Golden Idol","ats:Originium","Vajra","Pen Nib","Lantern","Runic Dome","Sundial","Frozen Egg 2","Anchor","Nunchaku"],"acts_visited":["Exordium","TheCity"],"potions_floor_usage":[23,31,33],"damage_taken":[{"damage":0.0,"enemies":"Jaw Worm","floor":1.0,"turns":1.0},{"damage":0.0,"enemies":"2 Louse","floor":4.0,"turns":1.0},{"damage":0.0,"enemies":"3 Sentries","floor":7.0,"turns":1.0},{"damage":2.0,"enemies":"Small Slimes","floor":10.0,"turns":4.0},{"damage":0.0,"enemies":"Looter","floor":14.0,"turns":3.0},{"damage":0.0,"enemies":"Slime Boss","floor":16.0,"turns":6.0},{"damage":5.0,"enemies":"Spheric Guardian","floor":18.0,"turns":3.0},{"damage":20,"enemies":"2 Thieves","floor":22,"turns":3},{"damage":21,"enemies":"Slavers","floor":23,"turns":4},{"damage":0,"enemies":"Snake Plant","floor":28,"turns":2},{"damage":0,"enemies":"Cultist and Chosen","floor":29,"turns":3},{"damage":3,"enemies":"Shelled Parasite and Fungi","floor":30,"turns":3},{"damage":0,"enemies":"Gremlin Leader","floor":31,"turns":4},{"damage":51,"enemies":"Champ","floor":33,"turns":6}],"seed_played":"3798816437109053821","potions_obtained":[{"floor":1.0,"key":"ats:Top Emergency Sanity Potion"},{"floor":4.0,"key":"Dexterity Potion"},{"floor":10.0,"key":"Ancient Potion"},{"floor":28,"key":"PowerPotion"},{"floor":29,"key":"SteroidPotion"}],"is_trial":false,"path_per_floor":["M","?","?","M","?","R","E","R","T","M","T","?","$","M","R","B",null,"M","?","?","?","M","E","?","R","T","$","M","M","M","E","R","B"],"character_chosen":"DOCTOR_CLASS","items_purchased":["Anchor"],"campfire_rested":1,"item_purchase_floors":[27],"current_hp_per_floor":[72,67,67,67,67,67,67,67,67,65,65,70,70,70,70,70,72,67,67,67,67,47,26,26,26,26,26,26,26,23,23,44,0,0],"gold":233,"neow_bonus":"THREE_ENEMY_KILL","is_daily":false,"chose_seed":false,"campfire_upgraded":4,"win_rate":0.0,"timestamp":1609699520,"path_taken":["M","?","?","M","?","R","E","R","T","M","?","?","$","M","R","BOSS","M","?","?","?","M","E","?","R","T","$","M","M","M","E","R","BOSS"],"items_purchased_type":["Relic"],"build_version":"2020-12-22","purchased_purges":2,"victory":false,"max_hp_per_floor":[72,67,67,67,67,67,67,67,67,67,67,72,72,72,72,72,72,72,72,72,72,72,72,72,72,72,72,72,72,72,72,72,72,72],"relic_stats":{"Nunchaku":[1],"counters":[14,44],"Golden Idol":75,"Sundial":[2],"Pen Nib":[9],"obtain_stats":[{"Runic Dome":17,"Lantern":11,"Anchor":27,"Nunchaku":31,"NeowsBlessing":0,"ats:Originium":7,"Golden Idol":2,"Sundial":23,"Vajra":7,"Pen Nib":9,"ats:Sanity":0,"Frozen Egg 2":26},{"Runic Dome":6,"Lantern":4,"Anchor":9,"Nunchaku":13,"NeowsBlessing":0,"ats:Originium":3,"Golden Idol":1,"Sundial":9,"Vajra":3,"Pen Nib":3,"ats:Sanity":0,"Frozen Egg 2":9},{"Runic Dome":16,"Lantern":7,"Anchor":26,"Nunchaku":38,"NeowsBlessing":0,"ats:Originium":3,"Golden Idol":1,"Sundial":26,"Vajra":3,"Pen Nib":3,"ats:Sanity":0,"Frozen Egg 2":26}]},"card_choices":[{"not_picked":["ats:LN2 Cannon","ats:Cat Scratch"],"picked":"ats:Chain Hook","floor":1.0},{"not_picked":["ats:Healing Drone","ats:Support Order"],"picked":"ats:Explosion Area Strengthen","floor":4.0},{"not_picked":["ats:Poison Spread","ats:Hammer On"],"picked":"ats:Disruption Kick","floor":7.0},{"not_picked":["ats:Childhood Dance","ats:Rapid Magazine"],"picked":"ats:Consecutive Shot Auto","floor":10.0},{"not_picked":["ats:Cat Scratch","ats:Part Time Job"],"picked":"ats:Powerful Strike","floor":14.0},{"not_picked":["ats:Rat Pack","ats:Soul Rend"],"picked":"ats:True Silver Slash","floor":16.0},{"not_picked":["ats:Shell Defense","ats:Curse Doll+1"],"picked":"ats:Consecutive Shot Auto+1","floor":18.0},{"not_picked":["ats:Poison Spread","ats:Powerful Strike"],"picked":"ats:Cat Scratch+1","floor":22},{"not_picked":["ats:Blood Oath","ats:Explosion Area Strengthen"],"picked":"ats:Neurotoxin","floor":23},{"not_picked":["ats:LN2 Cannon","ats:Shadow Raid","ats:Soul Absorption"],"picked":"SKIP","floor":28},{"not_picked":["ats:Powerful Strike","ats:LN2 Cannon"],"picked":"ats:Flame Of Heaven+1","floor":29},{"not_picked":["ats:Childhood Dance","ats:Shell Defense"],"picked":"ats:Overload","floor":30},{"not_picked":["ats:Very Hot Blade+1","ats:Hammer On","ats:Chain Hook"],"picked":"SKIP","floor":31}],"player_experience":1262223,"relics_obtained":[{"floor":7.0,"key":"ats:Originium"},{"floor":7.0,"key":"Vajra"},{"floor":9.0,"key":"Pen Nib"},{"floor":11.0,"key":"Lantern"},{"floor":23,"key":"ats:Originium"},{"floor":23,"key":"Sundial"},{"floor":26,"key":"Frozen Egg 2"},{"floor":31,"key":"ats:Originium"},{"floor":31,"key":"Nunchaku"}],"event_choices":[{"damage_healed":0.0,"max_hp_gain":0.0,"max_hp_loss":5.0,"gold_gain":0.0,"event_name":"Golden Idol","player_choice":"Lose Max HP","floor":2.0,"gold_loss":0.0,"damage_taken":0.0,"relics_obtained":["Golden Idol"]},{"damage_healed":0.0,"max_hp_gain":0.0,"max_hp_loss":0.0,"gold_gain":0.0,"event_name":"Liars Game","player_choice":"Ignored","floor":3.0,"gold_loss":0.0,"damage_taken":0.0},{"cards_removed":["ats:Strike G"],"damage_healed":0.0,"max_hp_gain":0.0,"max_hp_loss":0.0,"gold_gain":0.0,"event_name":"The Cleric","player_choice":"Card Removal","floor":5.0,"gold_loss":50.0,"damage_taken":0.0},{"damage_healed":0.0,"max_hp_gain":5.0,"max_hp_loss":0.0,"gold_gain":0.0,"event_name":"Big Fish","player_choice":"Donut","floor":12.0,"gold_loss":0.0,"damage_taken":0.0},{"damage_healed":0.0,"max_hp_gain":0.0,"max_hp_loss":0.0,"gold_gain":0.0,"event_name":"The Library","player_choice":"Read","floor":19.0,"gold_loss":0.0,"damage_taken":0.0,"cards_obtained":["ats:Sword Rain"]},{"cards_removed":["ats:Strike C"],"damage_healed":0.0,"max_hp_gain":0.0,"max_hp_loss":0.0,"gold_gain":0.0,"event_name":"Beggar","player_choice":"Gave Gold","floor":20.0,"gold_loss":75.0,"damage_taken":0.0},{"damage_healed":0,"gold_gain":99,"player_choice":"Stole From Cult","damage_taken":0,"max_hp_gain":0,"max_hp_loss":0,"event_name":"Nest","floor":21,"gold_loss":0},{"damage_healed":0,"gold_gain":0,"cards_transformed":["ats:Defend","ats:Strike S"],"player_choice":"Became Test Subject","damage_taken":0,"max_hp_gain":0,"max_hp_loss":0,"event_name":"Drug Dealer","floor":24,"gold_loss":0,"cards_obtained":["ats:Demon Strength","ats:Ignite"]}],"is_beta":false,"boss_relics":[{"not_picked":["ats:Tactical Delivery","Runic Pyramid"],"picked":"Runic Dome"}],"items_purged_floors":[13,27],"is_endless":false,"potions_floor_spawned":[1,4,10,14,28,29],"killed_by":"Champ","ascension_level":0}}