{"host":"17xjy7b7ubl548g2","time":1611982797,"event":{"mods":["2.2 Compatiblity","Act Like it!","Aspiration","Astrologer","Bard","BaseMod","Challenge The Spire","ChefMod","Colored Map","Colored Powertips","Conspire","Elementarium","Energized Spire","Gensokyo","GifTheSpireLib","Halation","Hallownest","Hermit","Hubris","Humility","Infinite Spire","Jedi Mod","Jorbs\u0027s Wanderer Trilogy","Marisa（霧雨　魔理沙）","Marked Mod","Menagerie","Minty Spire (QoL Compilation)","Permanent Neow","Reliquary","Replay The Spire","Robot Space Explorer","Spicy Shops","Spire Arcade","StSLib","Stuff the Spire","The Blue Laboratory","The Bug Knight","The Construct","The Disciple","The Hayseed","The Hierophant","The Marked","The Runesmith","The Sage","TheFirefly"],"gold_per_floor":[113,125,144,160,177,177,210,210,263,298,323,340,440,478,478,598,598,639,81,131,162,192,192,250,276,303,358,358,273,273,305,305,431,431,458,458,486,525,525,525,569,68,114,114,114,114,114,166,166,200],"floor_reached":51,"language":"ENG","playtime":3554,"items_purged":[],"score":1053,"play_id":"8a11cbdb-efab-4e63-9a2a-0abd6c680890","local_time":"20210129235957","daily_mods":["SealedDeck","Heirloom"],"is_ascension_mode":true,"campfire_choices":[{"data":"Go for the Eyes","floor":6,"key":"SMITH"},{"data":"jedi:markofdeath","floor":8,"key":"SMITH"},{"data":"StuffTheSpire:Synthwave","floor":15,"key":"SMITH"},{"data":"ReplayUltimateDefense","floor":23,"key":"SMITH"},{"data":"ReplayUltimateDefense","floor":28,"key":"SMITH"},{"data":"hubris:PowerSurge","floor":30,"key":"SMITH"},{"data":"hubris:PowerSurge","floor":32,"key":"SMITH"},{"data":"Electrodynamics","floor":40,"key":"SMITH"},{"data":"infinitespire:Gouge","floor":44,"key":"SMITH"},{"data":"Mirror Shield","floor":47,"key":"SMITH"},{"data":"Consume","floor":49,"key":"SMITH"}],"circlet_count":0,"master_deck":["BasicCrystalCard","Beam Cell","hubris:PowerSurge+1","Go for the Eyes+1","jedi:BurstFrost","jedi:BurstFrost","jedi:BurstLightning","Coolheaded","hubris:PowerSurge+1","Ball Lightning","Ball Lightning","Leap","jedi:markofdeath+1","Conserve Battery","jedi:BurstFrost","Rebound","StuffTheSpire:Synthwave+1","Cold Snap","Cold Snap","ReplayUltimateDefense+1","ReplayUltimateDefense+1","jedi:BurstFrost+1","Ball Lightning","Melter","Electrodynamics+1","jedi:BurstFrost","infinitespire:Gouge+1","Steam+1","FIFO Queue","Mirror Shield+1","Consume+1"],"relics":["Cracked Core","Ring of Chaos","Peace Pipe","TungstenRod","halation:IllGainedPizza","Replay:Bandana","reliquary:Ember","StuffTheSpire:CocoNut","DollysMirror","Darkstone Periapt","Bag of Preparation","Carrot","Anchor","Philosopher\u0027s Stone","hubris:SlimyHat","hubris:RGBLights","Art of War","Replay:Rubber Ducky","HollowMod:PaleOreRelic"],"acts_visited":["Exordium","TheCity","TheBeyond"],"potions_floor_usage":[5,7,18,24,33,41,50,50],"damage_taken":[{"damage":0,"enemies":"Cultist","floor":1,"turns":2},{"damage":0,"enemies":"Jaw Worm","floor":2,"turns":2},{"damage":0,"enemies":"infinitespire:Voidling","floor":3,"turns":1},{"damage":0,"enemies":"Blue Slaver","floor":4,"turns":2},{"damage":0,"enemies":"2 Fungi Beasts","floor":5,"turns":2},{"damage":17,"enemies":"3 Sentries","floor":7,"turns":5},{"damage":0,"enemies":"Lagavulin","floor":10,"turns":4},{"damage":0,"enemies":"3 Louse","floor":11,"turns":2},{"damage":0,"enemies":"Blue Slaver","floor":12,"turns":2},{"damage":0,"enemies":"Gremlin Gang","floor":14,"turns":6},{"damage":3,"enemies":"The Guardian","floor":16,"turns":6},{"damage":0,"enemies":"3 Byrds","floor":18,"turns":3},{"damage":11,"enemies":"2 Thieves","floor":21,"turns":3},{"damage":1,"enemies":"conspire:HollyBat","floor":22,"turns":7},{"damage":1,"enemies":"Replay:Snechameleon","floor":24,"turns":4},{"damage":1,"enemies":"Snake Plant","floor":25,"turns":3},{"damage":1,"enemies":"conspire:Head Lice","floor":27,"turns":5},{"damage":0,"enemies":"Shelled Parasite and Fungi","floor":31,"turns":3},{"damage":22,"enemies":"Collector","floor":33,"turns":6},{"damage":0,"enemies":"Orb Walker","floor":35,"turns":2},{"damage":0,"enemies":"3 Darklings","floor":37,"turns":3},{"damage":5,"enemies":"Sphere and 2 Shapes","floor":38,"turns":3},{"damage":0,"enemies":"Reptomancer","floor":41,"turns":3},{"damage":0,"enemies":"HollowMod:StalkingDevout","floor":48,"turns":4},{"damage":17,"enemies":"Awakened One","floor":50,"turns":9}],"seed_played":"2308221011028119143","potions_obtained":[{"floor":1,"key":"Swift Potion"},{"floor":3,"key":"blueLaboratory:BiasPotion"},{"floor":4,"key":"SkillPotion"},{"floor":10,"key":"Strength Potion"},{"floor":16,"key":"jedi:wingpotion"},{"floor":21,"key":"blueLaboratory:StoneskinPotion"},{"floor":31,"key":"CultistPotion"},{"floor":38,"key":"ColorlessPotion"}],"is_trial":true,"path_per_floor":["M","M","M","M","M","R","E","R","T","E","M","M","?","M","R","B",null,"M","$","?","M","M","R","E","M","T","E","R","?","R","M","R","B",null,"M","?","M","M","?","R","E","$","T","R","$","?","R","E","R","B",null],"character_chosen":"DEFECT","items_purchased":["StuffTheSpire:CocoNut","ReplayUltimateDefense","DollysMirror","hubris:RGBLights","Mirror Shield","blueLaboratory:HorrorPotion","Replay:Rubber Ducky"],"campfire_rested":0,"item_purchase_floors":[19,19,19,42,42,42,45],"current_hp_per_floor":[75,75,75,75,75,75,58,58,58,58,58,58,58,58,58,55,70,70,77,77,66,65,65,64,63,63,62,62,62,62,62,62,40,72,72,54,54,49,49,49,49,49,49,49,39,68,68,68,68,51],"gold":200,"neow_bonus":"","is_daily":false,"chose_seed":false,"campfire_upgraded":11,"win_rate":0.0,"timestamp":1611982797,"path_taken":["M","?","M","M","M","R","E","R","T","E","?","M","?","?","R","BOSS","M","$","?","M","M","R","E","?","T","E","R","?","R","M","R","BOSS","M","?","M","M","?","R","E","$","T","R","?","?","R","E","R","BOSS"],"items_purchased_type":["Relic","Card","Relic","Relic","Card","Potion","Relic"],"build_version":"2020-12-22","purchased_purges":0,"victory":true,"max_hp_per_floor":[75,75,75,75,75,75,75,75,75,75,75,75,75,75,75,75,75,75,82,82,82,82,82,82,82,82,82,82,82,82,82,82,82,82,82,82,82,82,78,78,78,78,78,78,78,68,68,68,68,68],"card_choices":[{"not_picked":["Skim","Rebound"],"picked":"Ball Lightning","floor":1},{"not_picked":["Heatsinks","Gash"],"picked":"Leap","floor":2},{"not_picked":["Go for the Eyes","StuffTheSpire:Plugnplay"],"picked":"jedi:markofdeath","floor":3},{"not_picked":["Compile Driver","Hyperbeam"],"picked":"Conserve Battery","floor":4},{"not_picked":["Barrage","Hologram"],"picked":"jedi:BurstFrost","floor":5},{"not_picked":["Leap","Beam Cell"],"picked":"Rebound","floor":7},{"not_picked":["Scrape","Steam Power"],"picked":"StuffTheSpire:Synthwave","floor":10},{"not_picked":["Gash","Doom and Gloom","Rebound"],"picked":"SKIP","floor":11},{"not_picked":["StuffTheSpire:LoadUp","ReplaySolidLightProjector"],"picked":"Cold Snap","floor":12},{"not_picked":["Barrage","Double Energy","Turbo"],"picked":"SKIP","floor":14},{"not_picked":["StuffTheSpire:Plugnplay","Aggregate+1","Cold Snap"],"picked":"SKIP","floor":18},{"not_picked":["StuffTheSpire:Plugnplay","Aggregate+1"],"picked":"Cold Snap","floor":18},{"not_picked":["Panic Button+1","Gash"],"picked":"jedi:BurstFrost+1","floor":21},{"not_picked":["jedi:BurstFrost","Panic Button","Sunder"],"picked":"SKIP","floor":22},{"not_picked":["Crystallizer","hubris:SpecializedCircuitry","jedi:blockon"],"picked":"SKIP","floor":24},{"not_picked":["jedi:BurstLightning+1","Static Discharge+1","Panic Button"],"picked":"SKIP","floor":25},{"not_picked":["Streamline","Melter"],"picked":"Ball Lightning","floor":27},{"not_picked":["Turbo","ReplaySolidLightProjector"],"picked":"Melter","floor":31},{"not_picked":["Buffer","Amplify"],"picked":"Electrodynamics","floor":33},{"not_picked":["Turbo+1","ReplayGash"],"picked":"jedi:BurstFrost","floor":35},{"not_picked":["ReplayTheSpireMod:Chaos Vortex","ReplayTheSpireMod:??????????????????????"],"picked":"infinitespire:Gouge","floor":36},{"not_picked":["StuffTheSpire:LoadUp+1","StuffTheSpire:SnapShoot","Rebound"],"picked":"SKIP","floor":37},{"not_picked":["Coolheaded","jedi:reiji+1"],"picked":"Steam+1","floor":38},{"not_picked":["Cold Snap","StuffTheSpire:Plugnplay"],"picked":"FIFO Queue","floor":41},{"not_picked":["jedi:blockon+1","Amplify"],"picked":"Consume","floor":48}],"player_experience":2015392,"relics_obtained":[{"floor":7,"key":"TungstenRod"},{"floor":9,"key":"halation:IllGainedPizza"},{"floor":10,"key":"Replay:Bandana"},{"floor":24,"key":"Darkstone Periapt"},{"floor":26,"key":"Bag of Preparation"},{"floor":27,"key":"Carrot"},{"floor":41,"key":"hubris:SlimyHat"},{"floor":43,"key":"Art of War"},{"floor":48,"key":"HollowMod:PaleOreRelic"}],"event_choices":[{"damage_healed":0,"gold_gain":100,"player_choice":"Pray","damage_taken":0,"max_hp_gain":0,"max_hp_loss":0,"event_name":"Golden Shrine","floor":13,"gold_loss":0},{"damage_healed":0,"gold_gain":100,"player_choice":"Bet on Murderer","damage_taken":0,"max_hp_gain":0,"max_hp_loss":0,"event_name":"The Joust","floor":20,"gold_loss":50},{"damage_healed":0,"gold_gain":0,"player_choice":"Obtained Relic","damage_taken":0,"relics_obtained":["Anchor"],"max_hp_gain":0,"max_hp_loss":0,"event_name":"Addict","floor":29,"gold_loss":85},{"damage_healed":0,"gold_gain":0,"player_choice":"Max HP","damage_taken":0,"max_hp_gain":0,"max_hp_loss":4,"event_name":"Winding Halls","floor":39,"gold_loss":0},{"damage_healed":68,"gold_gain":0,"player_choice":"Heal","damage_taken":0,"max_hp_gain":0,"max_hp_loss":10,"event_name":"The Moai Head","floor":46,"gold_loss":0}],"is_beta":false,"boss_relics":[{"not_picked":["hubris:HollowSoul","halation:PlatinumPhoenix"],"picked":"reliquary:Ember"},{"not_picked":["aspiration:WatcherSkillbook","aspiration:MarisaSkillbook"],"picked":"Philosopher\u0027s Stone"}],"items_purged_floors":[],"is_endless":false,"potions_floor_spawned":[1,3,4,10,16,21,22,31,38],"ascension_level":5,"is_humility":true}}