{"host":"nw4g04f085wnqcgt","time":1611986699,"event":{"mods":["AchievementEnabler","BaseMod","Colored Map","Colored Powertips","DeckTracker","Minty Spire (QoL Compilation)","Relic Sorter","SuperFastMode"],"gold_per_floor":[118,193,207,224,224,258,258,287,287,306,4,29,29,39,39,142,142,156,156,156,81,92,92,124,49,125,125,225,225,225,243,243,343,343,354,354,354,404,130,163,163,189,241,241,241],"floor_reached":44,"language":"ENG","playtime":1852,"items_purged":["Strike_R","Strike_R"],"score":654,"play_id":"fa76ab64-e575-4aac-9ffe-0d50302de821","local_time":"20210130010459","is_ascension_mode":true,"campfire_choices":[{"floor":7,"key":"REST"},{"floor":13,"key":"REST"},{"data":"Pommel Strike","floor":15,"key":"SMITH"},{"floor":23,"key":"REST"},{"floor":27,"key":"REST"},{"floor":29,"key":"REST"},{"floor":32,"key":"REST"},{"floor":41,"key":"RECALL"}],"circlet_count":0,"master_deck":["Strike_R+1","Defend_R","Defend_R","Defend_R+1","Defend_R","Bash","Warcry+1","Pommel Strike+1","Clothesline+1","Limit Break+1","Shrug It Off+1","Juggernaut","Spot Weakness+1","Sword Boomerang+1","Limit Break+1","Warcry+1","Disarm+1","Flex+1","Shrug It Off+1"],"relics":["Busted Crown","Strawberry","Toxic Egg 2","Gremlin Horn","Toy Ornithopter","Sozu","Nilry\u0027s Codex","Molten Egg 2","Paper Frog","Lizard Tail","StrikeDummy","Fusion Hammer","StoneCalendar","Whetstone","Dream Catcher","Mercury Hourglass","Oddly Smooth Stone"],"acts_visited":["Exordium","TheCity","TheBeyond"],"potions_floor_usage":[6,6,12,16,22],"damage_taken":[{"damage":0,"enemies":"2 Louse","floor":1,"turns":3},{"damage":2,"enemies":"Jaw Worm","floor":3,"turns":3},{"damage":0,"enemies":"Small Slimes","floor":4,"turns":2},{"damage":11,"enemies":"3 Sentries","floor":6,"turns":7},{"damage":24,"enemies":"Gremlin Nob","floor":8,"turns":4},{"damage":9,"enemies":"3 Louse","floor":10,"turns":3},{"damage":4,"enemies":"3 Sentries","floor":12,"turns":5},{"damage":4,"enemies":"Blue Slaver","floor":14,"turns":3},{"damage":41,"enemies":"The Guardian","floor":16,"turns":15},{"damage":13,"enemies":"3 Byrds","floor":18,"turns":5},{"damage":6,"enemies":"Shell Parasite","floor":22,"turns":4},{"damage":32,"enemies":"Book of Stabbing","floor":24,"turns":5},{"damage":17,"enemies":"Colosseum Slavers","floor":28,"turns":5},{"damage":41,"enemies":"Colosseum Nobs","floor":28,"turns":5},{"damage":7,"enemies":"Chosen and Byrds","floor":31,"turns":4},{"damage":69,"enemies":"Automaton","floor":33,"turns":8},{"damage":12,"enemies":"3 Darklings","floor":35,"turns":3},{"damage":0,"enemies":"Mind Bloom Boss Battle","floor":38,"turns":5},{"damage":2,"enemies":"Reptomancer","floor":40,"turns":3},{"damage":40,"enemies":"Nemesis","floor":42,"turns":7},{"damage":26,"enemies":"Reptomancer","floor":44,"turns":2}],"seed_played":"1736853689006010454","potions_obtained":[{"floor":3,"key":"ColorlessPotion"},{"floor":4,"key":"EssenceOfSteel"},{"floor":10,"key":"Strength Potion"},{"floor":14,"key":"BlessingOfTheForge"},{"floor":16,"key":"FearPotion"}],"is_trial":false,"path_per_floor":["M","?","M","M","?","E","R","E","T","M","$","E","R","M","R","B",null,"M","?","?","?","M","R","E","$","T","R","?","R","?","M","R","B",null,"M","?","?","?","$","E","R","E","T","E"],"character_chosen":"IRONCLAD","items_purchased":["Shrug It Off+1","Gremlin Horn","Flex+1","Whetstone"],"campfire_rested":6,"item_purchase_floors":[11,11,39,39],"current_hp_per_floor":[80,69,67,67,51,47,73,49,49,40,40,36,62,58,58,22,71,58,58,42,42,41,67,35,35,35,61,3,29,29,22,48,43,76,64,64,64,64,64,62,62,22,22,0,0],"gold":241,"neow_bonus":"BOSS_RELIC","is_daily":false,"chose_seed":false,"campfire_upgraded":1,"win_rate":0.0,"timestamp":1611986699,"path_taken":["M","?","M","M","?","E","R","E","T","M","?","E","R","M","R","BOSS","M","?","?","?","M","R","E","?","T","R","?","R","?","M","R","BOSS","M","?","?","?","$","E","R","E","T","E"],"items_purchased_type":["Card","Relic","Card","Relic"],"build_version":"2020-12-22","purchased_purges":2,"victory":false,"max_hp_per_floor":[80,80,80,80,80,87,87,87,87,87,87,87,87,87,87,87,87,87,87,87,87,87,87,87,87,87,87,87,87,87,87,87,87,87,87,83,83,83,83,83,83,83,83,83,83],"card_choices":[{"not_picked":[],"picked":"Warcry","floor":1},{"not_picked":[],"picked":"Pommel Strike","floor":3},{"not_picked":[],"picked":"Clothesline","floor":4},{"not_picked":["Rupture"],"picked":"SKIP","floor":6},{"not_picked":["Heavy Blade"],"picked":"SKIP","floor":8},{"not_picked":[],"picked":"Limit Break+1","floor":10},{"not_picked":["Uppercut"],"picked":"SKIP","floor":12},{"not_picked":["Rage+1"],"picked":"SKIP","floor":14},{"not_picked":[],"picked":"Juggernaut","floor":16},{"not_picked":["Burning Pact+1"],"picked":"SKIP","floor":18},{"not_picked":["Perfected Strike"],"picked":"SKIP","floor":22},{"not_picked":["Juggernaut"],"picked":"SKIP","floor":24},{"not_picked":[],"picked":"Sword Boomerang+1","floor":28},{"not_picked":["Searing Blow+1"],"picked":"SKIP","floor":31},{"not_picked":[],"picked":"Limit Break+1","floor":33},{"not_picked":[],"picked":"Warcry+1","floor":35},{"not_picked":[],"picked":"Disarm+1","floor":38},{"not_picked":["Infernal Blade+1"],"picked":"SKIP","floor":40},{"not_picked":[],"picked":"Shrug It Off+1","floor":42}],"player_experience":361739,"relics_obtained":[{"floor":6,"key":"Strawberry"},{"floor":8,"key":"Toxic Egg 2"},{"floor":12,"key":"Toy Ornithopter"},{"floor":20,"key":"Nilry\u0027s Codex"},{"floor":24,"key":"Molten Egg 2"},{"floor":26,"key":"Paper Frog"},{"floor":28,"key":"Lizard Tail"},{"floor":28,"key":"StrikeDummy"},{"floor":38,"key":"StoneCalendar"},{"floor":40,"key":"Dream Catcher"},{"floor":42,"key":"Mercury Hourglass"},{"floor":43,"key":"Oddly Smooth Stone"}],"event_choices":[{"damage_healed":0,"gold_gain":75,"player_choice":"Gather Gold","damage_taken":11,"max_hp_gain":0,"max_hp_loss":0,"event_name":"World of Goop","floor":2,"gold_loss":0},{"damage_healed":0,"gold_gain":0,"player_choice":"Entered Light","damage_taken":16,"max_hp_gain":0,"max_hp_loss":0,"event_name":"Shining Light","floor":5,"gold_loss":0,"cards_upgraded":["Defend_R","Warcry"]},{"damage_healed":0,"gold_gain":0,"player_choice":"Read","damage_taken":0,"max_hp_gain":0,"max_hp_loss":0,"event_name":"The Library","floor":19,"gold_loss":0,"cards_obtained":["Spot Weakness"]},{"damage_healed":0,"gold_gain":0,"player_choice":"Obtained Book","damage_taken":16,"max_hp_gain":0,"max_hp_loss":0,"event_name":"Cursed Tome","floor":20,"gold_loss":0},{"cards_removed":["Strike_R"],"damage_healed":0,"gold_gain":0,"player_choice":"Gave Gold","damage_taken":0,"max_hp_gain":0,"max_hp_loss":0,"event_name":"Beggar","floor":21,"gold_loss":75},{"damage_healed":0,"gold_gain":0,"player_choice":"Fight","damage_taken":0,"max_hp_gain":0,"max_hp_loss":0,"event_name":"Colosseum","floor":28,"gold_loss":0},{"damage_healed":0,"gold_gain":0,"player_choice":"Fought Nobs","damage_taken":0,"max_hp_gain":0,"max_hp_loss":0,"event_name":"Colosseum","floor":28,"gold_loss":0},{"cards_removed":["Strike_R"],"damage_healed":0,"gold_gain":0,"player_choice":"Elegance","damage_taken":0,"max_hp_gain":0,"max_hp_loss":0,"event_name":"Back to Basics","floor":30,"gold_loss":0},{"damage_healed":0,"gold_gain":0,"player_choice":"Max HP","damage_taken":0,"max_hp_gain":0,"max_hp_loss":4,"event_name":"Winding Halls","floor":36,"gold_loss":0},{"damage_healed":0,"gold_gain":0,"player_choice":"Ignored","damage_taken":0,"max_hp_gain":0,"max_hp_loss":0,"event_name":"Tomb of Lord Red Mask","floor":37,"gold_loss":0},{"damage_healed":0,"gold_gain":0,"player_choice":"Fight","damage_taken":0,"max_hp_gain":0,"max_hp_loss":0,"event_name":"MindBloom","floor":38,"gold_loss":0}],"is_beta":false,"boss_relics":[{"not_picked":["Runic Pyramid","Tiny House"],"picked":"Sozu"},{"not_picked":["Philosopher\u0027s Stone","Velvet Choker"],"picked":"Fusion Hammer"}],"items_purged_floors":[25,39],"is_endless":false,"potions_floor_spawned":[3,4,10,14,16,22,24,28,38,42],"killed_by":"Reptomancer","ascension_level":5}}