{"host":"7tvb1em0d2fx72q7","time":1611989524,"event":{"mods":["BaseMod","Challenge The Spire","Minty Spire (QoL Compilation)","StSLib","everything is the same but u backflip on backflip"],"gold_per_floor":[364,380,380,397,416,441,62,62,88,107,187,187,199,199,199,277,277,290,290,300,319,319,319],"floor_reached":22,"language":"ENG","playtime":1316,"items_purged":["Strike_B"],"score":376,"play_id":"0879728c-78b3-4eb1-b889-8a3652edc95a","local_time":"20210130015204","is_ascension_mode":true,"campfire_choices":[{"floor":12,"key":"REST"},{"floor":15,"key":"REST"}],"circlet_count":0,"master_deck":["AscendersBane","Strike_B","Strike_B","Defend_B","Defend_B","Defend_B","Defend_B","Zap","Dualcast","Gash","Cold Snap","Sweeping Beam","Core Surge","BootSequence","Fusion","Compile Driver","Gash","Go for the Eyes","Echo Form","Consume","Ghostly","Ghostly","Ghostly","Loop+1","Hologram"],"relics":["Cracked Core","Tiny Chest","Runic Capacitor","Bronze Scales","Shuriken","Snecko Eye"],"acts_visited":["Exordium","TheCity"],"potions_floor_usage":[10,10,16,22],"damage_taken":[{"damage":0,"enemies":"Small Slimes","floor":1,"turns":2},{"damage":7,"enemies":"Jaw Worm","floor":2,"turns":3},{"damage":0,"enemies":"Cultist","floor":4,"turns":3},{"damage":2,"enemies":"Blue Slaver","floor":5,"turns":4},{"damage":36,"enemies":"Gremlin Nob","floor":6,"turns":5},{"damage":0,"enemies":"Looter","floor":10,"turns":3},{"damage":8,"enemies":"Large Slime","floor":13,"turns":4},{"damage":14,"enemies":"Hexaghost","floor":16,"turns":7},{"damage":31,"enemies":"Shell Parasite","floor":18,"turns":5},{"damage":0,"enemies":"Chosen","floor":20,"turns":7},{"damage":3,"enemies":"3 Cultists","floor":21,"turns":7},{"damage":34,"enemies":"Cultist and Chosen","floor":22,"turns":3}],"seed_played":"-7478778450895316615","potions_obtained":[{"floor":4,"key":"FocusPotion"},{"floor":5,"key":"FocusPotion"},{"floor":10,"key":"BlessingOfTheForge"},{"floor":13,"key":"PowerPotion"},{"floor":20,"key":"FearPotion"},{"floor":21,"key":"FocusPotion"}],"is_trial":false,"path_per_floor":["M","M","?","M","M","E","$","?","T","M","?","R","M","T","R","B",null,"M","?","M","M","M"],"character_chosen":"DEFECT","items_purchased":["Runic Capacitor","Fusion","Compile Driver"],"campfire_rested":2,"item_purchase_floors":[7,7,7],"current_hp_per_floor":[46,39,39,39,37,1,1,1,1,1,1,22,14,14,35,21,59,28,28,28,25,0,0],"gold":319,"neow_bonus":"TWO_FIFTY_GOLD","is_daily":false,"chose_seed":false,"campfire_upgraded":0,"win_rate":0.0,"timestamp":1611989524,"path_taken":["M","M","?","M","M","E","$","?","T","?","?","R","M","?","R","BOSS","M","?","M","M","M"],"items_purchased_type":["Relic","Card","Card"],"build_version":"2020-12-22","purchased_purges":1,"victory":false,"max_hp_per_floor":[71,71,71,71,71,71,71,71,71,71,71,71,71,71,71,71,71,71,35,35,35,35,35],"card_choices":[{"not_picked":["Redo","Hello World"],"picked":"Gash","floor":1},{"not_picked":["Go for the Eyes","Beam Cell"],"picked":"Cold Snap","floor":2},{"not_picked":["Consume","Hologram"],"picked":"Sweeping Beam","floor":4},{"not_picked":["Loop","Rip and Tear"],"picked":"Core Surge","floor":5},{"not_picked":["Coolheaded","Beam Cell"],"picked":"BootSequence","floor":6},{"not_picked":["Hello World","Beam Cell"],"picked":"Gash","floor":10},{"not_picked":["Rebound","Gash"],"picked":"Go for the Eyes","floor":13},{"not_picked":["Amplify","Buffer"],"picked":"Echo Form","floor":16},{"not_picked":["Heatsinks","Sweeping Beam"],"picked":"Consume","floor":18},{"not_picked":["Sweeping Beam","Ball Lightning"],"picked":"Loop+1","floor":20},{"not_picked":["Lockon","Leap+1"],"picked":"Hologram","floor":21}],"player_experience":1987767,"relics_obtained":[{"floor":6,"key":"Tiny Chest"},{"floor":9,"key":"Bronze Scales"},{"floor":14,"key":"Shuriken"}],"event_choices":[{"damage_healed":0,"gold_gain":0,"player_choice":"Ignored","damage_taken":0,"max_hp_gain":0,"max_hp_loss":0,"event_name":"Shining Light","floor":3,"gold_loss":0},{"cards_removed":["Strike_B"],"damage_healed":0,"gold_gain":0,"player_choice":"Purged","damage_taken":0,"max_hp_gain":0,"max_hp_loss":0,"event_name":"Purifier","floor":8,"gold_loss":0},{"damage_healed":0,"gold_gain":80,"player_choice":"Gained Gold","damage_taken":0,"max_hp_gain":0,"max_hp_loss":0,"event_name":"Golden Wing","floor":11,"gold_loss":0},{"damage_healed":0,"gold_gain":0,"player_choice":"Became a Ghost","damage_taken":0,"max_hp_gain":0,"max_hp_loss":36,"event_name":"Ghosts","floor":19,"gold_loss":0,"cards_obtained":["Ghostly","Ghostly","Ghostly"]}],"is_beta":false,"boss_relics":[{"not_picked":["Sozu","Inserter"],"picked":"Snecko Eye"}],"items_purged_floors":[7],"is_endless":false,"potions_floor_spawned":[4,5,10,13,20,21],"killed_by":"Cultist and Chosen","ascension_level":20}}