{"host":"mo324zvkdr1xwprd","time":1611975707,"event":{"mods":["BaseMod","Better Note","BetterRewards","Hermit","Highlight Path","Hubris","Minty Spire (QoL Compilation)","Quick Restart","Rare Cards Sparkle","Shop Mod","StSLib","The Cursed","The Hierophant"],"gold_per_floor":[116,136,148,165,181,212,212,246,246,258,258,283,315,284,284,388,388,406,0,99,99,112,147,147,173,226,240,272,290,306,333,333,438,438,451,1,16,16,16,45,45,78,160,192,208,221,233,263,263,263,263,263,9,38,38],"floor_reached":56,"language":"ENG","playtime":6858,"items_purged":[],"score":1661,"play_id":"9021ed79-2f92-46fa-b5f4-5db2d52cb7f9","local_time":"20210130030146","is_ascension_mode":true,"campfire_choices":[{"floor":7.0,"key":"REST"},{"floor":15.0,"key":"REST"},{"floor":24.0,"key":"RECALL"},{"floor":32.0,"key":"REST"},{"floor":41.0,"key":"REST"},{"floor":49.0,"key":"REST"},{"floor":52.0,"key":"REST"}],"circlet_count":0,"master_deck":["TheCursedMod:Strike_TheCursed","TheCursedMod:Strike_TheCursed","TheCursedMod:Strike_TheCursed","TheCursedMod:Defend_TheCursed","TheCursedMod:Defend_TheCursed","TheCursedMod:Defend_TheCursed","TheCursedMod:Defend_TheCursed","TheCursedMod:CursedWand","TheCursedMod:CleanUpWorkshop","TheCursedMod:Dregs","TheCursedMod:SpreadPlague","TheCursedMod:TacticalStrike","TheCursedMod:TacticalStrike","TheCursedMod:StingEye","TheCursedMod:AntiAging+1","TheCursedMod:CursedSpellbook","TheCursedMod:TacticalStrike+1","TheCursedMod:SurpriseAttack+1","TheCursedMod:SoulReap+1","TheCursedMod:VoidForm","TheCursedMod:SurpriseAttack+1","Finesse","TheCursedMod:CursedBoomerang+1","TheCursedMod:SoulReap+1","TheCursedMod:TroublousMinions","TheCursedMod:CircleOfBlood","TheCursedMod:CircleOfBlood","TheCursedMod:CircleOfBlood","TheCursedMod:CircleOfBlood+1","TheCursedMod:DoubleShield","TheCursedMod:CursedBoomerang+1","TheCursedMod:NeowsMight","TheCursedMod:SpitefulPlan","Panacea","TheCursedMod:CursedShiv+1","TheCursedMod:RapidMovement","TheCursedMod:CursedSpellbook+1","TheCursedMod:SpitefulPray+1","TheCursedMod:LuckyCharm+1","TheCursedMod:SpitefulStrike+1","TheCursedMod:ReleasedKnowledge+1","TheCursedMod:ReleasedStrength+1","TheCursedMod:CursedShiv+1","TheCursedMod:CursedShiv+1","Enlightenment","TheCursedMod:Grudge+1"],"relics":["TheCursedMod:BlackMagicAdvanced","Art of War","Molten Egg 2","Happy Flower","Oddly Smooth Stone","Fusion Hammer","hubris:SphereOfDissonance","Anchor","Tiny Chest","Pen Nib","Regal Pillow","Red Mask","Mango","hubris:Towel","hubris:TinFlute","Bag of Marbles","hubris:Zylophone","hubris:MysteriousPyramids","HornCleat","Bronze Scales","Lantern","Lizard Tail"],"acts_visited":["Exordium","TheCity","TheBeyond","TheEnding"],"potions_floor_usage":[55,55],"damage_taken":[{"damage":0.0,"enemies":"Small Slimes","floor":1.0,"turns":4.0},{"damage":1.0,"enemies":"Jaw Worm","floor":2.0,"turns":4.0},{"damage":0.0,"enemies":"2 Louse","floor":3.0,"turns":3.0},{"damage":18.0,"enemies":"Exordium Thugs","floor":4.0,"turns":6.0},{"damage":10.0,"enemies":"3 Louse","floor":5.0,"turns":3.0},{"damage":17.0,"enemies":"Gremlin Nob","floor":6.0,"turns":5.0},{"damage":43.0,"enemies":"3 Sentries","floor":8.0,"turns":11.0},{"damage":1.0,"enemies":"Exordium Wildlife","floor":10.0,"turns":3.0},{"damage":19.0,"enemies":"Gremlin Nob","floor":13.0,"turns":4.0},{"damage":29.0,"enemies":"The Guardian","floor":16.0,"turns":8.0},{"damage":0.0,"enemies":"Spheric Guardian","floor":18.0,"turns":3.0},{"damage":11.0,"enemies":"2 Thieves","floor":22.0,"turns":4.0},{"damage":8.0,"enemies":"Book of Stabbing","floor":23.0,"turns":3.0},{"damage":24.0,"enemies":"Slavers","floor":25.0,"turns":8.0},{"damage":0.0,"enemies":"3 Cultists","floor":27.0,"turns":3.0},{"damage":16.0,"enemies":"Book of Stabbing","floor":28.0,"turns":4.0},{"damage":0.0,"enemies":"Chosen and Byrds","floor":29.0,"turns":4.0},{"damage":0.0,"enemies":"Centurion and Healer","floor":30.0,"turns":4.0},{"damage":17.0,"enemies":"Masked Bandits","floor":31.0,"turns":4.0},{"damage":45.0,"enemies":"Champ","floor":33.0,"turns":6.0},{"damage":12.0,"enemies":"3 Shapes","floor":35.0,"turns":3.0},{"damage":18.0,"enemies":"3 Darklings","floor":37.0,"turns":6.0},{"damage":8.0,"enemies":"Nemesis","floor":40.0,"turns":5.0},{"damage":15.0,"enemies":"Reptomancer","floor":42.0,"turns":5.0},{"damage":15.0,"enemies":"Giant Head","floor":44.0,"turns":4.0},{"damage":11.0,"enemies":"Writhing Mass","floor":45.0,"turns":4.0},{"damage":0.0,"enemies":"Transient","floor":46.0,"turns":5.0},{"damage":0.0,"enemies":"4 Shapes","floor":47.0,"turns":4.0},{"damage":0.0,"enemies":"Nemesis","floor":48.0,"turns":3.0},{"damage":61.0,"enemies":"Awakened One","floor":50.0,"turns":8.0},{"damage":8.0,"enemies":"Shield and Spear","floor":54.0,"turns":4.0},{"damage":127,"enemies":"The Heart","floor":55,"turns":7}],"seed_played":"-8056630371321875085","potions_obtained":[{"floor":4.0,"key":"Block Potion"},{"floor":8.0,"key":"FairyPotion"},{"floor":10.0,"key":"TheCursedMod:DregsPotion"},{"floor":13.0,"key":"PowerPotion"},{"floor":18.0,"key":"FearPotion"},{"floor":22.0,"key":"DistilledChaos"},{"floor":25.0,"key":"SkillPotion"},{"floor":29.0,"key":"LiquidBronze"},{"floor":40.0,"key":"SteroidPotion"},{"floor":44.0,"key":"AttackPotion"},{"floor":54.0,"key":"ColorlessPotion"}],"is_trial":false,"path_per_floor":["M","M","M","M","M","E","R","E","T","M","?","T","E","?","R","B",null,"M","$","?","?","M","E","R","E","T","M","E","M","M","?","R","B",null,"M","$","M","?","T","E","R","E","T","E","M","M","M","E","R","B",null,"R","$","E","B",null],"character_chosen":"THE_CURSED","items_purchased":["hubris:SphereOfDissonance","Finesse","TheCursedMod:CursedBoomerang+1","Panacea","TheCursedMod:CursedShiv+1","TheCursedMod:RapidMovement","Mango","Lantern","Enlightenment"],"campfire_rested":6,"item_purchase_floors":[19,19,19,36,36,36,36,53,53],"current_hp_per_floor":[82,81,81,63,53,38,63,22,22,21,21,21,2,2,27,11,89,89,89,89,89,88,87,87,81,81,101,88,104,107,104,107,97,110,106,120,122,122,122,130,130,132,132,136,128,142,142,145,145,115,148,148,148,150,71],"gold":38,"neow_bonus":"TEN_PERCENT_HP_BONUS","is_daily":false,"chose_seed":false,"campfire_upgraded":0,"win_rate":0.0,"timestamp":1611975706,"path_taken":["M","M","M","M","M","E","R","E","T","M","?","?","E","?","R","BOSS","M","$","?","?","M","E","R","E","T","M","E","M","?","?","R","BOSS","M","$","M","?","?","E","R","E","T","E","?","M","M","E","R","BOSS","R","$","E","BOSS"],"items_purchased_type":["Relic","Card","Card","Card","Card","Card","Relic","Relic","Card"],"build_version":"2020-12-22","purchased_purges":0,"victory":true,"max_hp_per_floor":[82,82,82,82,82,84,84,86,86,86,86,86,86,86,86,89,89,89,89,89,89,92,95,95,98,98,101,104,104,107,107,107,110,110,110,124,127,127,127,130,130,133,133,136,139,142,142,145,145,148,148,148,148,151,154],"card_choices":[{"not_picked":["TheCursedMod:CircleOfFlame","TheCursedMod:CursedMace"],"picked":"TheCursedMod:SpreadPlague","floor":1.0},{"not_picked":["TheCursedMod:SmokeScreen","TheCursedMod:ManaBullet"],"picked":"TheCursedMod:TacticalStrike","floor":2.0},{"not_picked":["TheCursedMod:SmokeScreen","TheCursedMod:SoulCrush"],"picked":"TheCursedMod:TacticalStrike","floor":3.0},{"not_picked":["TheCursedMod:EmpowerCircles","TheCursedMod:FleshFromBone"],"picked":"TheCursedMod:StingEye","floor":4.0},{"not_picked":["TheCursedMod:CursedSpellbook","TheCursedMod:RavingStaff"],"picked":"TheCursedMod:AntiAging","floor":5.0},{"not_picked":["TheCursedMod:Stretching","TheCursedMod:CursedArmor"],"picked":"TheCursedMod:CursedSpellbook","floor":6.0},{"not_picked":["TheCursedMod:Obscuration","TheCursedMod:Wield+1"],"picked":"TheCursedMod:TacticalStrike+1","floor":8.0},{"not_picked":["TheCursedMod:ReleasedStrength","TheCursedMod:RavingStaff+1"],"picked":"TheCursedMod:SurpriseAttack+1","floor":10.0},{"not_picked":["TheCursedMod:CircleOfFlame","TheCursedMod:ShockAndAwe+1"],"picked":"TheCursedMod:SoulReap+1","floor":13.0},{"not_picked":["TheCursedMod:OutForBlood","TheCursedMod:DemonSword+1"],"picked":"TheCursedMod:VoidForm","floor":16.0},{"not_picked":["TheCursedMod:LuckyCharm","TheCursedMod:Stigma+1"],"picked":"TheCursedMod:SurpriseAttack+1","floor":18.0},{"not_picked":["TheCursedMod:RavingStaff+1","TheCursedMod:FuryStrike+1"],"picked":"TheCursedMod:SoulReap+1","floor":22.0},{"not_picked":["TheCursedMod:VitalStrike+1","TheCursedMod:CursedStaff+1"],"picked":"TheCursedMod:TroublousMinions","floor":23.0},{"not_picked":["TheCursedMod:CursedBlade+1","TheCursedMod:Stigma+1"],"picked":"TheCursedMod:CircleOfBlood","floor":25.0},{"not_picked":["TheCursedMod:AbyssShockwave+1","TheCursedMod:CursedMace+1"],"picked":"TheCursedMod:CircleOfBlood","floor":27.0},{"not_picked":["TheCursedMod:BloodBarrier","TheCursedMod:CircleOfCorruption"],"picked":"TheCursedMod:CircleOfBlood","floor":28.0},{"not_picked":["TheCursedMod:CursedMace+1","TheCursedMod:Stretching"],"picked":"TheCursedMod:CircleOfBlood+1","floor":29.0},{"not_picked":["TheCursedMod:TacticalStrike+1","TheCursedMod:VitalStrike+1"],"picked":"TheCursedMod:DoubleShield","floor":30.0},{"not_picked":["TheCursedMod:ReleasedKnowledge+1","TheCursedMod:CircleOfFlame"],"picked":"TheCursedMod:CursedBoomerang+1","floor":31.0},{"not_picked":["TheCursedMod:DemonSword+1","TheCursedMod:UltimatePain"],"picked":"TheCursedMod:NeowsMight","floor":33.0},{"not_picked":["TheCursedMod:VitalStrike+1","TheCursedMod:Evocation+1"],"picked":"TheCursedMod:SpitefulPlan","floor":35.0},{"not_picked":["TheCursedMod:AshesToAshes+1","TheCursedMod:PrepareRite"],"picked":"TheCursedMod:CursedSpellbook+1","floor":37.0},{"not_picked":["TheCursedMod:CircleOfCorruption","TheCursedMod:RavingStaff+1"],"picked":"TheCursedMod:SpitefulPray+1","floor":40.0},{"not_picked":["TheCursedMod:Wield+1","TheCursedMod:CursedBlade+1"],"picked":"TheCursedMod:LuckyCharm+1","floor":42.0},{"not_picked":["TheCursedMod:FleshFromBone+1","TheCursedMod:CircleOfBlood+1"],"picked":"TheCursedMod:SpitefulStrike+1","floor":44.0},{"not_picked":["TheCursedMod:Wield+1","TheCursedMod:Obscuration+1"],"picked":"TheCursedMod:ReleasedKnowledge+1","floor":45.0},{"not_picked":["TheCursedMod:Stretching","TheCursedMod:CursedMace+1"],"picked":"TheCursedMod:ReleasedStrength+1","floor":46.0},{"not_picked":["TheCursedMod:Wield+1","TheCursedMod:Obscuration"],"picked":"TheCursedMod:CursedShiv+1","floor":47.0},{"not_picked":["TheCursedMod:AshesToAshes","TheCursedMod:CircleOfFlame"],"picked":"TheCursedMod:CursedShiv+1","floor":48.0},{"not_picked":["TheCursedMod:SpreadPlague+1","TheCursedMod:Stretching+1"],"picked":"TheCursedMod:Grudge+1","floor":54.0}],"player_experience":399362,"relics_obtained":[{"floor":6.0,"key":"Art of War"},{"floor":8.0,"key":"Molten Egg 2"},{"floor":12.0,"key":"Happy Flower"},{"floor":13.0,"key":"Oddly Smooth Stone"},{"floor":23.0,"key":"Anchor"},{"floor":25.0,"key":"Tiny Chest"},{"floor":26.0,"key":"Pen Nib"},{"floor":28.0,"key":"Regal Pillow"},{"floor":31.0,"key":"Red Mask"},{"floor":39.0,"key":"hubris:TinFlute"},{"floor":40.0,"key":"Bag of Marbles"},{"floor":42.0,"key":"hubris:Zylophone"},{"floor":43.0,"key":"hubris:MysteriousPyramids"},{"floor":44.0,"key":"HornCleat"},{"floor":48.0,"key":"Bronze Scales"},{"floor":54.0,"key":"Lizard Tail"}],"event_choices":[{"damage_healed":0.0,"max_hp_gain":0.0,"max_hp_loss":0.0,"gold_gain":0.0,"event_name":"World of Goop","player_choice":"Left Gold","floor":14.0,"gold_loss":31.0,"damage_taken":0.0},{"damage_healed":0.0,"max_hp_gain":0.0,"max_hp_loss":0.0,"gold_gain":99.0,"event_name":"Nest","player_choice":"Stole From Cult","floor":20.0,"gold_loss":0.0,"damage_taken":0.0},{"cards_removed":["TheCursedMod:Strike_TheCursed"],"damage_healed":0.0,"max_hp_gain":0.0,"max_hp_loss":0.0,"gold_gain":0.0,"event_name":"Purifier","player_choice":"Purged","floor":21.0,"gold_loss":0.0,"damage_taken":0.0},{"damage_healed":0.0,"max_hp_gain":0.0,"max_hp_loss":0.0,"gold_gain":0.0,"event_name":"Masked Bandits","player_choice":"Fought Bandits","floor":31.0,"gold_loss":0.0,"damage_taken":0.0}],"is_beta":false,"boss_relics":[{"not_picked":["Busted Crown","Ectoplasm"],"picked":"Fusion Hammer"},{"not_picked":["hubris:CrackedHourglass","hubris:VirtuousBlindfold"],"picked":"TheCursedMod:BlackMagicAdvanced"}],"items_purged_floors":[],"is_endless":false,"potions_floor_spawned":[4,8,10,13,18,22,25,29,40,42,44,47,48,54],"ascension_level":4}}