{"host":"ifz8qk6i1wysca9i","time":1611972224,"event":{"mods":["Act Like it!","BaseMod","Colored Powertips","Duelist Mod","GifTheSpireLib","Hallownest","Hermit","Minty Spire (QoL Compilation)","Quick Restart","StSLib","The Bug Knight","The Senshi","The Wild Card"],"gold_per_floor":[110,125,125,125,125,157,169,169,240,271,289,364,381,394,394,489,489,501,461,141,152,80,80,105,123,123,123,143,474,474,486,486,582,582,592,611,611,661,159,159,159,159,159,15,44,44,44,55,55,55],"floor_reached":51,"language":"ENG","playtime":4394,"items_purged":[],"score":773,"play_id":"d936ab58-618e-41fb-848c-0c491080e874","local_time":"20210129200344","is_ascension_mode":false,"campfire_choices":[{"data":"theWildCard:Metatron","floor":8.0,"key":"SMITH"},{"floor":15.0,"key":"REST"},{"data":"Apotheosis","floor":23.0,"key":"SMITH"},{"floor":27.0,"key":"DIG"},{"floor":30.0,"key":"DIG"},{"floor":32.0,"key":"REST"},{"floor":40.0,"key":"REST"},{"floor":42.0,"key":"REST"},{"floor":47.0,"key":"REST"},{"floor":49.0,"key":"DIG"}],"circlet_count":0,"master_deck":["Strike_B","Strike_B","Strike_B","Defend_B","Defend_B","Defend_B","Defend_B","Zap","Dualcast+1","Ball Lightning","Beam Cell","theWildCard:Metatron+1","Redo+1","BootSequence","Streamline","Gash","Self Repair","Electrodynamics","Fission+1","Double Energy","Apotheosis+1","Coolheaded","Go for the Eyes+1","Fusion+1","Compile Driver+1","Creative AI","Redo+1","Buffer","Gash+1","Barrage+1","White Noise+1","Panache","Panache","Conserve Battery","Capacitor","Madness","Madness","Loop","Swift Strike+1","Self Repair+1","Discovery","Enlightenment","Master of Strategy","Stack+1"],"relics":["Cracked Core","NeowsBlessing","Potion Belt","Girya","Shuriken","Orichalcum","Nuclear Battery","Membership Card","Oddly Smooth Stone","Shovel","War Paint","Molten Egg 2","Old Coin","Calipers","Sozu","Pocketwatch","FossilizedHelix","Mummified Hand","DollysMirror","theSenshi:FeatherClipsRelic","PreservedInsect","Omamori","White Beast Statue"],"acts_visited":["Exordium","TheCity","TheBeyond"],"potions_floor_usage":[50],"damage_taken":[{"damage":0.0,"enemies":"2 Louse","floor":1.0,"turns":1.0},{"damage":0.0,"enemies":"Small Slimes","floor":2.0,"turns":1.0},{"damage":0.0,"enemies":"3 Sentries","floor":6.0,"turns":1.0},{"damage":6.0,"enemies":"Jaw Worm","floor":7.0,"turns":3.0},{"damage":17.0,"enemies":"Gremlin Nob","floor":10.0,"turns":4.0},{"damage":4.0,"enemies":"Exordium Thugs","floor":11.0,"turns":3.0},{"damage":0.0,"enemies":"Blue Slaver","floor":13.0,"turns":2.0},{"damage":0.0,"enemies":"2 Fungi Beasts","floor":14.0,"turns":2.0},{"damage":20.0,"enemies":"Hexaghost","floor":16.0,"turns":9.0},{"damage":10.0,"enemies":"2 Thieves","floor":18.0,"turns":2.0},{"damage":0.0,"enemies":"Chosen","floor":21.0,"turns":3.0},{"damage":5.0,"enemies":"theDuelist:KaibaA2","floor":24.0,"turns":5.0},{"damage":0.0,"enemies":"Centurion and Healer","floor":25.0,"turns":2.0},{"damage":12.0,"enemies":"Snecko","floor":28.0,"turns":5.0},{"damage":16.0,"enemies":"Gremlin Leader","floor":29.0,"turns":4.0},{"damage":30.0,"enemies":"Snake Plant","floor":31.0,"turns":5.0},{"damage":31.0,"enemies":"Collector","floor":33.0,"turns":9.0},{"damage":7.0,"enemies":"Orb Walker","floor":35.0,"turns":4.0},{"damage":53.0,"enemies":"3 Darklings","floor":36.0,"turns":4.0},{"damage":12.0,"enemies":"Mind Bloom Boss Battle","floor":38.0,"turns":6.0},{"damage":0.0,"enemies":"Nemesis","floor":45.0,"turns":5.0},{"damage":0.0,"enemies":"Sphere and 2 Shapes","floor":48.0,"turns":4.0},{"damage":52,"enemies":"Time Eater","floor":50,"turns":8}],"seed_played":"-1170956708630535651","potions_obtained":[{"floor":2.0,"key":"SteroidPotion"},{"floor":6.0,"key":"EssenceOfDarkness"},{"floor":7.0,"key":"PotionOfCapacity"},{"floor":10.0,"key":"Swift Potion"},{"floor":11.0,"key":"Weak Potion"},{"floor":16.0,"key":"AttackPotion"},{"floor":28.0,"key":"Energy Potion"},{"floor":29.0,"key":"Dexterity Potion"},{"floor":31.0,"key":"SkillPotion"}],"is_trial":false,"path_per_floor":["M","M","?","?","?","E","M","R","T","E","M","?","M","M","R","B",null,"M","?","$","M","$","R","E","M","T","R","M","E","R","M","R","B",null,"M","M","?","?","$","R","?","R","T","$","E","?","R","M","R","B",null],"character_chosen":"DEFECT","items_purchased":["Apotheosis","Membership Card","Oddly Smooth Stone","Panache","FossilizedHelix","Mummified Hand","DollysMirror","Conserve Battery","Capacitor","Loop","PreservedInsect","Swift Strike+1"],"campfire_rested":5,"item_purchase_floors":[20,20,22,39,39,39,39,39,39,44,44,44],"current_hp_per_floor":[75,75,72,72,72,72,66,66,66,49,45,34,34,34,56,43,75,65,65,65,72,72,72,74,74,74,74,62,53,53,30,52,31,75,75,29,29,24,24,46,37,59,59,59,65,55,75,75,75,49],"gold":55,"neow_bonus":"THREE_ENEMY_KILL","is_daily":false,"chose_seed":false,"campfire_upgraded":2,"win_rate":0.0,"timestamp":1611972224,"path_taken":["M","M","?","?","?","E","M","R","T","E","M","?","?","M","R","BOSS","M","?","?","M","$","R","E","M","T","R","M","E","R","M","R","BOSS","M","M","?","?","$","R","?","R","T","$","E","?","R","M","R","BOSS"],"items_purchased_type":["Card","Relic","Relic","Card","Relic","Relic","Relic","Card","Card","Card","Relic","Card"],"build_version":"2020-12-22","purchased_purges":0,"victory":true,"max_hp_per_floor":[75,75,75,75,75,75,75,75,75,75,75,75,75,75,75,75,75,75,75,75,75,75,75,75,75,75,75,75,75,75,75,75,75,75,75,75,75,75,75,75,75,75,75,75,75,75,75,75,75,75],"card_choices":[{"not_picked":["Heatsinks","Gash"],"picked":"Ball Lightning","floor":1.0},{"not_picked":["Barrage","Compile Driver"],"picked":"Beam Cell","floor":2.0},{"not_picked":["Hologram","Cold Snap"],"picked":"Redo","floor":6.0},{"not_picked":["Blizzard","Gash"],"picked":"BootSequence","floor":7.0},{"not_picked":["Blizzard","Tempest"],"picked":"Streamline","floor":10.0},{"not_picked":["Redo","Reprogram"],"picked":"Gash","floor":11.0},{"not_picked":["Hologram","Darkness"],"picked":"Self Repair","floor":13.0},{"not_picked":["Conserve Battery","Rebound"],"picked":"Electrodynamics","floor":14.0},{"not_picked":["Seek","Rainbow"],"picked":"Fission","floor":16.0},{"not_picked":["Undo","Compile Driver"],"picked":"Double Energy","floor":18.0},{"not_picked":["Glacier","Compile Driver"],"picked":"Coolheaded","floor":21.0},{"not_picked":["Beam Cell","Hello World"],"picked":"Go for the Eyes+1","floor":24.0},{"not_picked":["Redo","Rebound+1"],"picked":"Fusion+1","floor":25.0},{"not_picked":["Steam","Hologram"],"picked":"Compile Driver+1","floor":28.0},{"not_picked":["Ball Lightning+1","Blizzard+1"],"picked":"Creative AI","floor":29.0},{"not_picked":["Leap","Go for the Eyes+1"],"picked":"Redo+1","floor":31.0},{"not_picked":["All For One+1","Multi-Cast"],"picked":"Buffer","floor":33.0},{"not_picked":["FTL+1","Coolheaded+1"],"picked":"Gash+1","floor":35.0},{"not_picked":["Consume+1","Rebound+1"],"picked":"Barrage+1","floor":36.0},{"not_picked":["Compile Driver+1","Leap"],"picked":"White Noise+1","floor":38.0},{"not_picked":["Rebound+1","Coolheaded"],"picked":"Self Repair+1","floor":45.0},{"not_picked":["Sadistic Nature","Purity"],"picked":"Discovery","floor":46.0},{"not_picked":["Dark Shackles","PanicButton"],"picked":"Enlightenment","floor":46.0},{"not_picked":["Jack Of All Trades","Apotheosis"],"picked":"Master of Strategy","floor":46.0},{"not_picked":["Coolheaded+1","Chill+1"],"picked":"Stack+1","floor":48.0}],"player_experience":128099,"relics_obtained":[{"floor":6.0,"key":"Girya"},{"floor":9.0,"key":"Shuriken"},{"floor":10.0,"key":"Orichalcum"},{"floor":24.0,"key":"Shovel"},{"floor":26.0,"key":"War Paint"},{"floor":27.0,"key":"Molten Egg 2"},{"floor":29.0,"key":"Old Coin"},{"floor":30.0,"key":"Calipers"},{"floor":38.0,"key":"Pocketwatch"},{"floor":43.0,"key":"theSenshi:FeatherClipsRelic"},{"floor":45.0,"key":"Omamori"},{"floor":49.0,"key":"White Beast Statue"}],"event_choices":[{"damage_healed":0.0,"max_hp_gain":0.0,"max_hp_loss":0.0,"gold_gain":0.0,"event_name":"Scrap Ooze","player_choice":"Success","floor":3.0,"gold_loss":0.0,"damage_taken":3.0,"relics_obtained":["Potion Belt"]},{"damage_healed":0.0,"max_hp_gain":0.0,"max_hp_loss":0.0,"gold_gain":0.0,"event_name":"Golden Wing","player_choice":"Ignored","floor":4.0,"gold_loss":0.0,"damage_taken":0.0},{"damage_healed":0.0,"max_hp_gain":0.0,"max_hp_loss":0.0,"gold_gain":75.0,"event_name":"World of Goop","player_choice":"Gather Gold","floor":12.0,"gold_loss":0.0,"damage_taken":11.0},{"damage_healed":0.0,"max_hp_gain":0.0,"max_hp_loss":0.0,"gold_gain":0.0,"event_name":"Designer","player_choice":"Upgrade","floor":19.0,"gold_loss":40.0,"damage_taken":0.0,"cards_upgraded":["Redo"]},{"cards_removed":["Strike_B"],"damage_healed":0.0,"max_hp_gain":0.0,"max_hp_loss":0.0,"gold_gain":0.0,"event_name":"Falling","player_choice":"Removed Attack","floor":37.0,"gold_loss":0.0,"damage_taken":0.0},{"damage_healed":0.0,"max_hp_gain":0.0,"max_hp_loss":0.0,"gold_gain":0.0,"event_name":"MindBloom","player_choice":"Fight","floor":38.0,"gold_loss":0.0,"damage_taken":0.0},{"damage_healed":0.0,"max_hp_gain":0.0,"max_hp_loss":0.0,"gold_gain":0.0,"event_name":"Winding Halls","player_choice":"Embrace Madness","floor":41.0,"gold_loss":0.0,"damage_taken":9.0,"cards_obtained":["Madness","Madness"]},{"damage_healed":0.0,"max_hp_gain":0.0,"max_hp_loss":0.0,"gold_gain":0.0,"event_name":"SensoryStone","player_choice":"Memory 3","floor":46.0,"gold_loss":0.0,"damage_taken":10.0}],"is_beta":false,"boss_relics":[{"not_picked":["Ectoplasm","FrozenCore"],"picked":"Nuclear Battery"},{"not_picked":["Velvet Choker","Empty Cage"],"picked":"Sozu"}],"items_purged_floors":[],"is_endless":false,"potions_floor_spawned":[2,6,7,10,11,16,28,29,31,35,38],"ascension_level":0}}