{"host":"vqd8yewason9t24a","time":1611986628,"event":{"mods":["AchievementEnabler","Act Like it!","Aspiration","BaseMod","Better Match","Better Note","BetterRewards","Block Reminder","Card Forge","Colored Map","Colored Powertips","Conspire","DeckTracker","Downfall","Energized Spire","Friendly Minions","Highlight Path","Hubris","Infinite Spire","Minty Spire (QoL Compilation)","Quick Restart","READ ME - Guardian Mod","Rare Cards Sparkle","Relic Stats","Replay The Spire","Spikes Relics","StSLib","SuperFastMode","Waifu the Spire"],"gold_per_floor":[99,112,124,157,57,75,75,104,35,485,285,482,315,332,348,348,348,348],"floor_reached":16,"language":"ENG","playtime":3118,"items_purged":[],"score":125,"play_id":"84152f55-10ea-472d-9a22-462778ad4ae4","local_time":"20210129220348","is_ascension_mode":false,"campfire_choices":[{"floor":1,"key":"RECALL"},{"floor":11,"key":"REST"}],"circlet_count":0,"master_deck":["hexamod:Strike+1","hexamod:Strike+1","hexamod:Strike+1","hexamod:Strike+1","hexamod:Defend+1","hexamod:Defend+1","hexamod:Defend+1","hexamod:Defend+1","hexamod:Sear+1","hexamod:Float+1","hexamod:PhantomFireball+1","hexamod:SpectersWail+1","hexamod:RadiantFlame+1","hexamod:FirstSeal","hexamod:ExtraCrispy+1","hexamod:ShieldOfDarkness+1","hexamod:GhostLash+1","hexamod:GhostShield+1","hexamod:AdvancingGuard+1","hexamod:NightmareGuise+1","hexamod:SpectersWail+1","hexamod:SecondSeal","hexamod:ThirdSeal","hexamod:Incineration+1","hexamod:BurningTouch+1","hexamod:NightmareStrike+1","hexamod:SecondSeal"],"relics":["hexamod:SpiritBrand","Hammer of Thor","Seething Fire","Anvil of the Gods","Strawberry","Question Card","downfall:HeartBlessingRed","downfall:HeartBlessingBlue"],"acts_visited":["Exordium"],"potions_floor_usage":[],"damage_taken":[{"damage":0,"enemies":"Small Slimes","floor":2,"turns":3},{"damage":5,"enemies":"2 Louse","floor":3,"turns":2},{"damage":8,"enemies":"conspire:MimicChest","floor":4,"turns":4},{"damage":2,"enemies":"downfall:FleeingMerchant","floor":5,"turns":4},{"damage":3,"enemies":"Jaw Worm","floor":6,"turns":3},{"damage":6,"enemies":"3 Sentries","floor":8,"turns":5},{"damage":7,"enemies":"downfall:FleeingMerchant","floor":9,"turns":4},{"damage":15,"enemies":"downfall:FleeingMerchant","floor":13,"turns":4},{"damage":12,"enemies":"Blue Slaver","floor":14,"turns":4},{"damage":13,"enemies":"Red Slaver","floor":15,"turns":3},{"damage":79,"enemies":"DF_ARCHETYPE_STREAMLINE","floor":16,"turns":9}],"seed_played":"8457599183782318687","potions_obtained":[{"floor":6,"key":"SteroidPotion"},{"floor":14,"key":"infinitespire:BlackPotion"}],"is_trial":false,"path_per_floor":["R_BF","M","M","?","$","M","T","E","$","?","R","?","$","M","M","B"],"character_chosen":"THE_SPIRIT","items_purchased":["hexamod:ExtraCrispy","hexamod:ShieldOfDarkness","hexamod:NightmareGuise","hexamod:ThirdSeal","hexamod:Incineration"],"campfire_rested":1,"item_purchase_floors":[5,5,9,13,13],"current_hp_per_floor":[77,77,72,71,69,73,73,74,74,74,94,94,79,74,61,0,0,0],"gold":348,"neow_bonus":"TEN_PERCENT_HP_BONUS","is_daily":false,"chose_seed":false,"campfire_upgraded":0,"win_rate":0.0,"timestamp":1611986628,"path_taken":["R_BF","M","M","?","$","M","T","E","$","?","R","?","?","M","M","BOSS"],"items_purchased_type":["Card","Card","Card","Card","Card"],"build_version":"2020-12-22","purchased_purges":0,"victory":false,"max_hp_per_floor":[77,77,77,84,84,84,84,84,84,84,94,94,94,94,94,94,94,94],"relic_stats":{"counters":[11,45],"Question Card":8,"obtain_stats":[{"downfall:HeartBlessingRed":11,"Anvil of the Gods":0,"downfall:HeartBlessingBlue":11,"Strawberry":4,"Hammer of Thor":0,"Seething Fire":0,"Question Card":8,"hexamod:SpiritBrand":0},{"downfall:HeartBlessingRed":7,"Anvil of the Gods":0,"downfall:HeartBlessingBlue":7,"Strawberry":3,"Hammer of Thor":0,"Seething Fire":0,"Question Card":6,"hexamod:SpiritBrand":0},{"downfall:HeartBlessingRed":25,"Anvil of the Gods":0,"downfall:HeartBlessingBlue":25,"Strawberry":9,"Hammer of Thor":0,"Seething Fire":0,"Question Card":21,"hexamod:SpiritBrand":0}]},"card_choices":[{"not_picked":["hexamod:BacktrackSmack","hexamod:GhostShield"],"picked":"hexamod:PhantomFireball","floor":2},{"not_picked":["hexamod:GhostShield","hexamod:BurningTouch"],"picked":"hexamod:SpectersWail","floor":3},{"not_picked":["hexamod:ThermalTransfer","hexamod:InspiringFlames"],"picked":"hexamod:RadiantFlame","floor":4},{"not_picked":["hexamod:SpectersWail","hexamod:NightmareGuise"],"picked":"hexamod:FirstSeal","floor":5},{"not_picked":["hexamod:Rewind","hexamod:FastForward"],"picked":"hexamod:GhostLash","floor":6},{"not_picked":["hexamod:ThermalTransfer","hexamod:HauntingEcho"],"picked":"hexamod:GhostShield","floor":8},{"not_picked":["hexamod:InspiringFlames","hexamod:GhostOfSpirePast","hexamod:BacktrackSmack"],"picked":"hexamod:AdvancingGuard","floor":9},{"not_picked":["hexamod:ShieldOfDarkness","hexamod:FifthSeal","hexamod:BacktrackSmack"],"picked":"hexamod:SpectersWail","floor":12},{"not_picked":["hexamod:InspiringFlames","hexamod:FastForward","hexamod:HeatShield"],"picked":"hexamod:SecondSeal","floor":13},{"not_picked":["hexamod:NecessarySacrifice","hexamod:Firestarter","hexamod:GhostflameBarrier"],"picked":"hexamod:BurningTouch","floor":14},{"not_picked":["hexamod:BacktrackSmack","hexamod:HauntingEcho","hexamod:AdvancingGuard"],"picked":"hexamod:NightmareStrike","floor":14},{"not_picked":["hexamod:NightmareGuise","hexamod:AdvancingGuard","hexamod:ParanormalForm"],"picked":"hexamod:SecondSeal","floor":15}],"player_experience":563253,"relics_obtained":[{"floor":4,"key":"Strawberry"},{"floor":8,"key":"Question Card"}],"event_choices":[],"is_beta":false,"boss_relics":[],"items_purged_floors":[],"is_endless":false,"potions_floor_spawned":[6,14],"killed_by":"DF_ARCHETYPE_STREAMLINE","ascension_level":0}}