{"host":"9kesdg97wkrx2bva","time":1611969054,"event":{"mods":["AchievementEnabler","BaseMod","Colored Map","GifTheSpireLib","Infinite Spire","Minty Spire (QoL Compilation)","Replay The Spire","StSLib"],"gold_per_floor":[110,110,185,58,83,109,109,140,140,150,150,164,180,80,80,156,156,170,170,45,64,64,64,64],"floor_reached":23,"language":"ENG","playtime":413,"items_purged":["Defend_B","Strike_B","Strike_B"],"score":469,"play_id":"b4ce4bf6-21fd-41b3-b711-1e011d280605","local_time":"20210129191054","is_ascension_mode":true,"campfire_choices":[{"data":"Zap","floor":7,"key":"SMITH"},{"data":"Dualcast","floor":11,"key":"SMITH"},{"data":"ReplayTheSpireMod:Calculation Training","floor":15,"key":"SMITH"}],"circlet_count":0,"master_deck":["AscendersBane","Strike_B","Defend_B","Defend_B","Defend_B","Zap+1","Dualcast+1","White Noise","Rebound","Go for the Eyes","FIFO Queue","ReplayTheSpireMod:Calculation Training+1","Static Discharge","Thunder Strike","AbeCurse","Barrage","ReplayTheSpireMod:Calculation Training"],"relics":["Cracked Core","NeowsBlessing","DataDisk","Akabeko","ReplayTheSpireMod:TigerMarble","Replay:Towering Pillar of Hats","Divine Protection","Abe\u0027s Treasure"],"acts_visited":["Exordium","TheCity"],"potions_floor_usage":[21,21,23],"damage_taken":[{"damage":0,"enemies":"2 Louse","floor":1,"turns":1},{"damage":0,"enemies":"Lagavulin","floor":6,"turns":1},{"damage":0,"enemies":"Gremlin Nob","floor":8,"turns":1},{"damage":0,"enemies":"Jaw Worm","floor":10,"turns":2},{"damage":0,"enemies":"infinitespire:Voidling","floor":12,"turns":2},{"damage":0,"enemies":"Blue Slaver","floor":13,"turns":2},{"damage":23,"enemies":"Slime Boss","floor":16,"turns":8},{"damage":28,"enemies":"Shell Parasite","floor":18,"turns":4},{"damage":4,"enemies":"Chosen","floor":21,"turns":4},{"damage":26,"enemies":"Replay:Snechameleon","floor":23,"turns":3}],"seed_played":"6917168729251314121","potions_obtained":[{"floor":10,"key":"Energy Potion"},{"floor":18,"key":"Swift Potion"},{"floor":21,"key":"Fire Potion"}],"is_trial":false,"path_per_floor":["M","?","?","$","T","E","R","E","T","M","R","M","M","$","R","B",null,"M","?","$","M","?","E"],"character_chosen":"DEFECT","items_purchased":["Rebound"],"campfire_rested":0,"item_purchase_floors":[4],"current_hp_per_floor":[64,46,35,35,35,35,35,35,35,35,35,35,35,35,35,12,56,28,28,28,24,24,0,0],"gold":64,"neow_bonus":"THREE_ENEMY_KILL","is_daily":false,"chose_seed":false,"campfire_upgraded":3,"win_rate":0.0,"timestamp":1611969054,"path_taken":["M","?","?","$","?","E","R","E","T","M","R","M","M","$","R","BOSS","M","?","$","?","?","E"],"items_purchased_type":["Card"],"build_version":"2020-12-22","purchased_purges":3,"victory":false,"max_hp_per_floor":[71,71,71,71,71,71,71,71,71,71,71,71,71,71,71,71,71,71,71,71,71,71,71,71],"card_choices":[{"not_picked":["Compile Driver","Skim"],"picked":"White Noise","floor":1},{"not_picked":["Force Field","Chill"],"picked":"Go for the Eyes","floor":6},{"not_picked":["Cold Snap","Turbo"],"picked":"FIFO Queue","floor":8},{"not_picked":["Double Energy","Mirror Shield"],"picked":"ReplayTheSpireMod:Calculation Training","floor":10},{"not_picked":["Turbo","Go for the Eyes","Compile Driver"],"picked":"SKIP","floor":12},{"not_picked":["Darkness","Compile Driver"],"picked":"Static Discharge","floor":13},{"not_picked":["Meteor Strike","Core Surge"],"picked":"Thunder Strike","floor":16},{"not_picked":["Scrape","Hologram"],"picked":"Barrage","floor":18},{"not_picked":["BasicCrystalCard","Skim"],"picked":"ReplayTheSpireMod:Calculation Training","floor":21}],"player_experience":985505,"relics_obtained":[{"floor":5,"key":"Akabeko"},{"floor":6,"key":"ReplayTheSpireMod:TigerMarble"},{"floor":8,"key":"Replay:Towering Pillar of Hats"},{"floor":9,"key":"Divine Protection"}],"event_choices":[{"damage_healed":0,"gold_gain":0,"player_choice":"Success","damage_taken":18,"relics_obtained":["DataDisk"],"max_hp_gain":0,"max_hp_loss":0,"event_name":"Scrap Ooze","floor":2,"gold_loss":0},{"damage_healed":0,"gold_gain":75,"player_choice":"Gather Gold","damage_taken":11,"max_hp_gain":0,"max_hp_loss":0,"event_name":"World of Goop","floor":3,"gold_loss":0},{"damage_healed":0,"gold_gain":0,"player_choice":"Ignored","damage_taken":0,"max_hp_gain":0,"max_hp_loss":0,"event_name":"The Mausoleum","floor":19,"gold_loss":0},{"cards_removed":["Strike_B"],"damage_healed":0,"gold_gain":0,"player_choice":"Elegance","damage_taken":0,"max_hp_gain":0,"max_hp_loss":0,"event_name":"Back to Basics","floor":22,"gold_loss":0}],"is_beta":false,"boss_relics":[{"not_picked":["Runic Dome","ReplayTheSpireMod:DimensionalGlitch"],"picked":"Abe\u0027s Treasure"}],"items_purged_floors":[4,14,20],"is_endless":false,"potions_floor_spawned":[10,18,21],"killed_by":"Replay:Snechameleon","ascension_level":18}}