{"host":"bavx0eibpuvdy04q","time":1611972338,"event":{"mods":["BaseMod","BetterRewards","Friendly Minions","Hermit","Hubris","Infinite Spire","KinomotoSakuraMod(????)","Kiyohime????","Koishi","LagranYue(???·?)","Marisa????????","Minty Spire (QoL Compilation)","Prisma Mod","Remilia??????","Replay The Spire","StSLib","The Administrix","The Alterego","The Animator","The Construct","The Cursed","The Disciple","The Hierophant","The Mystic","The Necromancer","The Runesmith","The Senshi","The Servant 0.9.4","Yakumo Yukari mod","Yuri Mod"],"gold_per_floor":[109,109,127,145,186,215,215,240,240,255,270,13,13,26,26,129,129,145,164,178,178,197,225,72,82,107,127,144,144,173,173,173,272,272,287,304,316,331,331,331,331,345,345,359,82,115,115,129,129,129,129],"floor_reached":50,"language":"ENG","playtime":6278,"items_purged":["hubris:Envy","CharismaGuard+1"],"score":705,"play_id":"6bf8a2a6-36ea-40ee-8b77-0fa123c63983","local_time":"20210129190538","is_ascension_mode":false,"campfire_choices":[{"floor":7.0,"key":"REST"},{"data":"CurseOfVladTepes","floor":13.0,"key":"SMITH"},{"data":"DiffusionOfMisfortune","floor":15.0,"key":"SMITH"},{"data":"Ultimatum","floor":29,"key":"SMITH"},{"data":"BlasphemousPunishment","floor":32,"key":"SMITH"},{"floor":40,"key":"REST"}],"circlet_count":0,"master_deck":["Strike_RM","Strike_RM","Strike_RM","Strike_RM","Defend_RM","Defend_RM","Defend_RM","Defend_RM","ScarletShoot","DiffusionOfMisfortune+1","FitfulNightmare","UnstableMagic","ScarletDevil","ScarletSymphony","CurseOfVladTepes+1","StarOfDavid","ForecastOfChange","StarOfDavid","Ultimatum+1","TwelveNightmare+1","ScarletShoot","FitfulNightmare","VampirishNight","ForecastOfChange","VampireKiss","VampireKiss","MastersStateliness","UnstableMagic","HunterOfTheNight+1","BlasphemousPunishment+1","ChainGang","Ultimatum","ScarletNetherworld+1","ScarletDream+1","MiserableFate","BloodySeventeenLaser","MastersStateliness","MiserableFate+1","ChainGang","ScarletImprint+1","MastersStateliness+1","Apotheosis","AfternoonTea+1","infinitespire:Menacing","BlasphemousPunishment+1"],"relics":["ScarletHat","LagranYue:RandomDrawCardRelic","NeowsBlessing","hubris:SphereOfDissonance","infinitespire:WardingShard","Replay:Rubber Ducky","theSenshi:FeatherClipsRelic","DollysMirror","hubris:HollowSoul","Centennial Puzzle","ReplayTheSpireMod:Shallot","Replay:Wax Seal","Runesmith:Nanobots","SlaversCollar","Darkstone Periapt","infinitespire:Bottled Soul","Question Card"],"acts_visited":["Exordium","TheCity","TheBeyond"],"potions_floor_usage":[50,50,50],"damage_taken":[{"damage":0.0,"enemies":"Cultist","floor":1.0,"turns":1.0},{"damage":0.0,"enemies":"infinitespire:Voidling","floor":3.0,"turns":1.0},{"damage":0.0,"enemies":"2 Louse","floor":4.0,"turns":1.0},{"damage":19.0,"enemies":"Lagavulin","floor":6.0,"turns":10.0},{"damage":3.0,"enemies":"Replay:BlueRogue","floor":8.0,"turns":5.0},{"damage":10.0,"enemies":"Looter","floor":10.0,"turns":3.0},{"damage":0.0,"enemies":"2 Fungi Beasts","floor":11.0,"turns":4.0},{"damage":0.0,"enemies":"Exordium Thugs","floor":14.0,"turns":6.0},{"damage":0.0,"enemies":"The Guardian","floor":16.0,"turns":7.0},{"damage":5.0,"enemies":"Spheric Guardian","floor":18.0,"turns":6.0},{"damage":6.0,"enemies":"3 Byrds","floor":19.0,"turns":7.0},{"damage":13.0,"enemies":"Shelled Parasite and Fungi","floor":20.0,"turns":5.0},{"damage":32.0,"enemies":"Centurion and Healer","floor":22.0,"turns":8.0},{"damage":0.0,"enemies":"Nightmare","floor":23.0,"turns":5.0},{"damage":10.0,"enemies":"Chosen and Byrds","floor":25.0,"turns":5.0},{"damage":0.0,"enemies":"Snake Plant","floor":27.0,"turns":2.0},{"damage":10.0,"enemies":"Shelled Parasite and Fungi","floor":28.0,"turns":2.0},{"damage":0,"enemies":"Book of Stabbing","floor":30,"turns":4},{"damage":10,"enemies":"Champ","floor":33,"turns":12},{"damage":10,"enemies":"Orb Walker","floor":35,"turns":4},{"damage":51,"enemies":"3 Shapes","floor":36,"turns":6},{"damage":10,"enemies":"Spire Growth","floor":37,"turns":5},{"damage":19,"enemies":"Transient","floor":38,"turns":5},{"damage":2,"enemies":"3 Darklings","floor":42,"turns":5},{"damage":16,"enemies":"Writhing Mass","floor":44,"turns":4},{"damage":45,"enemies":"Nightmare","floor":46,"turns":7},{"damage":15,"enemies":"Jaw Worm Horde","floor":48,"turns":7},{"damage":15,"enemies":"infinitespire:MassOfShapes","floor":50,"turns":1}],"seed_played":"-324653918893981107","potions_obtained":[{"floor":1.0,"key":"SpeedPotion"},{"floor":5.0,"key":"Elixir"},{"floor":8.0,"key":"ColorlessPotion"},{"floor":11.0,"key":"SpeedPotion"},{"floor":16.0,"key":"Strength Potion"},{"floor":22.0,"key":"DuplicationPotion"},{"floor":23.0,"key":"Weak Potion"},{"floor":42,"key":"PowerPotion"}],"is_trial":false,"path_per_floor":["M","?","M","M","?","E","R","E","T","M","M","$","R","M","R","B",null,"M","M","M","?","M","NM","$","M","T","M","M","R","E","?","R","B",null,"M","M","M","M","T","R","AVR","M","T","M","$","NM","$","M","R","B"],"character_chosen":"REMILIA","items_purchased":["Ultimatum","TwelveNightmare","DollysMirror","Ultimatum","Apotheosis"],"campfire_rested":2,"item_purchase_floors":[12,12,12,24,45],"current_hp_per_floor":[75,75,75,75,45,35,57,54,54,51,57,57,57,63,63,73,75,75,75,72,72,75,75,75,72,72,75,73,73,75,75,75,73,75,73,37,36,40,40,62,62,67,67,59,59,34,34,35,57,0,0],"gold":129,"neow_bonus":"THREE_ENEMY_KILL","is_daily":false,"chose_seed":false,"campfire_upgraded":4,"win_rate":0.0,"timestamp":1611972338,"path_taken":["M","?","?","M","?","E","R","E","T","M","M","$","R","M","R","BOSS","M","M","M","?","M","NM","?","?","T","M","M","R","E","?","R","BOSS","M","M","M","M","?","R","AVR","M","T","M","$","NM","?","M","R","BOSS"],"items_purchased_type":["Card","Card","Relic","Card","Card"],"build_version":"2020-12-22","purchased_purges":2,"victory":false,"max_hp_per_floor":[75,75,75,75,75,75,75,75,75,75,75,75,75,75,75,75,75,75,75,75,75,75,75,75,75,75,75,75,75,75,75,75,75,75,75,75,75,75,75,75,75,75,75,75,75,75,75,75,75,75,75],"card_choices":[{"not_picked":["CharismaGuard","ScarletImprint"],"picked":"DiffusionOfMisfortune","floor":1.0},{"not_picked":["ChainGang","BloodyMagicSquare"],"picked":"UnstableMagic","floor":3.0},{"not_picked":["FitfulNightmare","ForbiddenFruit"],"picked":"ScarletDevil","floor":4.0},{"not_picked":["VampireSweep","ScarletImprint"],"picked":"ScarletSymphony","floor":5.0},{"not_picked":["StarOfDavid","ScarletSymphony"],"picked":"CurseOfVladTepes","floor":6.0},{"not_picked":["RedRainbow","ScarletImprint"],"picked":"StarOfDavid","floor":8.0},{"not_picked":["BloodyMagicSquare","VampireFantasy"],"picked":"ForecastOfChange","floor":10.0},{"not_picked":["NightDance","RedNightlessCastle"],"picked":"StarOfDavid","floor":11.0},{"not_picked":["StarOfDavid","EndlessAdversity"],"picked":"FitfulNightmare","floor":14.0},{"not_picked":["ScarletImprint","RedRainbow"],"picked":"VampirishNight","floor":14.0},{"not_picked":["BloodyHallows","TricksterDevil"],"picked":"ForecastOfChange","floor":16.0},{"not_picked":["StarOfDavid+1","ScarletDevil+1"],"picked":"VampireKiss","floor":18.0},{"not_picked":["UnderTheZenith+1","Stigmanizer"],"picked":"VampireKiss","floor":18.0},{"not_picked":["CeilingFear","EternalNight"],"picked":"MastersStateliness","floor":19.0},{"not_picked":["NightLord","StarOfDavid"],"picked":"UnstableMagic","floor":20.0},{"not_picked":["Stigmanizer","EndlessAdversity"],"picked":"HunterOfTheNight+1","floor":22.0},{"not_picked":["VampireClaw","ScarletDevil+1"],"picked":"BlasphemousPunishment","floor":23.0},{"not_picked":["UnstableMagic","MastersStateliness"],"picked":"ChainGang","floor":23.0},{"not_picked":["HellCatastrophe","UnderTheZenith","RedRainbow"],"picked":"SKIP","floor":25.0},{"not_picked":["Stigmanizer","ScarletDevilSign"],"picked":"CharismaGuard+1","floor":27.0},{"not_picked":["EndlessAdversity","RedRainbow"],"picked":"ScarletNetherworld+1","floor":28.0},{"not_picked":["CharismaGuard","RedMagic"],"picked":"ScarletDream+1","floor":30},{"not_picked":["RedNightlessCastle","BombardNight"],"picked":"MiserableFate","floor":30},{"not_picked":["HeartBreak","TransientEternity"],"picked":"BloodySeventeenLaser","floor":33},{"not_picked":["NightDance+1","FavorOfDestiny","GlobalNightmare"],"picked":"SKIP","floor":35},{"not_picked":["SuperhumanBloodyKnife+1","FavorOfDestiny+1"],"picked":"MastersStateliness","floor":36},{"not_picked":["FavorOfDestiny","Stigmanizer+1"],"picked":"MiserableFate","floor":36},{"not_picked":["ScarletDream","ScarletImprint"],"picked":"ChainGang","floor":37},{"not_picked":["FavorOfDestiny+1","StarOfDavid","EndlessAdversity"],"picked":"SKIP","floor":37},{"not_picked":["VampireFantasy+1","BloodHunter+1","StarOfDavid"],"picked":"SKIP","floor":38},{"not_picked":["HunterOfTheNight+1","MiserableFate"],"picked":"ScarletImprint+1","floor":42},{"not_picked":["BloodHunter","ScarletMeister"],"picked":"MastersStateliness+1","floor":44},{"not_picked":["EndlessAdversity+1","StarOfDavid+1"],"picked":"AfternoonTea+1","floor":46},{"not_picked":["hubris:Fate","Replay:Fractal Strike"],"picked":"infinitespire:Menacing","floor":46},{"not_picked":["UnstableMagic+1","RedMagic+1"],"picked":"BlasphemousPunishment+1","floor":46},{"not_picked":["BloodHunter","FavorOfDestiny+1","StarOfDavid+1","NightDance"],"picked":"SKIP","floor":48}],"player_experience":79883,"relics_obtained":[{"floor":5.0,"key":"hubris:SphereOfDissonance"},{"floor":6.0,"key":"infinitespire:WardingShard"},{"floor":8.0,"key":"Replay:Rubber Ducky"},{"floor":9.0,"key":"theSenshi:FeatherClipsRelic"},{"floor":23.0,"key":"ReplayTheSpireMod:Shallot"},{"floor":26.0,"key":"Replay:Wax Seal"},{"floor":30,"key":"Runesmith:Nanobots"},{"floor":39,"key":"Darkstone Periapt"},{"floor":43,"key":"infinitespire:Bottled Soul"},{"floor":46,"key":"Question Card"}],"event_choices":[{"damage_healed":0.0,"max_hp_gain":0.0,"max_hp_loss":0.0,"gold_gain":0.0,"cards_transformed":["RedMoon"],"event_name":"Transmorgrifier","player_choice":"Transformed","floor":2.0,"gold_loss":0.0,"damage_taken":0.0,"cards_obtained":["FitfulNightmare"]},{"damage_healed":0,"gold_gain":0,"player_choice":"Forge","damage_taken":0,"max_hp_gain":0,"max_hp_loss":0,"event_name":"Accursed Blacksmith","floor":31,"gold_loss":0,"cards_upgraded":["TwelveNightmare"]}],"is_beta":false,"boss_relics":[{"not_picked":["hubris:TerracottaHorce","Honey Jar"],"picked":"hubris:HollowSoul"},{"not_picked":["construct:ClawGrip","hubris:RunicObelisk"],"picked":"SlaversCollar"}],"items_purged_floors":[24,45],"is_endless":true,"potions_floor_spawned":[1,8,11,16,22,23,27,30,33,35,38,42,44],"killed_by":"infinitespire:MassOfShapes","ascension_level":0}}