{"host":"39erygfi9n0tobyn","time":1611979787,"event":{"mods":["2.2 Compatiblity","BaseMod","Bestiary","Colored Map","Colored Powertips","Curses Come First","Highlight Path","Keyboard Shortcuts","Minty Spire (QoL Compilation)","Relic Stats","StSLib","SuperFastMode"],"gold_per_floor":[118,118,22,35,35,70,70,89,89,52,77,102,123,123,123,244,244,262,262,262,262],"floor_reached":20,"language":"ENG","playtime":560,"items_purged":[],"score":174,"play_id":"da3fbd23-5ba0-4869-abaf-88cf29e3bac6","local_time":"20210130010947","is_ascension_mode":false,"campfire_choices":[{"data":"White Noise","floor":7,"key":"SMITH"},{"floor":15,"key":"REST"}],"circlet_count":0,"master_deck":["Strike_B","Strike_B","Strike_B","Defend_B","Defend_B","Defend_B","Defend_B","Zap","Dualcast","Defragment","Loop","Blind","White Noise+1","FTL","Auto Shields","Defragment","Sweeping Beam","Conserve Battery","Steam Power","Buffer","Rip and Tear","Melter"],"relics":["Cracked Core","Golden Idol","Meat on the Bone","Ancient Tea Set","Cursed Key"],"acts_visited":["Exordium","TheCity"],"potions_floor_usage":[20],"damage_taken":[{"damage":5,"enemies":"Small Slimes","floor":1,"turns":4},{"damage":6,"enemies":"Jaw Worm","floor":4,"turns":3},{"damage":6,"enemies":"Lagavulin","floor":6,"turns":7},{"damage":1,"enemies":"Cultist","floor":8,"turns":3},{"damage":7,"enemies":"Exordium Wildlife","floor":11,"turns":3},{"damage":15,"enemies":"3 Louse","floor":12,"turns":3},{"damage":12,"enemies":"Looter","floor":13,"turns":3},{"damage":37,"enemies":"Slime Boss","floor":16,"turns":8},{"damage":7,"enemies":"2 Thieves","floor":18,"turns":2},{"damage":78,"enemies":"Masked Bandits","floor":20,"turns":5}],"seed_played":"6772142141086444501","potions_obtained":[{"floor":0,"key":"Ancient Potion"},{"floor":0,"key":"PowerPotion"},{"floor":0,"key":"Block Potion"},{"floor":4,"key":"Regen Potion"},{"floor":11,"key":"AttackPotion"}],"is_trial":false,"path_per_floor":["M","?","$","M","?","E","R","M","T","$","M","M","M","?","R","B",null,"M","?","?"],"character_chosen":"DEFECT","items_purchased":["Blind","Defragment"],"campfire_rested":1,"item_purchase_floors":[3,10],"current_hp_per_floor":[70,70,70,64,64,58,58,57,57,57,50,35,35,40,62,37,74,67,67,0,0],"gold":262,"neow_bonus":"THREE_SMALL_POTIONS","is_daily":false,"chose_seed":false,"campfire_upgraded":1,"win_rate":0.0,"timestamp":1611979787,"path_taken":["M","?","$","M","?","E","R","M","T","?","M","M","?","?","R","BOSS","M","?","?"],"items_purchased_type":["Card","Card"],"build_version":"2020-12-22","purchased_purges":0,"victory":false,"max_hp_per_floor":[75,75,75,75,69,69,69,69,69,69,69,69,69,74,74,74,74,74,74,74,74],"relic_stats":{"counters":[10,41],"Golden Idol":60,"Cursed Key":0,"obtain_stats":[{"Golden Idol":5,"Cracked Core":0,"Ancient Tea Set":9,"Cursed Key":17,"Meat on the Bone":6},{"Golden Idol":2,"Cracked Core":0,"Ancient Tea Set":4,"Cursed Key":8,"Meat on the Bone":3},{"Golden Idol":7,"Cracked Core":0,"Ancient Tea Set":17,"Cursed Key":34,"Meat on the Bone":14}],"Meat on the Bone":24},"card_choices":[{"not_picked":["Sweeping Beam","Steam Power"],"picked":"Defragment","floor":1},{"not_picked":["Steam","Capacitor"],"picked":"White Noise","floor":4},{"not_picked":["Reboot","Gash"],"picked":"FTL","floor":6},{"not_picked":["Double Energy","Hologram"],"picked":"Auto Shields","floor":8},{"not_picked":["Beam Cell","Cold Snap"],"picked":"Sweeping Beam","floor":11},{"not_picked":["Blizzard","Hyperbeam"],"picked":"Conserve Battery","floor":12},{"not_picked":["Barrage","Loop"],"picked":"Steam Power","floor":13},{"not_picked":["Hyperbeam","Amplify"],"picked":"Buffer","floor":16},{"not_picked":["Beam Cell","Cold Snap"],"picked":"Rip and Tear","floor":18}],"player_experience":64031,"relics_obtained":[{"floor":6,"key":"Meat on the Bone"},{"floor":9,"key":"Ancient Tea Set"}],"event_choices":[{"damage_healed":0,"gold_gain":0,"cards_transformed":["Strike_B"],"player_choice":"Change","damage_taken":0,"max_hp_gain":0,"max_hp_loss":0,"event_name":"Living Wall","floor":2,"gold_loss":0,"cards_obtained":["Loop"]},{"damage_healed":0,"gold_gain":0,"player_choice":"Lose Max HP","damage_taken":0,"relics_obtained":["Golden Idol"],"max_hp_gain":0,"max_hp_loss":6,"event_name":"Golden Idol","floor":5,"gold_loss":0},{"damage_healed":0,"gold_gain":0,"player_choice":"Donut","damage_taken":0,"max_hp_gain":5,"max_hp_loss":0,"event_name":"Big Fish","floor":14,"gold_loss":0},{"damage_healed":0,"gold_gain":0,"player_choice":"Read","damage_taken":0,"max_hp_gain":0,"max_hp_loss":0,"event_name":"The Library","floor":19,"gold_loss":0,"cards_obtained":["Melter"]},{"damage_healed":0,"gold_gain":0,"player_choice":"Fought Bandits","damage_taken":0,"max_hp_gain":0,"max_hp_loss":0,"event_name":"Masked Bandits","floor":20,"gold_loss":0}],"is_beta":false,"boss_relics":[{"not_picked":["Fusion Hammer","Snecko Eye"],"picked":"Cursed Key"}],"items_purged_floors":[],"is_endless":false,"potions_floor_spawned":[4,11,13,16,18],"killed_by":"Masked Bandits","ascension_level":0}}