{"host":"f1ywytio1xmbwkwz","time":1611984247,"event":{"mods":["BaseMod","Minty Spire (QoL Compilation)","Relic Stats","StSLib","The Cursed"],"gold_per_floor":[19,38,57,57,57,91,154,189,214,214,247,247,370,14,14,117,117,135,185,160,170,236,269,287,287,314,314,46,60,110,144,144,239,239,256,306,406,31,81,81,81],"floor_reached":40,"language":"ENG","playtime":1660,"items_purged":["Strike_R"],"score":594,"play_id":"7870771d-31af-4021-a817-9a455e3bbccb","local_time":"20210129222407","is_ascension_mode":true,"campfire_choices":[{"floor":10,"key":"REST"},{"data":"Armaments","floor":12,"key":"SMITH"},{"data":"Metallicize","floor":15,"key":"SMITH"},{"data":"Reaper","floor":25,"key":"SMITH"},{"data":"Flex","floor":27,"key":"SMITH"},{"data":"Corruption","floor":32,"key":"SMITH"}],"circlet_count":0,"master_deck":["Strike_R","Strike_R","Strike_R","Defend_R","Defend_R","Defend_R","Defend_R","Bash+1","Disarm","Cleave","Clothesline","Pummel","Armaments+1","Uppercut+1","Reaper+1","Metallicize+1","Ghostly Armor","Offering","Anger+1","Pummel+1","Twin Strike+1","Flex+1","Inflame","Disarm","Ghostly Armor","Corruption+1","Juggernaut","CurseOfTheBell","Body Slam+1","Warcry+1","Twin Strike","Power Through"],"relics":["Burning Blood","CaptainsWheel","SsserpentHead","Happy Flower","Toy Ornithopter","Centennial Puzzle","Vajra","Pantograph","Mark of Pain","InkBottle","Potion Belt","Regal Pillow","Self Forming Clay","Calling Bell","Tiny Chest","HornCleat","Turnip","Dead Branch","Shuriken","White Beast Statue"],"acts_visited":["Exordium","TheCity","TheBeyond"],"potions_floor_usage":[8,11,16,16,16,16,23,29,31,31,40],"damage_taken":[{"damage":3,"enemies":"Small Slimes","floor":1,"turns":3},{"damage":0,"enemies":"Cultist","floor":2,"turns":4},{"damage":7,"enemies":"Jaw Worm","floor":3,"turns":4},{"damage":16,"enemies":"Gremlin Nob","floor":6,"turns":4},{"damage":22,"enemies":"Large Slime","floor":7,"turns":6},{"damage":30,"enemies":"3 Sentries","floor":8,"turns":6},{"damage":4,"enemies":"Gremlin Nob","floor":11,"turns":3},{"damage":22,"enemies":"Hexaghost","floor":16,"turns":12},{"damage":31,"enemies":"2 Thieves","floor":18,"turns":4},{"damage":12,"enemies":"Chosen","floor":22,"turns":3},{"damage":16,"enemies":"Book of Stabbing","floor":23,"turns":5},{"damage":7,"enemies":"Snecko","floor":24,"turns":5},{"damage":26,"enemies":"Shelled Parasite and Fungi","floor":29,"turns":4},{"damage":9,"enemies":"Gremlin Leader","floor":31,"turns":6},{"damage":37,"enemies":"Collector","floor":33,"turns":9},{"damage":21,"enemies":"3 Darklings","floor":35,"turns":5},{"damage":35,"enemies":"Mind Bloom Boss Battle","floor":37,"turns":6},{"damage":64,"enemies":"Reptomancer","floor":40,"turns":4}],"seed_played":"3707640973607828053","potions_obtained":[{"floor":1,"key":"Swift Potion"},{"floor":6,"key":"Strength Potion"},{"floor":8,"key":"EntropicBrew"},{"floor":11,"key":"Dexterity Potion"},{"floor":18,"key":"Block Potion"},{"floor":29,"key":"SkillPotion"},{"floor":35,"key":"Fire Potion"}],"is_trial":false,"path_per_floor":["M","M","M","?","?","E","M","E","T","R","E","R","?","$","R","B",null,"M","?","?","?","M","E","M","R","T","R","$","M","?","E","R","B",null,"M","?","?","$","T","E"],"character_chosen":"IRONCLAD","items_purchased":["Metallicize","Pantograph","Ghostly Armor","Regal Pillow","Inflame","BloodPotion","Shuriken","Twin Strike","Power Through"],"campfire_rested":1,"item_purchase_floors":[14,14,14,28,28,28,38,38,38],"current_hp_per_floor":[75,80,79,79,79,69,53,29,29,53,60,60,60,60,60,80,80,61,46,46,46,49,44,49,49,49,49,49,67,67,85,85,54,77,62,62,56,56,56,0,0],"gold":81,"neow_bonus":"ONE_RARE_RELIC","is_daily":false,"chose_seed":false,"campfire_upgraded":5,"win_rate":0.0,"timestamp":1611984247,"path_taken":["M","M","M","?","?","E","?","E","T","R","E","R","?","$","R","BOSS","M","?","?","?","?","E","M","R","T","R","$","M","?","E","R","BOSS","M","?","?","?","?","E"],"items_purchased_type":["Card","Relic","Card","Relic","Card","Potion","Relic","Card","Card"],"build_version":"2020-12-22","purchased_purges":1,"victory":false,"max_hp_per_floor":[80,80,80,80,80,80,80,80,80,80,80,80,80,80,80,80,80,80,85,85,85,85,85,85,85,85,85,85,85,85,85,85,85,85,85,85,85,85,85,85,85],"relic_stats":{"Regal Pillow":0,"Happy Flower":[26],"counters":[18,93],"Self Forming Clay":[42],"Dead Branch":[7],"Burning Blood":90,"SsserpentHead":550,"Centennial Puzzle":[36],"Shuriken":[2],"Pantograph":43,"Tiny Chest":1,"Turnip":[0],"obtain_stats":[{"Potion Belt":26,"Regal Pillow":28,"Happy Flower":6,"Self Forming Clay":31,"Dead Branch":37,"Vajra":11,"Burning Blood":0,"White Beast Statue":39,"Calling Bell":34,"SsserpentHead":5,"CaptainsWheel":0,"Centennial Puzzle":9,"HornCleat":34,"Shuriken":38,"Pantograph":14,"Tiny Chest":34,"Mark of Pain":17,"Turnip":34,"Toy Ornithopter":8,"InkBottle":23},{"Potion Belt":12,"Regal Pillow":12,"Happy Flower":4,"Self Forming Clay":14,"Dead Branch":17,"Vajra":7,"Burning Blood":0,"White Beast Statue":17,"Calling Bell":15,"SsserpentHead":3,"CaptainsWheel":0,"Centennial Puzzle":6,"HornCleat":15,"Shuriken":17,"Pantograph":7,"Tiny Chest":15,"Mark of Pain":8,"Turnip":15,"Toy Ornithopter":6,"InkBottle":11},{"Potion Belt":59,"Regal Pillow":59,"Happy Flower":15,"Self Forming Clay":69,"Dead Branch":89,"Vajra":30,"Burning Blood":0,"White Beast Statue":89,"Calling Bell":78,"SsserpentHead":11,"CaptainsWheel":0,"Centennial Puzzle":27,"HornCleat":78,"Shuriken":89,"Pantograph":30,"Tiny Chest":78,"Mark of Pain":42,"Turnip":78,"Toy Ornithopter":27,"InkBottle":54}],"Toy Ornithopter":45,"InkBottle":[17]},"card_choices":[{"not_picked":["Pommel Strike","Iron Wave"],"picked":"Disarm","floor":1},{"not_picked":["Pommel Strike","Sword Boomerang"],"picked":"Cleave","floor":2},{"not_picked":["Body Slam","Berserk"],"picked":"Clothesline","floor":3},{"not_picked":["Dark Embrace","Fire Breathing"],"picked":"Pummel","floor":6},{"not_picked":["Seeing Red","Pommel Strike"],"picked":"Armaments","floor":7},{"not_picked":["Shrug It Off","Iron Wave"],"picked":"Uppercut","floor":8},{"not_picked":["Rampage","Iron Wave"],"picked":"Reaper","floor":11},{"not_picked":["Brutality","Reaper"],"picked":"Offering","floor":16},{"not_picked":["Heavy Blade","Headbutt"],"picked":"Anger+1","floor":18},{"not_picked":["Cleave","Dropkick"],"picked":"Pummel+1","floor":22},{"not_picked":["Armaments","Dual Wield"],"picked":"Twin Strike+1","floor":23},{"not_picked":["Cleave","Corruption"],"picked":"Flex","floor":24},{"not_picked":["Pommel Strike","Infernal Blade"],"picked":"Disarm","floor":29},{"not_picked":["Entrench","Cleave+1"],"picked":"Corruption","floor":31},{"not_picked":["Offering","Exhume"],"picked":"Juggernaut","floor":33},{"not_picked":["Perfected Strike","Anger+1"],"picked":"Body Slam+1","floor":35},{"not_picked":["Thunderclap+1","Sever Soul+1"],"picked":"Warcry+1","floor":37}],"player_experience":300005,"relics_obtained":[{"floor":6,"key":"Happy Flower"},{"floor":8,"key":"Toy Ornithopter"},{"floor":9,"key":"Centennial Puzzle"},{"floor":11,"key":"Vajra"},{"floor":23,"key":"InkBottle"},{"floor":26,"key":"Potion Belt"},{"floor":31,"key":"Self Forming Clay"},{"floor":34,"key":"Tiny Chest"},{"floor":34,"key":"HornCleat"},{"floor":34,"key":"Turnip"},{"floor":37,"key":"Dead Branch"},{"floor":39,"key":"White Beast Statue"}],"event_choices":[{"damage_healed":0,"gold_gain":0,"player_choice":"Grow","damage_taken":0,"max_hp_gain":0,"max_hp_loss":0,"event_name":"Living Wall","floor":4,"gold_loss":0,"cards_upgraded":["Bash"]},{"damage_healed":0,"gold_gain":0,"player_choice":"Trade","damage_taken":0,"relics_obtained":["SsserpentHead"],"max_hp_gain":0,"max_hp_loss":0,"event_name":"FaceTrader","floor":5,"gold_loss":0},{"damage_healed":0,"gold_gain":73,"player_choice":"Gained Gold","damage_taken":0,"max_hp_gain":0,"max_hp_loss":0,"event_name":"Golden Wing","floor":13,"gold_loss":0},{"damage_healed":0,"gold_gain":0,"player_choice":"Shed Blood","damage_taken":20,"max_hp_gain":5,"max_hp_loss":0,"event_name":"Forgotten Altar","floor":19,"gold_loss":0},{"cards_removed":["Strike_R"],"damage_healed":0,"gold_gain":0,"player_choice":"Gave Gold","damage_taken":0,"max_hp_gain":0,"max_hp_loss":0,"event_name":"Beggar","floor":20,"gold_loss":75},{"damage_healed":0,"gold_gain":0,"player_choice":"Upgrade","damage_taken":0,"max_hp_gain":0,"max_hp_loss":0,"event_name":"Designer","floor":21,"gold_loss":40,"cards_upgraded":["Uppercut"]},{"damage_healed":0,"gold_gain":0,"player_choice":"Read","damage_taken":0,"max_hp_gain":0,"max_hp_loss":0,"event_name":"The Library","floor":30,"gold_loss":0,"cards_obtained":["Ghostly Armor"]},{"damage_healed":0,"gold_gain":0,"player_choice":"Ignored","damage_taken":0,"max_hp_gain":0,"max_hp_loss":0,"event_name":"Tomb of Lord Red Mask","floor":36,"gold_loss":0},{"damage_healed":0,"gold_gain":0,"player_choice":"Fight","damage_taken":0,"max_hp_gain":0,"max_hp_loss":0,"event_name":"MindBloom","floor":37,"gold_loss":0}],"is_beta":false,"boss_relics":[{"not_picked":["Tiny House","SlaversCollar"],"picked":"Mark of Pain"},{"not_picked":["SacredBark","Runic Pyramid"],"picked":"Calling Bell"}],"items_purged_floors":[38],"is_endless":false,"potions_floor_spawned":[1,6,8,11,18,29,35],"killed_by":"Reptomancer","ascension_level":6}}