{"host":"v9ordiuf4xzdpttp","time":1611988525,"event":{"mods":["AchievementEnabler","Act Like it!","Aspiration","BaseMod","Better Third Choice","Better Vampires","BetterRewards","CCEM2","Colored Map","Gold Saver","Halation","Hubris","Infinite Spire","Jedi Mod","Marked Mod","Minty Spire (QoL Compilation)","Reliquary","Remove Card Discount Mod","Replay The Spire","Shop Mod","Spicy Shops","StSLib"],"gold_per_floor":[349,50,68,68,146,181,181,216,269,39,39,63,86,104,104,232,232,245,259,259,275,42,42,42,69,92,92,92,106,149,0,24,24,24,154,154,174,174,198,198,198,229,249,249,249,274,274,308,308,308,308,308,308,308,19,54,54],"floor_reached":58,"language":"ENG","playtime":3831,"items_purged":["Defend_G","Strike_G","Clumsy","Clumsy","Injury","Strike_G","Strike_G","Amnesia","hubris:Wrath","Defend_G","Pain","Parasite"],"score":1683,"play_id":"728000a6-9e94-4ab3-9842-de47fba042db","local_time":"20210130013525","is_ascension_mode":true,"campfire_choices":[{"floor":11,"key":"REST"},{"floor":15,"key":"RECALL"},{"floor":23,"key":"REST"},{"floor":34,"key":"REST"},{"floor":47,"key":"REST"},{"floor":49,"key":"REST"},{"floor":54,"key":"REST"}],"circlet_count":0,"master_deck":["Strike_G","Strike_G","Defend_G","Defend_G","Defend_G","Neutralize","Bane","Burst","Deadly Poison","Replay:BasicMightCard","Blade Dance","Blade Dance","Flying Knee","Poisoned Stab","Footwork","Calculated Gamble","Outmaneuver","Draining Mist","ReplayTheSpireMod:Necrosis","CurseOfTheBell","Flying Knee","infinitespire:NeuralNetwork+1","Blade Dance+1","Concentrate+1","ReplayTheSpireMod:Echoes of Time","Phantasmal Killer","Injury","Clumsy","Backstab","infinitespire:Starlight","infinitespire:UltimateForm","Sneak Up","After Image","After Image","Heel Hook+1","Dagger Throw","Clumsy","hubris:Sniper"],"relics":["halation:Thesaurus","Sizzling Blood","Regal Pillow","hubris:OldNail","halation:NonexistentMirror","ReplayTheSpireMod:Shallot","CCEMRelics:WarHorn","Golden Idol","aspiration:ChemicalBlood","Replay:Mystery Machine","Calling Bell","Replay:Rubber Ducky","halation:TwoAmDonut","Dead Branch","halation:Sosunser","Fusion Hammer","Snake Skull","Blue Doll","Replay:Wax Seal","Snake Skull","Lantern","betterThird:NestCultRelic","Replay:Ancient Bell","CCEMRelics:SpiritsEdge","aspiration:FetidBarrel","Calipers","jedi:Pinwheel","reliquary:KinkedSpring","hubris:KleinBottle","halation:KoshaPiece","jedi:bottledfury","CCEMRelics:TeddyBear","Replay:Bottled Steam","reliquary:RosewoodLute"],"acts_visited":["Exordium","TheCity","TheBeyond","TheEnding"],"potions_floor_usage":[8,16,16,16,16,16,21,21,21,30,30,30,35,42,42,48,57,57],"damage_taken":[{"damage":6,"enemies":"Small Slimes","floor":1,"turns":3},{"damage":6,"enemies":"Jaw Worm","floor":3,"turns":4},{"damage":19,"enemies":"Lagavulin","floor":6,"turns":5},{"damage":6,"enemies":"Replay:BlueRogue","floor":8,"turns":4},{"damage":3,"enemies":"2 Louse","floor":12,"turns":2},{"damage":7,"enemies":"Large Slime","floor":13,"turns":4},{"damage":0,"enemies":"Red Slaver","floor":14,"turns":2},{"damage":66,"enemies":"The Guardian","floor":16,"turns":8},{"damage":21,"enemies":"Spheric Guardian","floor":18,"turns":4},{"damage":7,"enemies":"Shell Parasite","floor":19,"turns":5},{"damage":21,"enemies":"Sentry and Sphere","floor":21,"turns":4},{"damage":6,"enemies":"Snecko","floor":29,"turns":5},{"damage":5,"enemies":"Gremlin Leader","floor":30,"turns":5},{"damage":9,"enemies":"Cultist and Chosen","floor":32,"turns":3},{"damage":5,"enemies":"hubris:MusketHawk","floor":35,"turns":4},{"damage":5,"enemies":"Orb Walker","floor":37,"turns":2},{"damage":2,"enemies":"3 Shapes","floor":39,"turns":1},{"damage":8,"enemies":"R_Hoarder","floor":42,"turns":5},{"damage":10,"enemies":"Writhing Mass","floor":43,"turns":4},{"damage":0,"enemies":"Transient","floor":46,"turns":5},{"damage":0,"enemies":"Giant Head","floor":48,"turns":5},{"damage":0,"enemies":"hubris:GrandSnecko","floor":52,"turns":5},{"damage":25,"enemies":"Shield and Spear","floor":56,"turns":4},{"damage":8,"enemies":"The Heart","floor":57,"turns":6}],"seed_played":"5790106533126362029","potions_obtained":[{"floor":6,"key":"Fire Potion"},{"floor":8,"key":"PowerPotion"},{"floor":16,"key":"Dexterity Potion"},{"floor":19,"key":"FearPotion"},{"floor":29,"key":"Swift Potion"},{"floor":30,"key":"Energy Potion"},{"floor":32,"key":"FairyPotion"},{"floor":37,"key":"Explosive Potion"},{"floor":46,"key":"SmokeBomb"}],"is_trial":false,"path_per_floor":["M","$","M","?","T","E","?","E","T","$","R","M","M","M","R_BF","B",null,"M","M","?","M","$","R","AVR","T","T","PTL","PTL","M","E","$","M","?","R","B",null,"M","?","M","AVR","$","E","M","NS","T","M","R","E","R","?","R_BF","B",null,"R","$","E","B",null],"character_chosen":"THE_SILENT","items_purchased":["Bane","halation:Thesaurus","Regal Pillow","hubris:OldNail","Replay:BasicMightCard","halation:NonexistentMirror","Footwork","Replay:Mystery Machine","Concentrate","halation:Sosunser","Lantern","hubris:KleinBottle","After Image","Heel Hook+1","Dagger Throw","Replay:Bottled Steam"],"campfire_rested":6,"item_purchase_floors":[0,0,0,2,2,2,10,10,22,22,31,41,55,55,55,55],"current_hp_per_floor":[72,72,70,70,70,55,55,53,53,53,74,74,71,74,74,12,74,57,54,54,37,37,74,74,74,74,74,74,72,71,71,66,66,74,73,74,73,73,74,74,55,61,65,65,65,74,74,74,74,74,74,74,74,74,71,50,56],"gold":54,"neow_bonus":"","is_daily":false,"chose_seed":false,"campfire_upgraded":0,"win_rate":0.0,"timestamp":1611988525,"path_taken":["M","$","M","?","?","E","?","E","T","?","R","?","M","M","R_BF","BOSS","M","?","?","M","$","R","AVR","?","T","PTL","PTL","M","E","$","M","?","R","BOSS","M","?","M","AVR","?","E","M","NS","T","M","R","E","R","?","R_BF","BOSS","R","$","E","BOSS"],"items_purchased_type":["Card","Relic","Relic","Relic","Card","Relic","Card","Relic","Card","Relic","Relic","Relic","Card","Card","Card","Relic"],"build_version":"2020-12-22","purchased_purges":12,"victory":true,"max_hp_per_floor":[74,74,74,74,74,74,74,74,74,74,74,74,74,74,74,74,74,74,74,74,74,74,74,74,74,74,74,74,74,74,74,74,74,74,74,74,74,74,74,74,74,74,74,74,74,74,74,74,74,74,74,74,74,74,71,71,71],"card_choices":[{"not_picked":["Cloak And Dagger","Distraction"],"picked":"Deadly Poison","floor":1},{"not_picked":["Sneak Up","Dagger Throw"],"picked":"Blade Dance","floor":3},{"not_picked":["Dodge and Roll","Hidden Blade"],"picked":"Flying Knee","floor":6},{"not_picked":["Dodge and Roll","Skewer"],"picked":"Poisoned Stab","floor":8},{"not_picked":["Dodge and Roll","Escape Plan"],"picked":"Calculated Gamble","floor":12},{"not_picked":["Skewer","Deflect"],"picked":"Outmaneuver","floor":13},{"not_picked":["Endless Agony","Burst"],"picked":"Draining Mist","floor":14},{"not_picked":["Malaise","jedi:rejectivetoxin"],"picked":"ReplayTheSpireMod:Necrosis","floor":16},{"not_picked":["Sucker Punch","Dash+1","Poisoned Stab"],"picked":"SKIP","floor":18},{"not_picked":["Flechettes+1","Underhanded Strike"],"picked":"Flying Knee","floor":19},{"not_picked":["ReplayTheSpireMod:Chaos Vortex","hubris:InfiniteBlow+2"],"picked":"infinitespire:NeuralNetwork","floor":20},{"not_picked":["Dagger Throw","infinitespire:Neurotoxin"],"picked":"Blade Dance+1","floor":21},{"not_picked":["Outmaneuver","PiercingWail","Poisoned Stab"],"picked":"SKIP","floor":29},{"not_picked":["Underhanded Strike","Flying Knee","hubris:TrickCloak+1"],"picked":"SKIP","floor":30},{"not_picked":["Acrobatics","Dagger Throw","Backflip+1"],"picked":"SKIP","floor":32},{"not_picked":["jedi:studypoison","Glass Knife"],"picked":"Phantasmal Killer","floor":35},{"not_picked":["jedi:frostbite","Languid"],"picked":"Injury","floor":36},{"not_picked":["Regret","infinitespire:Pacifist"],"picked":"Pain","floor":36},{"not_picked":["Spreading Infection","ReplayTheSpireMod:Doomed"],"picked":"Clumsy","floor":36},{"not_picked":["jedi:collectorvenom+1","Poisoned Stab","Deadly Poison+1"],"picked":"SKIP","floor":37},{"not_picked":["Blade Dance+1","Heel Hook"],"picked":"Backstab","floor":39},{"not_picked":["infinitespire:FutureSight","infinitespire:SevenWalls"],"picked":"infinitespire:UltimateForm","floor":41},{"not_picked":["Deadly Poison+1","Flying Knee","Choke+1"],"picked":"SKIP","floor":42},{"not_picked":["PiercingWail+1","Sucker Punch","Cloak And Dagger+1"],"picked":"SKIP","floor":43},{"not_picked":["Dash","Acrobatics+1"],"picked":"Sneak Up","floor":46},{"not_picked":["Dagger Spray","Calculated Gamble+1","hubris:SlightOfHand+1"],"picked":"SKIP","floor":48},{"not_picked":["jedi:brewingpoison","Malaise"],"picked":"hubris:Sniper","floor":56}],"player_experience":237231,"relics_obtained":[{"floor":5,"key":"ReplayTheSpireMod:Shallot"},{"floor":6,"key":"CCEMRelics:WarHorn"},{"floor":8,"key":"aspiration:ChemicalBlood"},{"floor":17,"key":"Replay:Rubber Ducky"},{"floor":17,"key":"halation:TwoAmDonut"},{"floor":17,"key":"Dead Branch"},{"floor":25,"key":"Blue Doll"},{"floor":26,"key":"Replay:Wax Seal"},{"floor":30,"key":"Snake Skull"},{"floor":42,"key":"halation:KoshaPiece"},{"floor":45,"key":"jedi:bottledfury"},{"floor":48,"key":"CCEMRelics:TeddyBear"},{"floor":56,"key":"reliquary:RosewoodLute"}],"event_choices":[{"damage_healed":0,"gold_gain":0,"player_choice":"Ignored","damage_taken":0,"max_hp_gain":0,"max_hp_loss":0,"event_name":"Golden Wing","floor":4,"gold_loss":0},{"damage_healed":0,"gold_gain":0,"player_choice":"Take Wound","damage_taken":0,"relics_obtained":["Golden Idol"],"max_hp_gain":0,"max_hp_loss":0,"event_name":"Golden Idol","floor":7,"gold_loss":0,"cards_obtained":["Injury"]},{"damage_healed":0,"gold_gain":0,"player_choice":"Madness","damage_taken":0,"relics_obtained":["betterThird:NestCultRelic"],"max_hp_gain":0,"max_hp_loss":0,"event_name":"betterThird:BetterNest","floor":33,"gold_loss":0}],"is_beta":false,"boss_relics":[{"not_picked":["jedi:paperlyon","Abe\u0027s Treasure"],"picked":"Calling Bell"},{"not_picked":["aspiration:SecretTechniqueScroll","jedi:battlestandard"],"picked":"Replay:Ancient Bell"},{"not_picked":["reliquary:ExpiredCoupon","hubris:TenFootPole"],"picked":"CCEMRelics:SpiritsEdge"},{"not_picked":["Golden Egg","reliquary:PurpleTingedLeaf"],"picked":"aspiration:FetidBarrel"},{"not_picked":["Gambling Chip","Tough Bandages"],"picked":"Calipers"}],"items_purged_floors":[0,0,2,2,10,22,22,22,22,31,40,55],"is_endless":false,"potions_floor_spawned":[6,8,16,19,29,30,32,37,39,46],"ascension_level":1}}