{"host":"q0ozth74idsfmf0a","time":1611995773,"event":{"mods":["BaseMod","Colored Powertips","Downfall","Minty Spire (QoL Compilation)","Relic Stats","StSLib"],"gold_per_floor":[99,109,122,133,308,149,149,149,176,176,195,195,195,228,242,344,344,344,11,21,121,131,131,131,143,155,55,89,106,6,43,56,161,161,161,211,559,571,585,595,618,663,674,264,299,96,114,139,149,149],"floor_reached":51,"language":"ENG","playtime":5480,"items_purged":["Doubt","champ:Strike","champ:Defend","champ:Strike"],"score":814,"play_id":"6329bec6-07d3-4a80-8828-54b35672ce63","local_time":"20210130033613","is_ascension_mode":false,"campfire_choices":[{"data":"champ:Taunt","floor":1.0,"key":"SMITH"},{"data":"champ:BerserkersShout","floor":8.0,"key":"SMITH"},{"data":"champ:Backstep","floor":10.0,"key":"SMITH"},{"data":"champ:FlashCut","floor":13.0,"key":"SMITH"},{"floor":18.0,"key":"RECALL"},{"floor":27.0,"key":"REST"},{"floor":30.0,"key":"REST"},{"floor":35.0,"key":"REST"}],"circlet_count":0,"master_deck":["champ:Strike","champ:Defend","champ:Defend","champ:Execute","champ:Taunt+1","champ:BerserkersShout+1","champ:CheapShot","champ:BringItOn","champ:FanOfKnives","champ:Shatter","champ:Circumvent","champ:Backstep+1","champ:FlashCut+1","champ:ShieldSigil","champ:RisingSlash","champ:VampiricStrike","champ:PreciseThrust","champ:StanceDance","J.A.X.","champ:IronFortress+1","champ:PreciseThrust","champ:ShieldSlam","champ:ShieldWall+1","Necronomicurse","champ:GutPunch","champ:FlashCut","champ:CrookedStrike","champ:AdrenalArmor+1","champ:VampiricStrike","champ:ViciousMockery","champ:TornadoPunch+1","champ:CheapShot","champ:StanceDance","champ:FocusedDefense+1","champ:DefensiveShout+1","champ:Improvising+1","champ:FocusedBerserking+1","champ:UltimateStance","champ:StanceDance+1","expansioncontent:DashGenerateEvil","champ:RageSigil+1","champ:FancyFootwork"],"relics":["champ:ChampionCrown","Pocketwatch","Meat on the Bone","InkBottle","Fusion Hammer","Membership Card","Frozen Egg 2","MutagenicStrength","Necronomicon","Question Card","downfall:HeartBlessingRed","Regal Pillow","downfall:HeartBlessingGreen","Anchor","HornCleat","bronze:MakeshiftBattery","Gambling Chip","Old Coin","Ancient Tea Set","Bag of Preparation","Mercury Hourglass","Bottled Lightning","Ice Cream","Shuriken","Toy Ornithopter"],"acts_visited":["Exordium","TheCity","TheBeyond"],"potions_floor_usage":[38,45,45,50,50],"damage_taken":[{"damage":20.0,"enemies":"Cultist","floor":2.0,"turns":3.0},{"damage":25.0,"enemies":"Small Slimes","floor":3.0,"turns":5.0},{"damage":10.0,"enemies":"2 Louse","floor":4.0,"turns":2.0},{"damage":30.0,"enemies":"downfall:FleeingMerchant","floor":6.0,"turns":5.0},{"damage":34.0,"enemies":"3 Sentries","floor":9.0,"turns":3.0},{"damage":17.0,"enemies":"Blue Slaver","floor":11.0,"turns":3.0},{"damage":28.0,"enemies":"Lagavulin","floor":14.0,"turns":8.0},{"damage":21.0,"enemies":"Lots of Slimes","floor":15.0,"turns":4.0},{"damage":81.0,"enemies":"DF_ARCHETYPE_STREAMLINE","floor":16.0,"turns":8.0},{"damage":54.0,"enemies":"downfall:FleeingMerchant","floor":19.0,"turns":5.0},{"damage":25.0,"enemies":"Spheric Guardian","floor":20.0,"turns":3.0},{"damage":43.0,"enemies":"downfall:Augmenter","floor":21.0,"turns":6.0},{"damage":20.0,"enemies":"Snake Plant","floor":22.0,"turns":4.0},{"damage":39.0,"enemies":"Cultist and Chosen","floor":25.0,"turns":6.0},{"damage":45.0,"enemies":"Centurion and Healer","floor":26.0,"turns":4.0},{"damage":58.0,"enemies":"Gremlin Leader","floor":28.0,"turns":6.0},{"damage":20.0,"enemies":"Sentry and Sphere","floor":29.0,"turns":3.0},{"damage":63.0,"enemies":"downfall:FleeingMerchant","floor":31.0,"turns":6.0},{"damage":20.0,"enemies":"Shelled Parasite and Fungi","floor":32.0,"turns":2.0},{"damage":97.0,"enemies":"WA_ARCHETYPE_CALM","floor":33.0,"turns":8.0},{"damage":52.0,"enemies":"WA_ARCHETYPE_CALM","floor":36.0,"turns":5.0},{"damage":8.0,"enemies":"2 Orb Walkers","floor":37.0,"turns":6.0},{"damage":40,"enemies":"3 Darklings","floor":38,"turns":4},{"damage":3,"enemies":"Orb Walker","floor":39,"turns":3},{"damage":30,"enemies":"Writhing Mass","floor":40,"turns":5},{"damage":5,"enemies":"Sphere and 2 Shapes","floor":43,"turns":2},{"damage":94,"enemies":"Giant Head","floor":45,"turns":5},{"damage":20,"enemies":"3 Darklings","floor":47,"turns":2},{"damage":38,"enemies":"Nemesis","floor":48,"turns":5},{"damage":10,"enemies":"Jaw Worm Horde","floor":49,"turns":1},{"damage":104,"enemies":"IC_BLOCK_ARCHETYPE","floor":50,"turns":7}],"seed_played":"-4447710838725942763","potions_obtained":[{"floor":0.0,"key":"FairyPotion"},{"floor":0.0,"key":"champ:CounterPotion"},{"floor":0.0,"key":"Slimebound:ThreeZeroPotion"},{"floor":9.0,"key":"Dexterity Potion"},{"floor":15.0,"key":"sneckomod:MuddlingPotion"},{"floor":20.0,"key":"sneckomod:MuddlingPotion"},{"floor":25.0,"key":"PowerPotion"},{"floor":28.0,"key":"Swift Potion"},{"floor":33.0,"key":"Explosive Potion"},{"floor":36.0,"key":"PowerPotion"},{"floor":39,"key":"SkillPotion"},{"floor":40,"key":"Slimebound:ThreeZeroPotion"},{"floor":45,"key":"PowerPotion"},{"floor":47,"key":"DuplicationPotion"}],"is_trial":false,"path_per_floor":["R","M","M","M","?","$","T","R","E","R","M","?","R","E","M","B",null,"R","$","M","?","M","?","T","M","M","R","E","M","R","$","M","B",null,"R","?","?","M","M","M","T","T","M","$","E","$","M","E","M","B",null],"character_chosen":"THE_CHAMP","items_purchased":["champ:Shatter","champ:Circumvent","Membership Card","Frozen Egg 2","champ:ViciousMockery","Anchor","HornCleat","Mercury Hourglass","champ:UltimateStance","Bottled Lightning","Shuriken","expansioncontent:DashGenerateEvil"],"campfire_rested":3,"item_purchase_floors":[6,6,19,19,31,31,31,44,44,44,46,46],"current_hp_per_floor":[90,90,90,90,90,90,90,90,81,81,79,79,79,66,67,48,90,90,81,81,68,68,52,52,50,62,89,86,76,90,87,87,72,90,90,63,60,72,69,81,81,81,81,81,77,77,77,59,59,50],"gold":149,"neow_bonus":"THREE_SMALL_POTIONS","is_daily":false,"chose_seed":false,"campfire_upgraded":4,"win_rate":0.0,"timestamp":1611995773,"path_taken":["R","M","M","?","?","$","T","R","E","R","M","?","R","E","M","BOSS","R","$","M","?","M","?","T","M","M","R","E","M","R","$","M","BOSS","R","?","?","M","M","M","T","?","?","$","E","$","?","E","M","BOSS"],"items_purchased_type":["Card","Card","Relic","Relic","Card","Relic","Relic","Relic","Card","Relic","Relic","Card"],"build_version":"2020-12-22","purchased_purges":4,"victory":true,"max_hp_per_floor":[90,90,90,90,90,90,90,90,90,90,90,90,90,90,90,90,90,90,90,90,90,90,90,90,90,90,90,90,90,90,90,90,90,90,90,90,90,90,90,90,90,90,90,90,90,90,90,90,90,90],"relic_stats":{"Regal Pillow":0,"counters":[31,139],"Bag of Preparation":[12],"Question Card":17,"Mercury Hourglass":[61],"Shuriken":[13],"Gambling Chip":[15],"Necronomicon":[36],"obtain_stats":[{"Ice Cream":45,"Regal Pillow":28,"champ:ChampionCrown":0,"downfall:HeartBlessingGreen":30,"Bag of Preparation":42,"Ancient Tea Set":41,"Old Coin":37,"HornCleat":31,"Gambling Chip":36,"Fusion Hammer":17,"Necronomicon":23,"InkBottle":14,"downfall:HeartBlessingRed":27,"Frozen Egg 2":19,"Question Card":24,"Mercury Hourglass":44,"Anchor":31,"Shuriken":46,"MutagenicStrength":21,"Membership Card":19,"Bottled Lightning":44,"bronze:MakeshiftBattery":34,"Toy Ornithopter":48,"Pocketwatch":7,"Meat on the Bone":9},{"Ice Cream":27,"Regal Pillow":16,"champ:ChampionCrown":0,"downfall:HeartBlessingGreen":17,"Bag of Preparation":25,"Ancient Tea Set":25,"Old Coin":22,"HornCleat":18,"Gambling Chip":21,"Fusion Hammer":9,"Necronomicon":13,"InkBottle":7,"downfall:HeartBlessingRed":15,"Frozen Egg 2":10,"Question Card":13,"Mercury Hourglass":26,"Anchor":18,"Shuriken":27,"MutagenicStrength":12,"Membership Card":10,"Bottled Lightning":26,"bronze:MakeshiftBattery":20,"Toy Ornithopter":29,"Pocketwatch":4,"Meat on the Bone":5},{"Ice Cream":124,"Regal Pillow":75,"champ:ChampionCrown":0,"downfall:HeartBlessingGreen":78,"Bag of Preparation":117,"Ancient Tea Set":117,"Old Coin":105,"HornCleat":84,"Gambling Chip":99,"Fusion Hammer":41,"Necronomicon":59,"InkBottle":29,"downfall:HeartBlessingRed":69,"Frozen Egg 2":46,"Question Card":59,"Mercury Hourglass":119,"Anchor":84,"Shuriken":124,"MutagenicStrength":55,"Membership Card":46,"Bottled Lightning":119,"bronze:MakeshiftBattery":94,"Toy Ornithopter":131,"Pocketwatch":15,"Meat on the Bone":18}],"InkBottle":[53],"Toy Ornithopter":10,"Pocketwatch":[48],"Meat on the Bone":84},"card_choices":[{"not_picked":["champ:CrownThrow","champ:PreciseThrust"],"picked":"champ:BerserkersShout","floor":2.0},{"not_picked":["champ:CrownThrow","champ:EndlessRage"],"picked":"champ:CheapShot","floor":3.0},{"not_picked":["champ:EnGarde","champ:CrookedStrike"],"picked":"champ:BringItOn","floor":4.0},{"not_picked":["champ:EnGarde","champ:BerserkersShout"],"picked":"champ:FanOfKnives","floor":6.0},{"not_picked":["champ:Improvising","champ:AdrenalArmor"],"picked":"champ:Backstep","floor":9.0},{"not_picked":["champ:EnGarde","champ:SkillfulDodge"],"picked":"champ:FlashCut","floor":11.0},{"not_picked":["champ:FlashCut","champ:IronFortress"],"picked":"champ:ShieldSigil","floor":14.0},{"not_picked":["champ:ShieldSlam","champ:PreciseThrust"],"picked":"champ:RisingSlash","floor":15.0},{"not_picked":["champ:SwordThrow","champ:StrikeOfGenius"],"picked":"champ:VampiricStrike","floor":16.0},{"not_picked":["champ:Parry","champ:FanOfKnives"],"picked":"champ:PreciseThrust","floor":19.0},{"not_picked":["champ:Haymaker","champ:SetATrap"],"picked":"champ:StanceDance","floor":20.0},{"not_picked":[],"picked":"J.A.X.","floor":21.0},{"not_picked":["champ:BerserkersShout","champ:ShieldWall+1"],"picked":"champ:IronFortress+1","floor":21.0},{"not_picked":["champ:PerfectedStrike+1","champ:BladeFlurry"],"picked":"champ:ShieldWall+1","floor":22.0},{"not_picked":["champ:FanOfKnives","champ:BladeFlurry+1","champ:AdrenalArmor"],"picked":"champ:GutPunch","floor":25.0},{"not_picked":["champ:PerfectedStrike","champ:Circumvent+1","champ:FanOfKnives"],"picked":"champ:FlashCut","floor":26.0},{"not_picked":["champ:FaceSlap","champ:Circumvent","champ:Shatter"],"picked":"champ:CrookedStrike","floor":28.0},{"not_picked":["champ:SetATrap","champ:Haymaker","champ:FaceSlap"],"picked":"champ:AdrenalArmor+1","floor":29.0},{"not_picked":["champ:TornadoPunch","champ:CrookedStrike","champ:Lariat"],"picked":"champ:VampiricStrike","floor":31.0},{"not_picked":["champ:BladeFlurry+1","champ:RapidStrikes","champ:DeathBlow"],"picked":"champ:TornadoPunch+1","floor":32.0},{"not_picked":["champ:IgnorePain","champ:Devastate","champ:VampiricStrike"],"picked":"champ:CheapShot","floor":33.0},{"not_picked":["champ:GutPunch+1","champ:Circumvent","champ:ShieldSlam+1"],"picked":"champ:StanceDance","floor":36.0},{"not_picked":["champ:CrownThrow+1","champ:Duel+1","champ:Circumvent+1"],"picked":"champ:FocusedDefense+1","floor":37.0},{"not_picked":["champ:EnragedBash+1","champ:SwordSigil+1","champ:EnGarde"],"picked":"champ:DefensiveShout+1","floor":38},{"not_picked":["champ:BladeFlurry","champ:Lariat","champ:AdrenalArmor","champ:GutPunch+1"],"picked":"SKIP","floor":39},{"not_picked":["champ:BringItOn+1","champ:Haymaker+1","champ:TornadoPunch+1"],"picked":"champ:Improvising+1","floor":40},{"not_picked":["champ:Shatter+1","champ:BerserkersShout","champ:PerfectedStrike+1"],"picked":"champ:FocusedBerserking+1","floor":43},{"not_picked":["champ:Improvising+1","champ:IronFortress+1","champ:DefensiveShout"],"picked":"champ:StanceDance+1","floor":45},{"not_picked":["champ:Shatter","champ:BerserkersShout+1","champ:RapidStrikes+1"],"picked":"champ:RageSigil+1","floor":47},{"not_picked":["champ:Duel+1","champ:EndlessRage+1","champ:FaceSlap+1","champ:TornadoPunch"],"picked":"SKIP","floor":48},{"not_picked":["champ:Backstep","champ:ShieldSigil","champ:Circumvent"],"picked":"champ:FancyFootwork","floor":49}],"player_experience":47155,"relics_obtained":[{"floor":7.0,"key":"Pocketwatch"},{"floor":9.0,"key":"Meat on the Bone"},{"floor":14.0,"key":"InkBottle"},{"floor":21.0,"key":"MutagenicStrength"},{"floor":23.0,"key":"Necronomicon"},{"floor":24.0,"key":"Question Card"},{"floor":28.0,"key":"Regal Pillow"},{"floor":36.0,"key":"Gambling Chip"},{"floor":37.0,"key":"Old Coin"},{"floor":41,"key":"Ancient Tea Set"},{"floor":42,"key":"Bag of Preparation"},{"floor":45,"key":"Ice Cream"},{"floor":48,"key":"Toy Ornithopter"}],"event_choices":[{"damage_healed":0.0,"max_hp_gain":0.0,"max_hp_loss":0.0,"gold_gain":0.0,"event_name":"Mysterious Sphere","player_choice":"Fight","floor":37.0,"gold_loss":0.0,"damage_taken":0.0}],"is_beta":false,"boss_relics":[{"not_picked":["Sozu","Busted Crown"],"picked":"Fusion Hammer"},{"not_picked":["SacredBark","Tiny House"],"picked":"bronze:MakeshiftBattery"}],"items_purged_floors":[6,19,31,44],"is_endless":false,"potions_floor_spawned":[9,11,15,20,25,28,32,33,36,39,40,45,47],"ascension_level":0}}