{"host":"6xsbn6ynqlzwllfm","time":1611994480,"event":{"mods":["2.2 Compatiblity","BaseMod","Bestiary","Colored Map","Colored Powertips","Curses Come First","Highlight Path","Keyboard Shortcuts","Minty Spire (QoL Compilation)","Relic Stats","Slay the Relics Exporter","StSLib","SuperFastMode"],"gold_per_floor":[365,365,415,435,213,213,250,250,250,269,303,315,371,383,395,407,407],"floor_reached":16,"language":"ENG","playtime":415,"items_purged":["Regret"],"score":226,"play_id":"a28b80d0-a2e0-4d92-a9fe-854ba14b4513","local_time":"20210130031440","is_ascension_mode":true,"campfire_choices":[{"data":"Tantrum","floor":6,"key":"SMITH"},{"data":"Fasting2","floor":8,"key":"SMITH"},{"floor":12,"key":"REST"},{"data":"Establishment","floor":15,"key":"SMITH"}],"circlet_count":0,"master_deck":["AscendersBane","Strike_P","Strike_P","Strike_P","Defend_P","Defend_P","Defend_P","Defend_P","Eruption","Vigilance","CarveReality","FlurryOfBlows","Tantrum+1","Fasting2+1","Consecrate","Establishment+1","FlyingSleeves","FlyingSleeves"],"relics":["PureWater","CeramicFish","Bottled Flame","MawBank","Regal Pillow"],"acts_visited":["Exordium"],"potions_floor_usage":[7,13,13],"damage_taken":[{"damage":6,"enemies":"Jaw Worm","floor":1,"turns":4},{"damage":6,"enemies":"Small Slimes","floor":4,"turns":4},{"damage":12,"enemies":"3 Sentries","floor":7,"turns":3},{"damage":0,"enemies":"Cultist","floor":10,"turns":2},{"damage":31,"enemies":"Lagavulin","floor":11,"turns":3},{"damage":15,"enemies":"3 Sentries","floor":13,"turns":3},{"damage":12,"enemies":"Hexaghost","floor":16,"turns":7}],"seed_played":"-2139934725630120830","potions_obtained":[{"floor":1,"key":"LiquidBronze"},{"floor":10,"key":"Strength Potion"},{"floor":11,"key":"AttackPotion"}],"is_trial":false,"path_per_floor":["M","?","?","M","$","R","E","R","T","M","E","R","E","$","R","B"],"character_chosen":"WATCHER","items_purchased":["Fasting2","SteroidPotion"],"campfire_rested":1,"item_purchase_floors":[5,5],"current_hp_per_floor":[55,55,55,49,49,49,37,37,37,37,6,26,11,11,11,0,0],"gold":407,"neow_bonus":"TWO_FIFTY_GOLD","is_daily":false,"chose_seed":false,"campfire_upgraded":3,"win_rate":0.0,"timestamp":1611994480,"path_taken":["M","?","?","M","$","R","E","R","T","M","E","R","E","$","R","BOSS"],"items_purchased_type":["Card","Potion"],"build_version":"2020-12-22","purchased_purges":1,"victory":false,"max_hp_per_floor":[68,68,68,68,68,68,68,68,68,68,68,68,68,68,68,68,68],"relic_stats":{"Regal Pillow":0,"counters":[7,26],"CeramicFish":36,"MawBank":60,"obtain_stats":[{"Bottled Flame":9,"Regal Pillow":13,"CeramicFish":7,"PureWater":0,"MawBank":11},{"Bottled Flame":3,"Regal Pillow":6,"CeramicFish":3,"PureWater":0,"MawBank":5},{"Bottled Flame":11,"Regal Pillow":19,"CeramicFish":11,"PureWater":0,"MawBank":16}]},"card_choices":[{"not_picked":["CutThroughFate","Evaluate"],"picked":"CarveReality","floor":1},{"not_picked":["ClearTheMind","Consecrate"],"picked":"Tantrum","floor":4},{"not_picked":["FollowUp","Crescendo"],"picked":"Consecrate","floor":7},{"not_picked":["Wireheading","EmptyMind"],"picked":"Establishment","floor":10},{"not_picked":["FlurryOfBlows","ClearTheMind"],"picked":"FlyingSleeves","floor":11},{"not_picked":["Wireheading","Worship"],"picked":"FlyingSleeves","floor":13}],"player_experience":1262220,"relics_obtained":[{"floor":7,"key":"CeramicFish"},{"floor":9,"key":"Bottled Flame"},{"floor":11,"key":"MawBank"},{"floor":13,"key":"Regal Pillow"}],"event_choices":[{"damage_healed":0,"gold_gain":0,"cards_transformed":["Strike_P"],"player_choice":"Change","damage_taken":0,"max_hp_gain":0,"max_hp_loss":0,"event_name":"Living Wall","floor":2,"gold_loss":0,"cards_obtained":["FlurryOfBlows"]},{"damage_healed":0,"gold_gain":50,"player_choice":"Pray","damage_taken":0,"max_hp_gain":0,"max_hp_loss":0,"event_name":"Golden Shrine","floor":3,"gold_loss":0}],"is_beta":false,"boss_relics":[],"items_purged_floors":[5],"is_endless":false,"potions_floor_spawned":[1,10,11],"killed_by":"Hexaghost","ascension_level":19}}