{"host":"4kmvpqjeiacgn1pr","time":1611973942,"event":{"mods":["AchievementEnabler","BaseMod","Better Altar","Better Match","Better Note","Better Sensory Stone","Better Skull","Better Third Choice","Colored Map","Colored Powertips","Curses Come First","Downfall","Highlight Path","Hubris","Infinite Spire","Minty Spire (QoL Compilation)","Permanent Neow","Quick Restart","Rare Cards Sparkle","Replay The Spire","Spicy Shops","StSLib"],"gold_per_floor":[119,294,294,94,145,170,170,170,170,170,193,211,211,223,233,12,12,111,161,178,198,198,198,214,214,214],"floor_reached":25,"language":"ENG","playtime":1033,"items_purged":["hubris:Disease"],"score":299,"play_id":"aac63c89-04b8-4759-8398-b8ab9306f8f5","local_time":"20210129213222","is_ascension_mode":true,"campfire_choices":[{"data":"Apotheosis","floor":7,"key":"SMITH"},{"data":"Fluid Movement","floor":10,"key":"SMITH"},{"data":"Replay:Bootleg Shield Generator","floor":17,"key":"SMITH"}],"circlet_count":0,"master_deck":["AscendersBane","Strike_G","Strike_G","Strike_G","Strike_G+1","Strike_G","Defend_G+1","Defend_G","Defend_G","Defend_G+1","Defend_G","Survivor","Neutralize","Apotheosis+1","Fluid Movement+1","Slice+1","Replay:Bootleg Shield Generator+1","Burst+1","Heel Hook","ReplayTheSpireMod:Necrosis","Poisoned Stab","Toxin Wave","Deadly Poison","Berserk"],"relics":["Ring of the Snake","ReplayTheSpireMod:CursedCoin","Orichalcum","The Specimen","Replay:Baseball","War Paint","Membership Card","Whetstone","Tiny House","Blood Vial"],"acts_visited":["Exordium","TheCity"],"potions_floor_usage":[15,15,18,24,13024,24,24,25],"damage_taken":[{"damage":7,"enemies":"2 Louse","floor":1,"turns":3},{"damage":7,"enemies":"3 Sentries","floor":6,"turns":9},{"damage":0,"enemies":"Small Slimes","floor":12,"turns":2},{"damage":1,"enemies":"Jaw Worm","floor":14,"turns":4},{"damage":6,"enemies":"Looter","floor":15,"turns":4},{"damage":3,"enemies":"The Guardian","floor":18,"turns":16},{"damage":1,"enemies":"Shell Parasite","floor":20,"turns":9},{"damage":24,"enemies":"3 Byrds","floor":21,"turns":7},{"damage":0,"enemies":"Centurion and Healer","floor":24,"turns":6},{"damage":38,"enemies":"Slavers","floor":25,"turns":2}],"seed_played":"7613762885440644970","potions_obtained":[{"floor":1,"key":"GamblersBrew"},{"floor":6,"key":"hexamod:SoulburnPotion"},{"floor":14,"key":"DistilledChaos"},{"floor":19,"key":"champ:CounterPotion"},{"floor":21,"key":"Energy Potion"},{"floor":24,"key":"PowerPotion"}],"is_trial":false,"path_per_floor":["M","?","?","$","T","E","R","PTL","PTL","R","T","M","?","M","M","$","R","B",null,"M","M","?","?","M","E"],"character_chosen":"THE_SILENT","items_purchased":["ReplayTheSpireMod:CursedCoin","Fluid Movement","Slice","Replay:Bootleg Shield Generator","Membership Card","Whetstone"],"campfire_rested":0,"item_purchase_floors":[4,4,4,4,16,16],"current_hp_per_floor":[56,56,56,56,56,49,49,49,49,49,49,49,49,48,42,42,42,39,62,61,37,3,3,30,0,0],"gold":214,"neow_bonus":"RANDOM_COLORLESS_2","is_daily":false,"chose_seed":false,"campfire_upgraded":3,"win_rate":0.0,"timestamp":1611973942,"path_taken":["M","?","?","$","?","E","R","PTL","PTL","R","T","M","?","M","?","?","R","BOSS","M","?","?","?","M","E"],"items_purchased_type":["Relic","Card","Card","Card","Relic","Relic"],"build_version":"2020-12-22","purchased_purges":1,"victory":false,"max_hp_per_floor":[63,63,63,63,63,63,63,63,63,63,63,63,63,63,63,63,63,63,68,68,68,68,68,68,68,68],"card_choices":[{"not_picked":["ReplayTheSpireMod:Necrogeddon","HandOfGreed"],"picked":"Apotheosis","floor":0},{"not_picked":["Acrobatics","Calculated Gamble"],"picked":"Blade Dance","floor":1},{"not_picked":["Underhanded Strike","ReplayTheSpireMod:The Works","Prepared"],"picked":"SKIP","floor":6},{"not_picked":["Flying Knee","Deflect","Quick Slash"],"picked":"SKIP","floor":12},{"not_picked":["Dagger Spray","Slice"],"picked":"Burst","floor":14},{"not_picked":["Riddle With Holes","Acrobatics"],"picked":"Heel Hook","floor":15},{"not_picked":["After Image","Malaise"],"picked":"ReplayTheSpireMod:Necrosis","floor":18},{"not_picked":["Riddle With Holes","Quick Slash"],"picked":"Poisoned Stab","floor":19},{"not_picked":["Backflip","Outmaneuver"],"picked":"Toxin Wave","floor":20},{"not_picked":["Bane","Hidden Blade"],"picked":"Deadly Poison","floor":21},{"not_picked":["Infinite Blades","Sucker Punch","Bane+1"],"picked":"SKIP","floor":24}],"player_experience":387497,"relics_obtained":[{"floor":5,"key":"Orichalcum"},{"floor":6,"key":"The Specimen"},{"floor":11,"key":"Replay:Baseball"}],"event_choices":[{"damage_healed":0,"gold_gain":175,"player_choice":"AGREE","damage_taken":119,"max_hp_gain":0,"max_hp_loss":0,"event_name":"betterThird:BetterSerpent","floor":2,"gold_loss":0},{"cards_removed":["Blade Dance"],"damage_healed":0,"gold_gain":0,"player_choice":"Gave Card","damage_taken":0,"relics_obtained":["War Paint"],"max_hp_gain":0,"max_hp_loss":0,"event_name":"WeMeetAgain","floor":13,"gold_loss":0},{"damage_healed":0,"gold_gain":0,"player_choice":" Potion Vial ","damage_taken":34,"relics_obtained":["Blood Vial"],"max_hp_gain":37,"max_hp_loss":3,"event_name":"betterAltar:BetterAltar","floor":22,"potions_obtained":["betterAltar:AltarPotion"],"relics_lost":[],"gold_loss":0},{"damage_healed":0,"gold_gain":0,"player_choice":"Read","damage_taken":0,"max_hp_gain":0,"max_hp_loss":0,"event_name":"The Library","floor":23,"gold_loss":0,"cards_obtained":["Berserk"]}],"is_beta":false,"boss_relics":[{"not_picked":["Ring of the Serpent","WristBlade"],"picked":"Tiny House"}],"items_purged_floors":[4],"is_endless":false,"potions_floor_spawned":[1,6,14,21,24],"killed_by":"Slavers","ascension_level":10}}