{"host":"w7o06k3e8uel8euj","time":1611995232,"event":{"mods":["AchievementEnabler","BaseMod","Colored Powertips","Custom Start","DeckTracker","Keyboard Shortcuts","Minty Spire (QoL Compilation)","Quick Restart","Relic Stats","StSLib","SuperFastMode","everything is the same but u backflip on backflip"],"gold_per_floor":[114,126,146,163,177,177,502,502,502,602,284,303,303,321,321,419,419,436,456,371,371,141,176,176,209,209,228,241,255,255,286,286,384,384,394,405,405,303,313,341,341,375,375,394,406,331,356,370,370,370,370,370,79,105,105],"floor_reached":56,"language":"KOR","playtime":1855,"items_purged":["Strike_G","Strike_G","Defend_G","Strike_G+1","Dagger Spray+1"],"score":1766,"play_id":"4f048b7b-7914-4057-b72c-7a90624a347f","local_time":"20210130172712","is_ascension_mode":true,"campfire_choices":[{"data":"Dagger Spray","floor":6.0,"key":"SMITH"},{"data":"Venomology","floor":13.0,"key":"SMITH"},{"data":"Neutralize","floor":15.0,"key":"SMITH"},{"floor":24.0,"key":"REST"},{"floor":32.0,"key":"REST"},{"data":"Backflip","floor":41.0,"key":"SMITH"},{"floor":49,"key":"RECALL"},{"data":"Survivor","floor":52,"key":"SMITH"}],"circlet_count":0,"master_deck":["Defend_G","Defend_G","Survivor+1","Neutralize+1","Dagger Throw+1","Backflip+1","Venomology+1","Corpse Explosion+1","Acrobatics","Escape Plan+1","Escape Plan+1","Deflect+1","Terror+1","Grand Finale+1","Tactician+1","Acrobatics+1","Prepared+1"],"relics":["Ring of the Snake","NeowsBlessing","Old Coin","Toy Ornithopter","Eternal Feather","Runic Pyramid","Pen Nib","Membership Card","Toxic Egg 2","Mercury Hourglass","Regal Pillow","StrikeDummy","Astrolabe","Ancient Tea Set","Pantograph","White Beast Statue","Anchor","Sundial","Thread and Needle"],"acts_visited":["Exordium","TheCity","TheBeyond","TheEnding"],"potions_floor_usage":[44,45,47,50,54,55,55,55,55],"damage_taken":[{"damage":0.0,"enemies":"2 Louse","floor":1.0,"turns":1.0},{"damage":0.0,"enemies":"Jaw Worm","floor":2.0,"turns":1.0},{"damage":0.0,"enemies":"Cultist","floor":3.0,"turns":1.0},{"damage":21.0,"enemies":"Lots of Slimes","floor":4.0,"turns":7.0},{"damage":4.0,"enemies":"Looter","floor":5.0,"turns":4.0},{"damage":9.0,"enemies":"3 Sentries","floor":7.0,"turns":7.0},{"damage":9.0,"enemies":"Blue Slaver","floor":12.0,"turns":3.0},{"damage":0.0,"enemies":"Red Slaver","floor":14.0,"turns":2.0},{"damage":47.0,"enemies":"Slime Boss","floor":16.0,"turns":11.0},{"damage":16.0,"enemies":"Chosen","floor":18.0,"turns":5.0},{"damage":0.0,"enemies":"3 Byrds","floor":19.0,"turns":2.0},{"damage":72.0,"enemies":"Book of Stabbing","floor":23.0,"turns":7.0},{"damage":18.0,"enemies":"Slavers","floor":25.0,"turns":2.0},{"damage":30.0,"enemies":"Snecko","floor":27.0,"turns":6.0},{"damage":0.0,"enemies":"Centurion and Healer","floor":28.0,"turns":3.0},{"damage":0.0,"enemies":"Snake Plant","floor":29.0,"turns":5.0},{"damage":0.0,"enemies":"Gremlin Leader","floor":31.0,"turns":7.0},{"damage":25.0,"enemies":"Automaton","floor":33.0,"turns":9.0},{"damage":0.0,"enemies":"Orb Walker","floor":35.0,"turns":3.0},{"damage":0.0,"enemies":"3 Darklings","floor":36.0,"turns":2.0},{"damage":0.0,"enemies":"Writhing Mass","floor":39.0,"turns":1.0},{"damage":0.0,"enemies":"Giant Head","floor":40.0,"turns":2.0},{"damage":0.0,"enemies":"Reptomancer","floor":42.0,"turns":2.0},{"damage":0,"enemies":"4 Shapes","floor":44,"turns":1},{"damage":0,"enemies":"Transient","floor":45,"turns":3},{"damage":0,"enemies":"Giant Head","floor":47,"turns":3},{"damage":0,"enemies":"3 Darklings","floor":48,"turns":1},{"damage":0,"enemies":"Time Eater","floor":50,"turns":5},{"damage":0,"enemies":"Shield and Spear","floor":54,"turns":1},{"damage":26,"enemies":"The Heart","floor":55,"turns":5}],"seed_played":"-2883628051057288741","potions_obtained":[{"floor":2.0,"key":"GamblersBrew"},{"floor":3.0,"key":"Regen Potion"},{"floor":12.0,"key":"CunningPotion"},{"floor":19.0,"key":"SneckoOil"},{"floor":27.0,"key":"SpeedPotion"},{"floor":31.0,"key":"LiquidMemories"},{"floor":35.0,"key":"Fruit Juice"},{"floor":36.0,"key":"GhostInAJar"},{"floor":42.0,"key":"Fruit Juice"}],"is_trial":false,"path_per_floor":["M","M","M","M","M","R","E","?","T","?","$","M","R","M","R","B",null,"M","M","?","?","$","E","R","E","T","M","M","M","?","E","R","B",null,"M","M","?","$","M","E","R","E","T","M","M","$","E","M","R","B",null,"R","$","E","B",null],"character_chosen":"THE_SILENT","items_purchased":["Eternal Feather","Membership Card","Acrobatics","Acrobatics+1","Prepared+1","Anchor","Sundial"],"campfire_rested":2,"item_purchase_floors":[11,22,22,38,38,53,53],"current_hp_per_floor":[70,70,70,49,54,54,45,31,31,31,31,22,31,36,45,24,70,54,64,64,64,64,14,44,31,31,1,6,11,11,16,61,46,70,70,75,75,75,75,75,75,75,75,80,80,80,80,80,80,80,80,80,80,80,59],"gold":105,"neow_bonus":"THREE_ENEMY_KILL","is_daily":false,"chose_seed":false,"campfire_upgraded":5,"win_rate":0.0,"timestamp":1611995232,"path_taken":["M","M","M","M","M","R","E","?","T","?","$","?","R","M","R","BOSS","M","?","?","?","$","E","R","E","T","M","?","M","?","E","R","BOSS","M","?","?","$","M","E","R","E","T","M","M","$","E","M","R","BOSS","R","$","E","BOSS"],"items_purchased_type":["Relic","Relic","Card","Card","Card","Relic","Relic"],"build_version":"2020-12-22","purchased_purges":5,"victory":true,"max_hp_per_floor":[70,70,70,70,70,70,70,70,70,70,70,70,70,70,70,70,70,70,70,70,70,70,70,70,70,70,70,70,70,70,70,70,70,70,70,75,75,75,75,75,75,75,75,80,80,80,80,80,80,80,80,80,80,80,80],"relic_stats":{"Regal Pillow":15,"counters":[30,112],"Sundial":[6],"Astrolabe":["Terror","Grand Finale","Tactician"],"Pantograph":0,"Eternal Feather":36,"Pen Nib":[16],"obtain_stats":[{"Regal Pillow":26,"NeowsBlessing":0,"Astrolabe":34,"Eternal Feather":11,"Thread and Needle":54,"Pen Nib":20,"Ancient Tea Set":40,"White Beast Statue":47,"Old Coin":7,"Mercury Hourglass":25,"Anchor":53,"Sundial":53,"Pantograph":42,"Membership Card":22,"Toxic Egg 2":23,"StrikeDummy":31,"Toy Ornithopter":9,"Ring of the Snake":0,"Runic Pyramid":17},{"Regal Pillow":13,"NeowsBlessing":0,"Astrolabe":18,"Eternal Feather":6,"Thread and Needle":29,"Pen Nib":11,"Ancient Tea Set":22,"White Beast Statue":26,"Old Coin":6,"Mercury Hourglass":13,"Anchor":28,"Sundial":28,"Pantograph":23,"Membership Card":11,"Toxic Egg 2":12,"StrikeDummy":17,"Toy Ornithopter":6,"Ring of the Snake":0,"Runic Pyramid":9},{"Regal Pillow":53,"NeowsBlessing":0,"Astrolabe":83,"Eternal Feather":21,"Thread and Needle":107,"Pen Nib":44,"Ancient Tea Set":91,"White Beast Statue":100,"Old Coin":21,"Mercury Hourglass":53,"Anchor":106,"Sundial":106,"Pantograph":93,"Membership Card":44,"Toxic Egg 2":51,"StrikeDummy":74,"Toy Ornithopter":21,"Ring of the Snake":0,"Runic Pyramid":37}],"Toy Ornithopter":87,"Ring of the Snake":[60],"Mercury Hourglass":[225]},"card_choices":[{"not_picked":["Slice","Deflect"],"picked":"Dagger Throw","floor":1.0},{"not_picked":["Cloak And Dagger","Acrobatics"],"picked":"Backflip","floor":2.0},{"not_picked":["Slice","Dodge and Roll","Dagger Throw"],"picked":"SKIP","floor":3.0},{"not_picked":["Underhanded Strike","Calculated Gamble","Quick Slash"],"picked":"SKIP","floor":4.0},{"not_picked":["Tactician","Deadly Poison"],"picked":"Dagger Spray","floor":5.0},{"not_picked":["Quick Slash","Terror"],"picked":"Venomology","floor":7.0},{"not_picked":["Dagger Throw","Deflect","Deadly Poison"],"picked":"SKIP","floor":12.0},{"not_picked":["Underhanded Strike","Caltrops","Finisher"],"picked":"SKIP","floor":14.0},{"not_picked":["Malaise","After Image"],"picked":"Corpse Explosion","floor":16.0},{"not_picked":["Outmaneuver","Prepared","Deflect"],"picked":"SKIP","floor":18.0},{"not_picked":["Terror","Deflect","Calculated Gamble+1"],"picked":"SKIP","floor":19.0},{"not_picked":["Flying Knee","All Out Attack+1"],"picked":"Escape Plan+1","floor":23.0},{"not_picked":["Slice","Outmaneuver+1"],"picked":"Escape Plan+1","floor":25.0},{"not_picked":["Dodge and Roll+1","Predator+1"],"picked":"Deflect+1","floor":27.0},{"not_picked":["Bane","Accuracy","Expertise+1"],"picked":"SKIP","floor":28.0},{"not_picked":["Acrobatics+1","Flechettes","Outmaneuver+1"],"picked":"SKIP","floor":29.0},{"not_picked":["Setup+1","Quick Slash","Endless Agony"],"picked":"SKIP","floor":31.0},{"not_picked":["Cloak And Dagger+1","Endless Agony+1","Sucker Punch"],"picked":"SKIP","floor":35.0},{"not_picked":["Dagger Spray","Deflect+1","PiercingWail+1"],"picked":"SKIP","floor":36.0},{"not_picked":["Deflect+1","Blade Dance+1","Dagger Throw+1"],"picked":"SKIP","floor":39.0},{"not_picked":["Dagger Throw+1","Prepared+1","Concentrate+1"],"picked":"SKIP","floor":40.0},{"not_picked":["Acrobatics+1","Infinite Blades+1","Tools of the Trade"],"picked":"SKIP","floor":42.0},{"not_picked":["Poisoned Stab+1","Leg Sweep+1","Slice"],"picked":"SKIP","floor":44},{"not_picked":["Dagger Throw","Eviscerate","Sucker Punch"],"picked":"SKIP","floor":45},{"not_picked":["Outmaneuver+1","Deflect+1","Crippling Poison+1"],"picked":"SKIP","floor":47},{"not_picked":["Backstab","Envenom","Tactician+1"],"picked":"SKIP","floor":48},{"not_picked":["Underhanded Strike+1","Sucker Punch+1","All Out Attack"],"picked":"SKIP","floor":54}],"player_experience":516976,"relics_obtained":[{"floor":7.0,"key":"Old Coin"},{"floor":9.0,"key":"Toy Ornithopter"},{"floor":23.0,"key":"Toxic Egg 2"},{"floor":25.0,"key":"Mercury Hourglass"},{"floor":26.0,"key":"Regal Pillow"},{"floor":31.0,"key":"StrikeDummy"},{"floor":40.0,"key":"Ancient Tea Set"},{"floor":42.0,"key":"Pantograph"},{"floor":47,"key":"White Beast Statue"},{"floor":54,"key":"Thread and Needle"}],"event_choices":[{"damage_healed":0.0,"max_hp_gain":0.0,"max_hp_loss":0.0,"gold_gain":0.0,"event_name":"Shining Light","player_choice":"Entered Light","floor":8.0,"gold_loss":0.0,"damage_taken":14.0,"cards_upgraded":["Dagger Throw","Strike_G"]},{"damage_healed":0.0,"max_hp_gain":0.0,"max_hp_loss":0.0,"gold_gain":100.0,"event_name":"Wheel of Change","player_choice":"Gold","floor":10.0,"gold_loss":0.0,"damage_taken":0.0},{"damage_healed":0.0,"max_hp_gain":0.0,"max_hp_loss":0.0,"gold_gain":0.0,"event_name":"Addict","player_choice":"Obtained Relic","floor":20.0,"gold_loss":85.0,"damage_taken":0.0,"relics_obtained":["Pen Nib"]},{"damage_healed":0.0,"max_hp_gain":0.0,"max_hp_loss":0.0,"gold_gain":0.0,"event_name":"Upgrade Shrine","player_choice":"Upgraded","floor":21.0,"gold_loss":0.0,"damage_taken":0.0,"cards_upgraded":["Corpse Explosion"]},{"cards_removed":["Strike_G"],"damage_healed":0.0,"max_hp_gain":0.0,"max_hp_loss":0.0,"gold_gain":0.0,"event_name":"Bonfire Elementals","player_choice":"Offered Basic","floor":30.0,"gold_loss":0.0,"damage_taken":0.0},{"damage_healed":0.0,"max_hp_gain":0.0,"max_hp_loss":0.0,"gold_gain":0.0,"event_name":"Tomb of Lord Red Mask","player_choice":"Ignored","floor":37.0,"gold_loss":0.0,"damage_taken":0.0}],"is_beta":false,"boss_relics":[{"not_picked":["HoveringKite","Pandora\u0027s Box"],"picked":"Runic Pyramid"},{"not_picked":["Ring of the Serpent","SacredBark"],"picked":"Astrolabe"}],"items_purged_floors":[11,22,38,46,53],"is_endless":false,"potions_floor_spawned":[2,3,12,19,27,31,35,36,42,44,48,54],"ascension_level":4}}