{"host":"qgrlfjrqk9z96gfi","time":1611967547,"event":{"mods":["BaseMod","Block Reminder","Colored Map","Custom Start","DeckTracker","Minty Spire (QoL Compilation)"],"gold_per_floor":[113,113,127,143,156,156,133,133,133,133,143,176,176,186,186,186,186],"floor_reached":16,"language":"ENG","playtime":547,"items_purged":[],"score":208,"play_id":"70e88331-4437-4ce9-b1f8-bebeddc0eb52","local_time":"20210129144547","is_ascension_mode":true,"campfire_choices":[{"floor":6,"key":"REST"},{"floor":8,"key":"REST"},{"data":"Cloak And Dagger","floor":13,"key":"SMITH"},{"data":"Footwork","floor":15,"key":"SMITH"}],"circlet_count":0,"master_deck":["AscendersBane","Strike_G","Strike_G","Strike_G","Strike_G","Strike_G","Defend_G","Defend_G","Defend_G","Defend_G","Defend_G","Survivor","Neutralize","Finisher+1","Accuracy","Cloak And Dagger+1","Dagger Spray","Backstab","Dodge and Roll","Footwork+1"],"relics":["SacredBark","Mango","Bottled Lightning"],"acts_visited":["Exordium"],"potions_floor_usage":[12,16],"damage_taken":[{"damage":12,"enemies":"Cultist","floor":1,"turns":6},{"damage":4,"enemies":"Small Slimes","floor":3,"turns":3},{"damage":3,"enemies":"2 Louse","floor":4,"turns":4},{"damage":31,"enemies":"Gremlin Gang","floor":5,"turns":7},{"damage":16,"enemies":"Exordium Thugs","floor":7,"turns":5},{"damage":13,"enemies":"Large Slime","floor":11,"turns":7},{"damage":3,"enemies":"3 Sentries","floor":12,"turns":8},{"damage":5,"enemies":"Lots of Slimes","floor":14,"turns":3},{"damage":25,"enemies":"Hexaghost","floor":16,"turns":12}],"seed_played":"-2704355631894493523","potions_obtained":[{"floor":5,"key":"PowerPotion"},{"floor":11,"key":"FearPotion"},{"floor":14,"key":"LiquidMemories"}],"is_trial":false,"path_per_floor":["M","?","M","M","M","R","M","R","T","?","M","E","R","M","R","B"],"character_chosen":"THE_SILENT","items_purchased":[],"campfire_rested":2,"item_purchase_floors":[],"current_hp_per_floor":[47,47,43,40,9,28,12,31,45,45,32,29,29,24,24,0,0],"gold":186,"neow_bonus":"BOSS_RELIC","is_daily":false,"chose_seed":false,"campfire_upgraded":2,"win_rate":0.0,"timestamp":1611967547,"path_taken":["M","?","M","M","M","R","M","R","T","?","M","E","R","M","R","BOSS"],"items_purchased_type":[],"build_version":"2020-12-22","purchased_purges":0,"victory":false,"max_hp_per_floor":[66,66,66,66,66,66,66,66,80,80,80,80,80,80,80,80,80],"card_choices":[{"not_picked":["Outmaneuver","Backflip"],"picked":"Finisher","floor":1},{"not_picked":["Outmaneuver","Deadly Poison"],"picked":"Accuracy","floor":3},{"not_picked":["Expertise","Bane"],"picked":"Cloak And Dagger","floor":4},{"not_picked":["Skewer","Acrobatics"],"picked":"Dagger Spray","floor":5},{"not_picked":["Caltrops","Deadly Poison"],"picked":"Backstab","floor":7},{"not_picked":["Bouncing Flask","Riddle With Holes"],"picked":"Dodge and Roll","floor":11},{"not_picked":["Grand Finale","Bane","Escape Plan"],"picked":"SKIP","floor":12},{"not_picked":["Setup","Quick Slash"],"picked":"Footwork","floor":14}],"player_experience":1079701,"relics_obtained":[{"floor":9,"key":"Mango"},{"floor":12,"key":"Bottled Lightning"}],"event_choices":[{"damage_healed":0,"gold_gain":0,"player_choice":"Grow","damage_taken":0,"max_hp_gain":0,"max_hp_loss":0,"event_name":"Living Wall","floor":2,"gold_loss":0,"cards_upgraded":["Finisher"]},{"damage_healed":0,"gold_gain":0,"player_choice":"Ignored","damage_taken":0,"max_hp_gain":0,"max_hp_loss":0,"event_name":"Liars Game","floor":10,"gold_loss":0}],"is_beta":false,"boss_relics":[],"items_purged_floors":[],"is_endless":false,"potions_floor_spawned":[5,11,14],"killed_by":"Hexaghost","ascension_level":20}}