{"host":"6xsbn6ynqlzwllfm","time":1611990543,"event":{"mods":["2.2 Compatiblity","BaseMod","Bestiary","Colored Map","Colored Powertips","Curses Come First","Highlight Path","Keyboard Shortcuts","Minty Spire (QoL Compilation)","Relic Stats","Slay the Relics Exporter","StSLib","SuperFastMode"],"gold_per_floor":[117,117,117,117,133,161,181,213,213,1,1,19,19,54,54,125,125,137,137,137,137,154,181,181,13,13,48,48,48,64,77,77,156,156,170,170,188,44,44,44,71,71,125,142,18,50,64,91,91,91,91,91,6,35,35,35],"floor_reached":55,"language":"ENG","playtime":1823,"items_purged":[],"score":1685,"play_id":"4cc33791-18aa-4794-b0f4-9acc018cf83c","local_time":"20210130020903","is_ascension_mode":true,"campfire_choices":[{"data":"Tantrum","floor":11,"key":"SMITH"},{"data":"BattleHymn","floor":13,"key":"SMITH"},{"data":"CrushJoints","floor":15,"key":"SMITH"},{"data":"RitualDagger","floor":24,"key":"SMITH"},{"floor":29,"key":"REST"},{"floor":32,"key":"REST"},{"data":"WheelKick","floor":40,"key":"SMITH"},{"data":"Devotion","floor":42,"key":"SMITH"},{"floor":49,"key":"RECALL"},{"data":"Fasting2","floor":52,"key":"SMITH"}],"circlet_count":0,"master_deck":["AscendersBane","Strike_P","Strike_P+1","Defend_P","Defend_P","Defend_P","Defend_P+1","Eruption","Vigilance","BattleHymn+1","Conclude+1","CrushJoints+1","EmptyFist","DevaForm","Tantrum+1","FearNoEvil","WheelKick+1","Vault+1","Writhe","RitualDagger+1","InnerPeace+1","Writhe","LessonLearned","Devotion+1","Protect+1","Thinking Ahead","Thinking Ahead+1","Doubt","Fasting2+1","Meditate","Omniscience"],"relics":["HolyWater","NeowsBlessing","Mercury Hourglass","Darkstone Periapt","Gremlin Horn","PreservedInsect","Eternal Feather","Cursed Key","Bag of Preparation","Nilry\u0027s Codex","Bronze Scales","Membership Card","Mummified Hand","Art of War","Shuriken","Pen Nib","Lee\u0027s Waffle","Nunchaku","Singing Bowl","Medical Kit","Anchor"],"acts_visited":["Exordium","TheCity","TheBeyond","TheEnding"],"potions_floor_usage":[8,23,23,30,35,37,38,44,44,47,48,50,50,55],"damage_taken":[{"damage":0,"enemies":"Jaw Worm","floor":1,"turns":1},{"damage":0,"enemies":"Small Slimes","floor":5,"turns":1},{"damage":0,"enemies":"Gremlin Nob","floor":6,"turns":1},{"damage":1,"enemies":"Cultist","floor":7,"turns":3},{"damage":0,"enemies":"3 Sentries","floor":8,"turns":3},{"damage":0,"enemies":"2 Fungi Beasts","floor":12,"turns":2},{"damage":0,"enemies":"Lagavulin","floor":14,"turns":4},{"damage":21,"enemies":"The Guardian","floor":16,"turns":7},{"damage":23,"enemies":"2 Thieves","floor":18,"turns":3},{"damage":6,"enemies":"Spheric Guardian","floor":22,"turns":3},{"damage":7,"enemies":"Slavers","floor":23,"turns":3},{"damage":14,"enemies":"Gremlin Leader","floor":27,"turns":3},{"damage":36,"enemies":"Shelled Parasite and Fungi","floor":30,"turns":4},{"damage":0,"enemies":"Chosen and Byrds","floor":31,"turns":3},{"damage":33,"enemies":"Champ","floor":33,"turns":5},{"damage":8,"enemies":"Orb Walker","floor":35,"turns":3},{"damage":2,"enemies":"3 Shapes","floor":37,"turns":2},{"damage":0,"enemies":"Nemesis","floor":41,"turns":2},{"damage":26,"enemies":"Maw","floor":44,"turns":7},{"damage":10,"enemies":"Reptomancer","floor":46,"turns":2},{"damage":15,"enemies":"Spire Growth","floor":47,"turns":3},{"damage":9,"enemies":"Nemesis","floor":48,"turns":3},{"damage":46,"enemies":"Donu and Deca","floor":50,"turns":6},{"damage":14,"enemies":"Shield and Spear","floor":54,"turns":3},{"damage":95,"enemies":"The Heart","floor":55,"turns":7}],"seed_played":"-8988210853586278028","potions_obtained":[{"floor":1,"key":"CultistPotion"},{"floor":7,"key":"Fire Potion"},{"floor":8,"key":"Explosive Potion"},{"floor":27,"key":"Regen Potion"},{"floor":31,"key":"Explosive Potion"},{"floor":33,"key":"Fruit Juice"},{"floor":35,"key":"EntropicBrew"},{"floor":44,"key":"SkillPotion"},{"floor":46,"key":"Block Potion"},{"floor":47,"key":"Ambrosia"},{"floor":48,"key":"DistilledChaos"},{"floor":54,"key":"AttackPotion"}],"is_trial":false,"path_per_floor":["M","?","?","?","M","E","M","E","T","$","R","M","R","E","R","B",null,"M","?","?","?","M","E","R","$","T","E","?","R","M","M","R","B",null,"M","?","M","$","?","R","E","R","T","M","$","E","M","E","R","B",null,"R","$","E","B"],"character_chosen":"WATCHER","items_purchased":["PreservedInsect","Tantrum","Membership Card","Shuriken","Fasting2","Lee\u0027s Waffle","Medical Kit"],"campfire_rested":2,"item_purchase_floors":[10,10,25,38,45,45,53],"current_hp_per_floor":[61,66,59,59,59,59,58,58,58,58,58,58,58,58,67,46,66,43,49,43,22,16,9,21,21,27,13,13,50,23,23,60,27,71,68,68,66,66,56,71,71,86,92,66,103,93,78,71,89,43,90,105,105,93,0,0],"gold":35,"neow_bonus":"THREE_ENEMY_KILL","is_daily":false,"chose_seed":false,"campfire_upgraded":7,"win_rate":0.0,"timestamp":1611990543,"path_taken":["M","?","?","?","M","E","?","E","T","$","R","M","R","E","R","BOSS","M","?","?","?","M","E","R","$","T","E","?","R","?","M","R","BOSS","M","?","M","$","?","R","E","R","T","M","?","E","?","E","R","BOSS","R","$","E","BOSS"],"items_purchased_type":["Relic","Card","Relic","Relic","Card","Relic","Relic"],"build_version":"2020-12-22","purchased_purges":0,"victory":false,"max_hp_per_floor":[68,73,73,73,73,73,73,73,73,73,73,73,73,73,73,73,73,73,79,79,79,79,79,79,79,85,85,85,85,85,85,85,85,85,90,90,90,90,90,90,90,90,96,96,103,103,103,105,105,105,105,105,105,107,107,107],"relic_stats":{"Darkstone Periapt":18,"Lee\u0027s Waffle":37,"Gremlin Horn":[13,13],"Singing Bowl":4,"counters":[25,83],"Eternal Feather":108,"PreservedInsect":370,"Pen Nib":[7],"Bag of Preparation":[32],"Cursed Key":2,"Medical Kit":[2],"Mercury Hourglass":[277],"Nunchaku":[5],"Mummified Hand":[48],"Shuriken":[15],"Bronze Scales":[138],"Art of War":[5],"obtain_stats":[{"Darkstone Periapt":8,"Lee\u0027s Waffle":45,"NeowsBlessing":0,"Gremlin Horn":9,"Singing Bowl":48,"Nilry\u0027s Codex":21,"Eternal Feather":14,"PreservedInsect":10,"Pen Nib":41,"Bag of Preparation":19,"Cursed Key":17,"Medical Kit":53,"Mercury Hourglass":6,"Nunchaku":46,"Anchor":54,"Mummified Hand":26,"Shuriken":38,"Bronze Scales":23,"HolyWater":34,"Art of War":27,"Membership Card":25,"PureWater":0},{"Darkstone Periapt":5,"Lee\u0027s Waffle":19,"NeowsBlessing":0,"Gremlin Horn":5,"Singing Bowl":22,"Nilry\u0027s Codex":9,"Eternal Feather":7,"PreservedInsect":5,"Pen Nib":18,"Bag of Preparation":9,"Cursed Key":8,"Medical Kit":23,"Mercury Hourglass":3,"Nunchaku":20,"Anchor":24,"Mummified Hand":11,"Shuriken":17,"Bronze Scales":11,"HolyWater":15,"Art of War":12,"Membership Card":11,"PureWater":0},{"Darkstone Periapt":9,"Lee\u0027s Waffle":59,"NeowsBlessing":0,"Gremlin Horn":9,"Singing Bowl":67,"Nilry\u0027s Codex":25,"Eternal Feather":15,"PreservedInsect":9,"Pen Nib":52,"Bag of Preparation":25,"Cursed Key":22,"Medical Kit":73,"Mercury Hourglass":3,"Nunchaku":61,"Anchor":76,"Mummified Hand":31,"Shuriken":50,"Bronze Scales":31,"HolyWater":46,"Art of War":34,"Membership Card":31,"PureWater":0}]},"card_choices":[{"not_picked":["Vengeance","ThirdEye"],"picked":"BattleHymn","floor":1},{"not_picked":["Crescendo","EmptyFist"],"picked":"Conclude","floor":5},{"not_picked":["FollowUp","WaveOfTheHand"],"picked":"CrushJoints","floor":6},{"not_picked":["Pray","PathToVictory"],"picked":"EmptyFist","floor":7},{"not_picked":["PathToVictory","Conclude"],"picked":"DevaForm","floor":8},{"not_picked":["Evaluate","FollowUp"],"picked":"FearNoEvil","floor":12},{"not_picked":["Halt","LikeWater"],"picked":"WheelKick","floor":14},{"not_picked":["ConjureBlade","Scrawl"],"picked":"Vault","floor":16},{"not_picked":["Study","ClearTheMind","Vengeance"],"picked":"SKIP","floor":18},{"not_picked":["FlurryOfBlows","CrushJoints+1"],"picked":"InnerPeace+1","floor":22},{"not_picked":["SashWhip","Meditate"],"picked":"LessonLearned","floor":27},{"not_picked":["Establishment","DevaForm"],"picked":"Devotion","floor":33},{"not_picked":["ReachHeaven","Vengeance"],"picked":"Protect+1","floor":35},{"not_picked":["Swift Strike","Metamorphosis"],"picked":"Thinking Ahead","floor":39},{"not_picked":["PanicButton","Impatience"],"picked":"Thinking Ahead","floor":39},{"not_picked":["Prostrate","ThirdEye","BattleHymn+1"],"picked":"SKIP","floor":44},{"not_picked":["Crescendo","Study"],"picked":"Meditate","floor":46},{"not_picked":["FollowUp","SandsOfTime"],"picked":"Omniscience","floor":47},{"not_picked":["Crescendo+1","ClearTheMind","DeceiveReality"],"picked":"Singing Bowl","floor":48},{"not_picked":["Study+1","SashWhip","JustLucky+1"],"picked":"Singing Bowl","floor":54}],"player_experience":1256913,"relics_obtained":[{"floor":6,"key":"Mercury Hourglass"},{"floor":8,"key":"Darkstone Periapt"},{"floor":9,"key":"Gremlin Horn"},{"floor":14,"key":"Eternal Feather"},{"floor":21,"key":"Nilry\u0027s Codex"},{"floor":23,"key":"Bronze Scales"},{"floor":26,"key":"Mummified Hand"},{"floor":27,"key":"Art of War"},{"floor":41,"key":"Pen Nib"},{"floor":46,"key":"Nunchaku"},{"floor":48,"key":"Singing Bowl"},{"floor":54,"key":"Anchor"}],"event_choices":[{"damage_healed":0,"gold_gain":0,"player_choice":"Donut","damage_taken":0,"max_hp_gain":5,"max_hp_loss":0,"event_name":"Big Fish","floor":2,"gold_loss":0},{"cards_removed":["Strike_P"],"damage_healed":0,"gold_gain":0,"player_choice":"Card Removal","damage_taken":7,"max_hp_gain":0,"max_hp_loss":0,"event_name":"Golden Wing","floor":3,"gold_loss":0},{"cards_removed":["Strike_P"],"damage_healed":0,"gold_gain":0,"player_choice":"Purged","damage_taken":0,"max_hp_gain":0,"max_hp_loss":0,"event_name":"Purifier","floor":4,"gold_loss":0},{"damage_healed":0,"gold_gain":0,"player_choice":"Opened","damage_taken":0,"relics_obtained":["Bag of Preparation"],"max_hp_gain":0,"max_hp_loss":0,"event_name":"The Mausoleum","floor":19,"gold_loss":0,"cards_obtained":["Writhe"]},{"damage_healed":0,"gold_gain":0,"player_choice":"Joined the Cult","damage_taken":6,"max_hp_gain":0,"max_hp_loss":0,"event_name":"Nest","floor":20,"gold_loss":0,"cards_obtained":["RitualDagger"]},{"damage_healed":0,"gold_gain":0,"player_choice":"Obtained Book","damage_taken":21,"max_hp_gain":0,"max_hp_loss":0,"event_name":"Cursed Tome","floor":21,"gold_loss":0},{"damage_healed":0,"gold_gain":0,"player_choice":"Upgraded","damage_taken":0,"max_hp_gain":0,"max_hp_loss":0,"event_name":"Upgrade Shrine","floor":28,"gold_loss":0,"cards_upgraded":["Vault"]},{"damage_healed":0,"gold_gain":0,"player_choice":"Ignored","damage_taken":0,"max_hp_gain":0,"max_hp_loss":0,"event_name":"Tomb of Lord Red Mask","floor":36,"gold_loss":0},{"damage_healed":0,"gold_gain":0,"player_choice":"Memory 3","damage_taken":10,"max_hp_gain":0,"max_hp_loss":0,"event_name":"SensoryStone","floor":39,"gold_loss":0}],"is_beta":false,"boss_relics":[{"not_picked":["Sozu","Philosopher\u0027s Stone"],"picked":"Cursed Key"},{"not_picked":["Tiny House","Coffee Dripper"],"picked":"HolyWater"}],"items_purged_floors":[],"is_endless":false,"potions_floor_spawned":[1,7,8,18,27,31,33,35,44,46,47,48,54],"killed_by":"The Heart","ascension_level":17}}