{"host":"oigynbtg272c19pw","time":1611998336,"event":{"mods":["BaseMod","Colored Map","Minty Spire (QoL Compilation)","Relic Stats","Slay the Relics Exporter","StSLib"],"gold_per_floor":[113,113,69,82,42,67,67,96,144,170,170,170,170,189,189,189,189],"floor_reached":16,"playtime":475,"items_purged":[],"score":282,"play_id":"965cf888-662f-421c-819c-e8d451b0c375","local_time":"20210130101856","is_ascension_mode":true,"campfire_choices":[{"data":"Iron Wave","floor":7.0,"key":"SMITH"},{"floor":13.0,"key":"REST"},{"data":"Berserk","floor":15.0,"key":"SMITH"}],"circlet_count":0,"master_deck":["AscendersBane","Strike_R","Strike_R","Strike_R","Defend_R","Defend_R","Defend_R","Defend_R+1","Bash","Bloodletting","Iron Wave+1","Power Through","Twin Strike+1","Spot Weakness","Feel No Pain","Blood for Blood","Berserk+1"],"relics":["Burning Blood","NeowsBlessing","Tiny Chest","Turnip","PreservedInsect","Du-Vu Doll"],"acts_visited":["Exordium"],"potions_floor_usage":[16],"damage_taken":[{"damage":0.0,"enemies":"Cultist","floor":1.0,"turns":1.0},{"damage":0.0,"enemies":"Small Slimes","floor":4.0,"turns":1.0},{"damage":0.0,"enemies":"3 Sentries","floor":6.0,"turns":1.0},{"damage":40.0,"enemies":"Lagavulin","floor":8.0,"turns":9.0},{"damage":9.0,"enemies":"3 Sentries","floor":10.0,"turns":11.0},{"damage":0.0,"enemies":"2 Louse","floor":14.0,"turns":3.0},{"damage":23,"enemies":"The Guardian","floor":16,"turns":4}],"seed_played":"689807254451576935","potions_obtained":[{"floor":1.0,"key":"FearPotion"},{"floor":6.0,"key":"BloodPotion"},{"floor":14.0,"key":"Strength Potion"}],"is_trial":false,"path_per_floor":["M","?","$","M","$","E","R","E","T","E","?","?","R","M","R","B"],"character_chosen":"IRONCLAD","items_purchased":["Power Through","Spot Weakness"],"campfire_rested":1,"item_purchase_floors":[3,5],"current_hp_per_floor":[74,74,74,75,75,75,75,41,41,38,15,8,30,36,36,13,13],"gold":189,"neow_bonus":"THREE_ENEMY_KILL","is_daily":false,"chose_seed":false,"campfire_upgraded":2,"win_rate":0.0,"timestamp":1611998336,"path_taken":["M","?","$","?","$","E","R","E","T","E","?","?","R","M","R","BOSS"],"items_purchased_type":["Card","Card"],"build_version":"2020-12-13","purchased_purges":0,"victory":false,"max_hp_per_floor":[75,75,75,75,75,75,75,75,75,75,75,75,75,75,75,75,75],"relic_stats":{"counters":[7,30],"Tiny Chest":0,"Turnip":[0],"PreservedInsect":33,"obtain_stats":[{"Du-Vu Doll":10,"NeowsBlessing":0,"Tiny Chest":6,"Turnip":8,"PreservedInsect":9,"Burning Blood":0},{"Du-Vu Doll":5,"NeowsBlessing":0,"Tiny Chest":3,"Turnip":4,"PreservedInsect":4,"Burning Blood":0},{"Du-Vu Doll":23,"NeowsBlessing":0,"Tiny Chest":3,"Turnip":12,"PreservedInsect":12,"Burning Blood":0}],"Burning Blood":25},"card_choices":[{"not_picked":["Sever Soul","Havoc"],"picked":"Bloodletting","floor":1.0},{"not_picked":["Armaments","Shrug It Off"],"picked":"Twin Strike","floor":4.0},{"not_picked":["Clash","Wild Strike","Sever Soul"],"picked":"SKIP","floor":6.0},{"not_picked":["Metallicize","Shrug It Off"],"picked":"Feel No Pain","floor":8.0},{"not_picked":["Thunderclap","Clothesline"],"picked":"Blood for Blood","floor":10.0},{"not_picked":["Iron Wave","Heavy Blade"],"picked":"Berserk","floor":14.0}],"player_experience":1507629,"relics_obtained":[{"floor":6.0,"key":"Tiny Chest"},{"floor":8.0,"key":"Turnip"},{"floor":9.0,"key":"PreservedInsect"},{"floor":10.0,"key":"Du-Vu Doll"}],"event_choices":[{"damage_healed":0.0,"max_hp_gain":0.0,"max_hp_loss":0.0,"gold_gain":0.0,"cards_transformed":["Strike_R"],"event_name":"Transmorgrifier","player_choice":"Transformed","floor":2.0,"gold_loss":0.0,"damage_taken":0.0,"cards_obtained":["Iron Wave"]},{"damage_healed":0.0,"max_hp_gain":0.0,"max_hp_loss":0.0,"gold_gain":0.0,"event_name":"Shining Light","player_choice":"Entered Light","floor":11.0,"gold_loss":0.0,"damage_taken":23.0,"cards_upgraded":["Defend_R","Twin Strike"]},{"cards_removed":["Strike_R"],"damage_healed":0.0,"max_hp_gain":0.0,"max_hp_loss":0.0,"gold_gain":0.0,"event_name":"Golden Wing","player_choice":"Card Removal","floor":12.0,"gold_loss":0.0,"damage_taken":7.0}],"is_beta":false,"boss_relics":[],"items_purged_floors":[],"is_endless":false,"potions_floor_spawned":[1,6,14],"killed_by":"The Guardian","ascension_level":20}}