{"host":"684z1xpuwaoqmmh1","time":1611987773,"event":{"mods":["BaseMod","Downfall","Hermit","Jorbs\u0027s Wanderer Trilogy","Marisa????????","Minty Spire (QoL Compilation)","Robot Space Explorer","Shade Mod","StSLib","The Bug Knight","The Cursed","The Dragon Tamer","The Hayseed","The Hierophant","The Marked","The Mystic","The Runesmith","The Senshi"],"gold_per_floor":[116,116,134,152,163,163,196,209,209,243,254,264,295,311,311,408,408,419,436,436,455,472,472,472],"floor_reached":23,"language":"ENG","playtime":968,"items_purged":[],"score":296,"play_id":"83fd1fb6-6a18-4168-801a-e3dce1a6fcd5","local_time":"20210130082253","is_ascension_mode":true,"campfire_choices":[{"floor":6,"key":"REST"},{"floor":15,"key":"REST"}],"circlet_count":0,"master_deck":["theMarked:Strike","theMarked:Strike","theMarked:Strike","theMarked:Strike","theMarked:Defend+1","theMarked:Defend","theMarked:Defend","theMarked:Defend","theMarked:SoldierOfQuellstein","theMarked:BindingBlade+1","theMarked:TakeCover","theMarked:ContemptForTheProud","theMarked:ResourceFulStrike","theMarked:TakeOffHeels","theMarked:TheMission","theMarked:Memento","theMarked:ComboAttacks","theMarked:RogueSparks","theMarked:Generate","theMarked:Toughness","theMarked:WastefulAttack","theMarked:KeepCalmAndFight+1","theMarked:Heritage"],"relics":["theMarked:ArtifactOfAir","Singing Bowl","Bag of Marbles","Strawberry","theSenshi:SuperSailorFukuRelic","Cursed Key"],"acts_visited":["Exordium","TheCity"],"potions_floor_usage":[7,10,13,13,23],"damage_taken":[{"damage":4,"enemies":"Small Slimes","floor":1,"turns":4},{"damage":0,"enemies":"Cultist","floor":3,"turns":4},{"damage":0,"enemies":"2 Louse","floor":4,"turns":3},{"damage":0,"enemies":"Blue Slaver","floor":5,"turns":4},{"damage":33,"enemies":"Gremlin Nob","floor":7,"turns":4},{"damage":0,"enemies":"2 Fungi Beasts","floor":8,"turns":4},{"damage":11,"enemies":"Lagavulin","floor":10,"turns":7},{"damage":0,"enemies":"Red Slaver","floor":11,"turns":3},{"damage":13,"enemies":"Blue Slaver","floor":12,"turns":4},{"damage":16,"enemies":"Gremlin Nob","floor":13,"turns":3},{"damage":0,"enemies":"2 Fungi Beasts","floor":14,"turns":2},{"damage":3,"enemies":"Slime Boss","floor":16,"turns":7},{"damage":10,"enemies":"Shell Parasite","floor":18,"turns":5},{"damage":13,"enemies":"3 Byrds","floor":19,"turns":5},{"damage":10,"enemies":"Snecko","floor":21,"turns":5},{"damage":3,"enemies":"3 Cultists","floor":22,"turns":6},{"damage":36,"enemies":"Slavers","floor":23,"turns":2}],"seed_played":"3603802104140872762","potions_obtained":[{"floor":3,"key":"DistilledChaos"},{"floor":7,"key":"DuplicationPotion"},{"floor":8,"key":"Fire Potion"},{"floor":12,"key":"FearPotion"},{"floor":14,"key":"DuplicationPotion"},{"floor":16,"key":"PowerPotion"},{"floor":22,"key":"Dexterity Potion"}],"is_trial":false,"path_per_floor":["M","?","M","M","M","R","E","M","T","E","M","M","E","M","R","B",null,"M","M","?","M","M","E"],"character_chosen":"THE_DEFAULT","items_purchased":[],"campfire_rested":2,"item_purchase_floors":[],"current_hp_per_floor":[59,45,45,45,45,66,35,35,35,31,31,18,2,4,28,25,67,57,44,44,34,33,0,0],"gold":472,"neow_bonus":"ONE_RANDOM_RARE_CARD","is_daily":false,"chose_seed":false,"campfire_upgraded":0,"win_rate":0.0,"timestamp":1611987773,"path_taken":["M","?","M","M","M","R","E","M","T","E","M","M","E","M","R","BOSS","M","M","?","M","?","E"],"items_purchased_type":[],"build_version":"2020-12-22","purchased_purges":0,"victory":false,"max_hp_per_floor":[70,70,70,70,70,70,72,72,72,79,79,79,79,81,81,81,81,81,81,81,81,83,83,83],"card_choices":[{"not_picked":["theMarked:TwofoldDefense","theMarked:Aftermath"],"picked":"theMarked:TakeCover","floor":1},{"not_picked":["theMarked:Frustration","theMarked:GodGivenPower"],"picked":"theMarked:ContemptForTheProud","floor":3},{"not_picked":["theMarked:Electrify","theMarked:Aftermath"],"picked":"theMarked:ResourceFulStrike","floor":4},{"not_picked":["theMarked:Overcharge","theMarked:Pokerface"],"picked":"theMarked:TakeOffHeels","floor":5},{"not_picked":["theMarked:Polarize","theMarked:ChainLightning","theMarked:Frustration"],"picked":"Singing Bowl","floor":7},{"not_picked":["theMarked:SwordAndMagic","theMarked:ElectricStrings"],"picked":"theMarked:TheMission","floor":8},{"not_picked":["theMarked:EmpowerWeapon","theMarked:TwofoldDefense"],"picked":"theMarked:Memento","floor":10},{"not_picked":["theMarked:ChainLightning","theMarked:Parkour"],"picked":"theMarked:ComboAttacks","floor":11},{"not_picked":["theMarked:ChainLightning","theMarked:LightningStrikesTwice"],"picked":"theMarked:RogueSparks","floor":12},{"not_picked":["theMarked:Electrocute","theMarked:Parkour"],"picked":"theMarked:Generate","floor":13},{"not_picked":["theMarked:KeepCalmAndFight","theMarked:Frustration","theMarked:ElectricStrings"],"picked":"Singing Bowl","floor":14},{"not_picked":["theMarked:BindingBlade","theMarked:FavorableWinds"],"picked":"theMarked:Toughness","floor":16},{"not_picked":["theMarked:SwordAndMagic","theMarked:Improvise"],"picked":"theMarked:WastefulAttack","floor":18},{"not_picked":["theMarked:Friction","theMarked:BanishingStrike"],"picked":"theMarked:KeepCalmAndFight+1","floor":19},{"not_picked":["theMarked:SwordAndMagic","theMarked:Memento+1"],"picked":"theMarked:Heritage","floor":21},{"not_picked":["theMarked:Maelstrom","theMarked:Parkour","theMarked:Polarize"],"picked":"Singing Bowl","floor":22}],"player_experience":3004321,"relics_obtained":[{"floor":7,"key":"Singing Bowl"},{"floor":9,"key":"Bag of Marbles"},{"floor":10,"key":"Strawberry"},{"floor":13,"key":"theSenshi:SuperSailorFukuRelic"}],"event_choices":[{"damage_healed":0,"gold_gain":0,"player_choice":"Entered Light","damage_taken":14,"max_hp_gain":0,"max_hp_loss":0,"event_name":"Shining Light","floor":2,"gold_loss":0,"cards_upgraded":["theMarked:BindingBlade","theMarked:Defend"]},{"cards_removed":["theMarked:Strike"],"damage_healed":0,"gold_gain":0,"player_choice":"Purged","damage_taken":0,"max_hp_gain":0,"max_hp_loss":0,"event_name":"Purifier","floor":20,"gold_loss":0}],"is_beta":false,"boss_relics":[{"not_picked":["Tiny House","Coffee Dripper"],"picked":"Cursed Key"}],"items_purged_floors":[],"is_endless":false,"potions_floor_spawned":[3,7,8,12,14,16,22],"killed_by":"Slavers","ascension_level":7}}