{"host":"39i3emxub3h8uyq3","time":1611977227,"event":{"mods":["AchievementEnabler","BaseMod","Clockwork Mod","Colored Map","Downfall","Glutton Mod","Gold Saver","Minty Spire (QoL Compilation)","StSLib","TheHeartMod"],"gold_per_floor":[124,16,34,11,26,26,59,76,101,101,101,114,114,114,114,213,513,530,530,541,541,551,586,586,586,586],"floor_reached":25,"language":"ENG","playtime":1381,"items_purged":[],"score":221,"play_id":"084ebf2d-5e50-4d4f-ae1c-b8c5e016b285","local_time":"20210129222707","is_ascension_mode":false,"campfire_choices":[{"data":"Noxious Fumes","floor":6,"key":"SMITH"},{"floor":13,"key":"REST"},{"data":"Dagger Spray","floor":15,"key":"SMITH"}],"circlet_count":0,"master_deck":["Strike_G","Strike_G","Strike_G","Strike_G","Strike_G","Defend_G","Defend_G","Defend_G","Defend_G","Survivor","Neutralize","Dash","Noxious Fumes+1","Dagger Spray+1","Dagger Spray","All Out Attack","Dagger Spray","Envenom","Terror","Adrenaline","CurseOfTheBell","Bane","Decay","Dodge and Roll+1","Endless Agony","Sucker Punch","Night Terror","Wraith Form v2"],"relics":["Ring of the Snake","MawBank","PreservedInsect","Regal Pillow","Mercury Hourglass","Calling Bell","Anchor","Sundial","Old Coin","Lantern"],"acts_visited":["Exordium","TheCity"],"potions_floor_usage":[16],"damage_taken":[{"damage":0,"enemies":"Small Slimes","floor":1,"turns":4},{"damage":1,"enemies":"Cultist","floor":3,"turns":4},{"damage":1,"enemies":"Jaw Worm","floor":5,"turns":4},{"damage":5,"enemies":"3 Sentries","floor":7,"turns":4},{"damage":7,"enemies":"3 Louse","floor":8,"turns":2},{"damage":14,"enemies":"Blue Slaver","floor":12,"turns":4},{"damage":41,"enemies":"The Guardian","floor":16,"turns":8},{"damage":17,"enemies":"2 Thieves","floor":18,"turns":3},{"damage":0,"enemies":"Shell Parasite","floor":20,"turns":4},{"damage":15,"enemies":"Snecko","floor":22,"turns":5},{"damage":37,"enemies":"Book of Stabbing","floor":23,"turns":5},{"damage":6,"enemies":"Centurion and Healer","floor":25,"turns":2}],"seed_played":"5388059216365606637","potions_obtained":[{"floor":1,"key":"ColorlessPotion"},{"floor":8,"key":"bronze:BurnAndBuffPotion"},{"floor":12,"key":"Guardian:BlockOnCardUsePotion"},{"floor":22,"key":"champ:CounterPotion"}],"is_trial":false,"path_per_floor":["M","$","M","$","M","R","E","M","T","?","$","M","R","T","R","B",null,"M","?","M","?","M","E","?","M"],"character_chosen":"THE_SILENT","items_purchased":["Noxious Fumes","Dagger Spray","Dagger Spray"],"campfire_rested":1,"item_purchase_floors":[2,2,4],"current_hp_per_floor":[70,70,69,69,68,68,63,56,56,56,56,42,70,70,70,29,70,53,53,53,53,38,1,1,0,0],"gold":586,"neow_bonus":"RANDOM_COMMON_RELIC","is_daily":false,"chose_seed":false,"campfire_upgraded":2,"win_rate":0.0,"timestamp":1611977227,"path_taken":["M","$","M","$","M","R","E","M","T","?","?","M","R","?","R","BOSS","M","?","M","?","?","E","?","M"],"items_purchased_type":["Card","Card","Card"],"build_version":"2020-12-22","purchased_purges":0,"victory":false,"max_hp_per_floor":[70,70,70,70,70,70,70,70,70,70,70,70,70,70,70,70,70,70,70,70,70,70,70,70,70,70],"card_choices":[{"not_picked":["Reflex","Distraction"],"picked":"Dash","floor":1},{"not_picked":["Distraction","Dodge and Roll"],"picked":"Dagger Spray","floor":3},{"not_picked":["Well Laid Plans","Skewer"],"picked":"All Out Attack","floor":5},{"not_picked":["Deadly Poison","Blur"],"picked":"Dagger Spray","floor":7},{"not_picked":["Flying Knee","Tactician"],"picked":"Distraction","floor":8},{"not_picked":["PiercingWail","Footwork"],"picked":"Terror","floor":12},{"not_picked":["Wraith Form v2","Tools of the Trade"],"picked":"Adrenaline","floor":16},{"not_picked":["Calculated Gamble","Quick Slash"],"picked":"Bane","floor":18},{"not_picked":["Backflip","Prepared"],"picked":"Dodge and Roll+1","floor":20},{"not_picked":["Eviscerate+1","Skewer"],"picked":"Endless Agony","floor":22},{"not_picked":["Well Laid Plans","Dagger Spray"],"picked":"Sucker Punch","floor":23}],"player_experience":76639,"relics_obtained":[{"floor":7,"key":"PreservedInsect"},{"floor":9,"key":"Regal Pillow"},{"floor":14,"key":"Mercury Hourglass"},{"floor":17,"key":"Anchor"},{"floor":17,"key":"Sundial"},{"floor":17,"key":"Old Coin"},{"floor":23,"key":"Lantern"}],"event_choices":[{"damage_healed":0,"gold_gain":0,"cards_transformed":["Defend_G"],"player_choice":"Transformed","damage_taken":0,"max_hp_gain":0,"max_hp_loss":0,"event_name":"Transmorgrifier","floor":10,"gold_loss":0,"cards_obtained":["Envenom"]},{"damage_healed":0,"gold_gain":0,"player_choice":"Smashed Altar","damage_taken":0,"max_hp_gain":0,"max_hp_loss":0,"event_name":"Forgotten Altar","floor":19,"gold_loss":0,"cards_obtained":["Decay"]},{"damage_healed":0,"gold_gain":0,"player_choice":"Bought 0 Potions","damage_taken":0,"max_hp_gain":0,"max_hp_loss":0,"event_name":"The Woman in Blue","floor":21,"gold_loss":0},{"damage_healed":0,"gold_gain":0,"cards_transformed":["Dagger Spray","Distraction"],"player_choice":"Became Test Subject","damage_taken":0,"max_hp_gain":0,"max_hp_loss":0,"event_name":"Drug Dealer","floor":24,"gold_loss":0,"cards_obtained":["Night Terror","Wraith Form v2"]}],"is_beta":false,"boss_relics":[{"not_picked":["Philosopher\u0027s Stone","bronze:MakeshiftBattery"],"picked":"Calling Bell"}],"items_purged_floors":[],"is_endless":false,"potions_floor_spawned":[1,8,12,22,23],"killed_by":"Centurion and Healer","ascension_level":0}}