{"host":"vdpaduzlq0qlaikq","time":1611970837,"event":{"mods":["AchievementEnabler","BaseMod","Better Third Choice","BetterRewards","Colored Map","Downfall","Gold Saver","Hermit","Jorbs\u0027s Wanderer Trilogy","Minty Spire (QoL Compilation)","Relic Filter","Spicy Shops","StSLib","The Necromancer"],"gold_per_floor":[967,982,33,46,56,73,73,173,73,100,100,119,154,154,165,165,165,165],"floor_reached":16,"language":"ENG","playtime":995,"items_purged":[],"score":148,"play_id":"64a8f49d-2279-40e4-8722-f258793d22ba","local_time":"20210129234037","is_ascension_mode":true,"campfire_choices":[{"data":"champ:Taunt","floor":1,"key":"SMITH"},{"data":"champ:Improvising","floor":9,"key":"SMITH"}],"circlet_count":0,"master_deck":["champ:Strike","champ:Strike","champ:Strike+1","champ:Strike","champ:Defend","champ:Defend","champ:Defend","champ:Defend+1","champ:Execute","champ:Taunt+1","champ:BringItOn","champ:FlashCut","champ:Improvising+1","champ:DefensiveStyle","champ:TornadoPunch+1","champ:FocusedBerserking","champ:RisingSlash+1","champ:IgnorePain","downfall:Malfunctioning","champ:SwordSigil"],"relics":["Tiny House","StoneCalendar","Ornamental Fan","Turnip","CloakClasp","downfall:HeartBlessingBlue","Kunai","Centennial Puzzle","downfall:BrokenWingStatue"],"acts_visited":["Exordium"],"potions_floor_usage":[8,12,13,13,15],"damage_taken":[{"damage":19,"enemies":"2 Louse","floor":2,"turns":3},{"damage":5,"enemies":"downfall:FleeingMerchant","floor":3,"turns":4},{"damage":0,"enemies":"Small Slimes","floor":4,"turns":3},{"damage":27,"enemies":"Jaw Worm","floor":5,"turns":5},{"damage":23,"enemies":"Blue Slaver","floor":6,"turns":4},{"damage":9,"enemies":"Blue Slaver","floor":8,"turns":7},{"damage":17,"enemies":"Gremlin Nob","floor":10,"turns":4},{"damage":6,"enemies":"3 Louse","floor":12,"turns":4},{"damage":15,"enemies":"3 Sentries","floor":13,"turns":4},{"damage":42,"enemies":"Exordium Thugs","floor":15,"turns":4},{"damage":28,"enemies":"SI_SHIV_ARCHETYPE","floor":16,"turns":3}],"seed_played":"3799075905091206197","potions_obtained":[{"floor":0,"key":"ColorlessPotion"},{"floor":8,"key":"Swift Potion"},{"floor":10,"key":"AttackPotion"},{"floor":12,"key":"SkillPotion"},{"floor":13,"key":"ColorlessPotion"},{"floor":15,"key":"SmokeBomb"}],"is_trial":false,"path_per_floor":["R","M","$","M","M","M","T","?","R","E","?","M","E","?","M","B"],"character_chosen":"THE_CHAMP","items_purchased":["champ:DefensiveStyle","StoneCalendar","Ornamental Fan","Turnip"],"campfire_rested":0,"item_purchase_floors":[3,3,3,3],"current_hp_per_floor":[95,86,81,81,74,61,61,57,67,60,60,59,49,49,27,0,0,0],"gold":165,"neow_bonus":"BOSS_RELIC","is_daily":false,"chose_seed":false,"campfire_upgraded":2,"win_rate":0.0,"timestamp":1611970837,"path_taken":["R","M","$","M","M","M","T","?","R","E","?","M","E","?","M","BOSS"],"items_purchased_type":["Card","Relic","Relic","Relic"],"build_version":"2020-12-22","purchased_purges":0,"victory":false,"max_hp_per_floor":[95,95,95,95,95,95,95,95,105,105,105,105,105,105,105,105,105,105],"card_choices":[{"not_picked":["champ:GutPunch","champ:Endure"],"picked":"champ:BringItOn","floor":0},{"not_picked":["champ:Lariat","champ:Duel"],"picked":"champ:FlashCut","floor":2},{"not_picked":["champ:GladiatorStyle","champ:GutPunch"],"picked":"champ:Improvising","floor":3},{"not_picked":["champ:HeartStrike","champ:AdrenalArmor","champ:FaceSlap"],"picked":"SKIP","floor":4},{"not_picked":["champ:RageSigil","champ:PerfectedStrike"],"picked":"champ:TornadoPunch","floor":5},{"not_picked":["champ:FalseCounter","champ:EnGarde"],"picked":"champ:FocusedBerserking","floor":6},{"not_picked":["champ:Endure","champ:PerfectedStrike"],"picked":"champ:RisingSlash","floor":8},{"not_picked":["champ:Encircle","champ:BerserkersShout"],"picked":"champ:IgnorePain","floor":10},{"not_picked":["champ:PreciseThrust","champ:SkillfulDodge"],"picked":"champ:SwordSigil","floor":12},{"not_picked":["champ:AdrenalArmor","champ:DefensiveStyle","champ:FocusedDefense"],"picked":"SKIP","floor":13},{"not_picked":["champ:DefensiveShout","champ:PerfectedStrike","champ:CrownThrow"],"picked":"SKIP","floor":15}],"player_experience":666123,"relics_obtained":[{"floor":8,"key":"CloakClasp"},{"floor":10,"key":"Kunai"},{"floor":13,"key":"Centennial Puzzle"}],"event_choices":[],"is_beta":false,"boss_relics":[],"items_purged_floors":[],"is_endless":false,"potions_floor_spawned":[8,10,12,13,15],"killed_by":"SI_SHIV_ARCHETYPE","ascension_level":2}}