{"host":"5nrsd95zehlinljn","time":1611970592,"event":{"mods":["2.2 Compatiblity","BaseMod","Beaked The Cultist","Better Note","Friendly Minions","GifTheSpireLib","Mad Scientist","Minty Spire (QoL Compilation)","StS++","StSLib","The Construct","The Disciple","everything is the same but u backflip on backflip","thorton"],"gold_per_floor":[151,184,149,149,184,184,221,267,318,318,366,366,418,384,384,515,515,559,613,674,716,716,716],"floor_reached":21,"language":"ENG","playtime":3371,"items_purged":[],"score":200,"play_id":"6953cf7c-f2c9-49fe-aae4-007f2af839d6","local_time":"20210130013632","daily_mods":["SealedDeck","Heirloom"],"is_ascension_mode":false,"campfire_choices":[{"data":"thethorton:Rebalance","floor":6.0,"key":"SMITH"},{"floor":12.0,"key":"REST"},{"floor":15.0,"key":"REST"}],"circlet_count":0,"master_deck":["thethorton:GoldBuffer","thethorton:FearfulRun","thethorton:RunningKick","thethorton:GoldBuffer","thethorton:Rebalance+1","thethorton:ChartProject","thethorton:BusinessBurst","thethorton:Investment","thethorton:BusinessBash","thethorton:BusinessCard","thethorton:GoldBuffer","thethorton:LongTermPayoff","thethorton:BusinessCard","thethorton:PennyToss","thethorton:WhirlingBriefcase","thethorton:PocketChange","thethorton:ChartProject","thethorton:SellShort","CurseOfTheBell","thethorton:BusinessBash","thethorton:GoldBuffer","thethorton:BusinessBurst","thethorton:Investment","thethorton:MomentaryBreak","thethorton:MomentaryBreak"],"relics":["Unceasing Top","Lizard Tail","StSpp:PetrifiedCaterpillar","thethorton:BusinessCardPrinter","Pocketwatch","Ancient Tea Set","Peace Pipe","Bag of Preparation","Vajra","Calling Bell","Blue Candle","Art of War","FossilizedHelix","Mummified Hand","The Courier","White Beast Statue"],"acts_visited":["Exordium","TheCity"],"potions_floor_usage":[21],"damage_taken":[{"damage":15.0,"enemies":"2 Louse","floor":1.0,"turns":6.0},{"damage":7.0,"enemies":"Small Slimes","floor":2.0,"turns":7.0},{"damage":12.0,"enemies":"Jaw Worm","floor":5.0,"turns":9.0},{"damage":15.0,"enemies":"2 Fungi Beasts","floor":7.0,"turns":7.0},{"damage":13.0,"enemies":"Looter","floor":8.0,"turns":5.0},{"damage":5.0,"enemies":"Blue Slaver","floor":11.0,"turns":6.0},{"damage":10.0,"enemies":"Large Slime","floor":13.0,"turns":6.0},{"damage":30.0,"enemies":"The Guardian","floor":16.0,"turns":13.0},{"damage":12.0,"enemies":"Shell Parasite","floor":18.0,"turns":20.0},{"damage":19.0,"enemies":"3 Byrds","floor":19.0,"turns":10.0},{"damage":12,"enemies":"Centurion and Healer","floor":20,"turns":9},{"damage":75,"enemies":"Chosen and Byrds","floor":21,"turns":11}],"seed_played":"4867993622500234827","potions_obtained":[{"floor":2.0,"key":"DuplicationPotion"},{"floor":8.0,"key":"Energy Potion"},{"floor":11.0,"key":"LiquidBronze"},{"floor":16.0,"key":"Dexterity Potion"},{"floor":20,"key":"Explosive Potion"}],"is_trial":true,"path_per_floor":["M","M","?","?","M","R","M","M","T","?","M","R","M","?","R","B",null,"M","M","M","M"],"character_chosen":"THE_THORT","items_purchased":[],"campfire_rested":2,"item_purchase_floors":[],"current_hp_per_floor":[53,46,63,63,51,51,36,23,23,23,18,38,28,28,48,18,68,56,37,25,0,0,0],"gold":716,"neow_bonus":"","is_daily":false,"chose_seed":false,"campfire_upgraded":1,"win_rate":0.0,"timestamp":1611970592,"path_taken":["M","M","?","?","M","R","M","M","T","?","M","R","M","?","R","BOSS","M","M","M","M"],"items_purchased_type":[],"build_version":"2020-12-22","purchased_purges":0,"victory":false,"max_hp_per_floor":[68,68,68,68,68,68,68,68,68,68,68,68,68,68,68,68,68,68,68,68,68,68,68],"card_choices":[{"not_picked":["thethorton:DualBap","thethorton:TakeAccounts"],"picked":"thethorton:GoldBuffer","floor":1.0},{"not_picked":["thethorton:SeeingDouble","thethorton:DownPayment"],"picked":"thethorton:LongTermPayoff","floor":2.0},{"not_picked":["thethorton:LongTermPayoff","thethorton:ElbowSmash"],"picked":"thethorton:BusinessCard","floor":5.0},{"not_picked":["thethorton:CoffeeBlast","thethorton:LongTermPayoff"],"picked":"thethorton:PennyToss","floor":7.0},{"not_picked":["thethorton:DualBap","thethorton:ShoutAndRun"],"picked":"thethorton:WhirlingBriefcase","floor":8.0},{"not_picked":["thethorton:RunningFeint","thethorton:GemGun"],"picked":"thethorton:PocketChange","floor":11.0},{"not_picked":["thethorton:GoldBuffer","thethorton:DockPay"],"picked":"thethorton:ChartProject","floor":13.0},{"not_picked":["thethorton:Siphon","thethorton:TemporalBlast"],"picked":"thethorton:SellShort","floor":16.0},{"not_picked":["thethorton:ShoutAndRun+1","thethorton:CoffeeBlast"],"picked":"thethorton:GoldBuffer","floor":18.0},{"not_picked":["thethorton:ShoutAndRun+1","thethorton:ElbowSmash","thethorton:Distance"],"picked":"SKIP","floor":19.0},{"not_picked":["thethorton:BoardroomBlast","thethorton:StampSmack+1"],"picked":"thethorton:MomentaryBreak","floor":20}],"player_experience":3214755,"relics_obtained":[{"floor":9.0,"key":"Ancient Tea Set"},{"floor":17.0,"key":"Blue Candle"},{"floor":17.0,"key":"Art of War"},{"floor":17.0,"key":"FossilizedHelix"}],"event_choices":[{"damage_healed":17.0,"max_hp_gain":0.0,"max_hp_loss":0.0,"gold_gain":0.0,"event_name":"The Cleric","player_choice":"Healed","floor":3.0,"gold_loss":35.0,"damage_taken":0.0},{"damage_healed":0.0,"max_hp_gain":0.0,"max_hp_loss":0.0,"gold_gain":0.0,"event_name":"Golden Idol","player_choice":"Ignored","floor":4.0,"gold_loss":0.0,"damage_taken":0.0},{"damage_healed":0.0,"max_hp_gain":0.0,"max_hp_loss":0.0,"gold_gain":0.0,"event_name":"Liars Game","player_choice":"Ignored","floor":10.0,"gold_loss":0.0,"damage_taken":0.0},{"damage_healed":0.0,"max_hp_gain":0.0,"max_hp_loss":0.0,"gold_gain":0.0,"event_name":"World of Goop","player_choice":"Left Gold","floor":14.0,"gold_loss":34.0,"damage_taken":0.0}],"is_beta":false,"boss_relics":[{"not_picked":["StSpp:PileOfSugar","Ectoplasm"],"picked":"Calling Bell"}],"items_purged_floors":[],"is_endless":false,"potions_floor_spawned":[2,8,11,16,20],"killed_by":"Chosen and Byrds","ascension_level":0}}