{"host":"08t08ld674si40tv","time":1611983339,"event":{"mods":["AchievementEnabler","BaseMod","Colored Map","Minty Spire (QoL Compilation)","StSLib","SuperFastMode"],"gold_per_floor":[12,29,42,42,60,60,135,162,187,187,29,59,73,93,93,167,167,119,136,186,26,26,26,44,44,44,70,88,118,118,43,43,121,121,139,154,54,54,54,54,54,54,102,112,23,66,66,0,0,0,0,1000,1000,66,92,92],"floor_reached":57,"language":"KOR","playtime":1878,"items_purged":["Defend_G","Strike_G","Defend_G"],"score":2687,"play_id":"5a45604b-ec19-4d23-a277-c52b38788835","local_time":"20210130140859","is_ascension_mode":true,"campfire_choices":[{"data":"Envenom","floor":6.0,"key":"SMITH"},{"data":"Malaise","floor":15.0,"key":"SMITH"},{"floor":23.0,"key":"REST"},{"data":"Venomology","floor":25.0,"key":"SMITH"},{"floor":30.0,"key":"REST"},{"data":"Catalyst","floor":32.0,"key":"SMITH"},{"data":"Acrobatics","floor":40.0,"key":"SMITH"},{"data":"Blade Dance","floor":42,"key":"SMITH"},{"data":"Calculated Gamble","floor":47,"key":"SMITH"},{"floor":49,"key":"RECALL"},{"data":"Backflip","floor":53,"key":"SMITH"}],"circlet_count":0,"master_deck":["AscendersBane","Strike_G+1","Defend_G","Defend_G","Survivor","Neutralize+1","Envenom+1","Blade Dance+1","Backflip+1","Venomology+1","Leg Sweep","Malaise+1","Crippling Poison","Backstab","Catalyst+1","Footwork+1","Tactician+1","Acrobatics+1","Flash of Steel","Sadistic Nature","Prepared+1","Tactician","Calculated Gamble+1","Flash of Steel","Master of Strategy"],"relics":["Ring of the Snake","Paper Crane","TungstenRod","Snake Skull","Omamori","Bag of Preparation","Nunchaku","WristBlade","Anchor","Unceasing Top","Regal Pillow","Oddly Smooth Stone","SacredBark","CeramicFish","Red Mask","Sundial","Whetstone","Mercury Hourglass","Torii"],"acts_visited":["Exordium","TheCity","TheBeyond","TheEnding"],"potions_floor_usage":[46,50,50,51,55,56,56,56],"damage_taken":[{"damage":2.0,"enemies":"Cultist","floor":1.0,"turns":4.0},{"damage":0.0,"enemies":"Jaw Worm","floor":2.0,"turns":3.0},{"damage":7.0,"enemies":"2 Louse","floor":3.0,"turns":4.0},{"damage":0.0,"enemies":"Looter","floor":5.0,"turns":4.0},{"damage":7.0,"enemies":"3 Sentries","floor":8.0,"turns":11.0},{"damage":5.0,"enemies":"Gremlin Nob","floor":12.0,"turns":3.0},{"damage":14.0,"enemies":"Lots of Slimes","floor":13.0,"turns":5.0},{"damage":0.0,"enemies":"Blue Slaver","floor":14.0,"turns":4.0},{"damage":2.0,"enemies":"Hexaghost","floor":16.0,"turns":10.0},{"damage":14.0,"enemies":"2 Thieves","floor":18.0,"turns":5.0},{"damage":12.0,"enemies":"Shell Parasite","floor":19.0,"turns":4.0},{"damage":7.0,"enemies":"Snecko","floor":24.0,"turns":5.0},{"damage":1.0,"enemies":"Centurion and Healer","floor":28.0,"turns":6.0},{"damage":9.0,"enemies":"Gremlin Leader","floor":29.0,"turns":7.0},{"damage":23.0,"enemies":"Automaton","floor":33.0,"turns":13.0},{"damage":0.0,"enemies":"3 Shapes","floor":35.0,"turns":3.0},{"damage":17.0,"enemies":"3 Darklings","floor":36.0,"turns":5.0},{"damage":10,"enemies":"Sphere and 2 Shapes","floor":44,"turns":6},{"damage":0,"enemies":"Nemesis","floor":46,"turns":9},{"damage":37,"enemies":"Time Eater","floor":50,"turns":17},{"damage":34,"enemies":"Donu and Deca","floor":51,"turns":11},{"damage":12,"enemies":"Shield and Spear","floor":55,"turns":5},{"damage":42,"enemies":"The Heart","floor":56,"turns":9}],"seed_played":"7433928597919427200","potions_obtained":[{"floor":2.0,"key":"LiquidMemories"},{"floor":3.0,"key":"BlessingOfTheForge"},{"floor":13.0,"key":"Fruit Juice"},{"floor":18.0,"key":"Weak Potion"},{"floor":24.0,"key":"Explosive Potion"},{"floor":28.0,"key":"Dexterity Potion"},{"floor":35.0,"key":"FearPotion"}],"is_trial":false,"path_per_floor":["M","M","M","?","M","R","?","E","T","?","$","E","M","M","R","B",null,"M","M","?","$","?","R","M","R","T","T","M","E","R","?","R","B",null,"M","M","$","?","?","R","?","R","T","M","$","E","R","?","R","B","B",null,"R","$","E","B",null],"character_chosen":"THE_SILENT","items_purchased":["Malaise","Anchor","Tactician","Sundial","Whetstone","Flash of Steel","Master of Strategy","AttackPotion","SteroidPotion"],"campfire_rested":2,"item_purchase_floors":[11,21,45,54,54,54,54,54,54],"current_hp_per_floor":[57,57,50,50,50,50,40,33,33,33,33,28,19,19,19,17,58,44,32,32,32,13,35,28,28,28,28,27,18,55,55,55,32,65,65,48,48,48,48,48,39,39,39,29,29,29,29,29,29,43,9,56,56,56,44,2],"gold":92,"neow_bonus":"THREE_RARE_CARDS","is_daily":false,"chose_seed":false,"campfire_upgraded":8,"win_rate":0.0,"timestamp":1611983339,"path_taken":["M","M","?","?","M","R","?","E","T","?","$","E","?","M","R","BOSS","M","M","?","$","?","R","M","R","T","?","?","E","R","?","R","BOSS","M","M","$","?","?","R","?","R","T","M","$","E","R","?","R","BOSS","BOSS","R","$","E","BOSS"],"items_purchased_type":["Card","Relic","Card","Relic","Relic","Card","Card","Potion","Potion"],"build_version":"2020-12-22","purchased_purges":3,"victory":true,"max_hp_per_floor":[66,66,66,66,66,66,66,66,66,66,66,66,71,71,71,71,71,71,71,71,71,76,76,76,76,76,76,76,76,76,76,76,76,76,76,76,76,76,72,72,72,72,72,72,72,72,72,72,72,72,72,72,72,72,72,72],"card_choices":[{"not_picked":["Glass Knife","Bullet Time"],"picked":"Envenom","floor":0.0},{"not_picked":["Slice","Deadly Poison"],"picked":"Blade Dance","floor":1.0},{"not_picked":["Bane","Deflect","Setup"],"picked":"SKIP","floor":2.0},{"not_picked":["Distraction","Quick Slash"],"picked":"Backflip","floor":3.0},{"not_picked":["Dodge and Roll","Distraction"],"picked":"Leg Sweep","floor":5.0},{"not_picked":["Terror","Quick Slash","Deadly Poison"],"picked":"SKIP","floor":8.0},{"not_picked":["Backflip","Riddle With Holes","Night Terror"],"picked":"SKIP","floor":12.0},{"not_picked":["Poisoned Stab","Predator"],"picked":"Crippling Poison","floor":13.0},{"not_picked":["Terror","Slice","Riddle With Holes"],"picked":"SKIP","floor":14.0},{"not_picked":["Choke+1","Cloak And Dagger"],"picked":"Backstab","floor":18.0},{"not_picked":["PiercingWail","Skewer","Dagger Spray"],"picked":"SKIP","floor":19.0},{"not_picked":["Dagger Spray+1","Dash","Slice"],"picked":"SKIP","floor":24.0},{"not_picked":["Quick Slash","Finisher"],"picked":"Catalyst","floor":28.0},{"not_picked":["Quick Slash","Riddle With Holes"],"picked":"Footwork+1","floor":29.0},{"not_picked":["Endless Agony","Poisoned Stab"],"picked":"Tactician+1","floor":35.0},{"not_picked":["Riddle With Holes","Slice"],"picked":"Acrobatics","floor":36.0},{"not_picked":["Dramatic Entrance","Swift Strike"],"picked":"Flash of Steel","floor":41},{"not_picked":["Panache","Apotheosis"],"picked":"Sadistic Nature","floor":41},{"not_picked":["Poisoned Stab","Sucker Punch+1"],"picked":"Prepared+1","floor":44},{"not_picked":["Choke","Quick Slash"],"picked":"Calculated Gamble","floor":46},{"not_picked":["Quick Slash+1","Underhanded Strike","Deadly Poison"],"picked":"SKIP","floor":55}],"player_experience":270550,"relics_obtained":[{"floor":8.0,"key":"Omamori"},{"floor":9.0,"key":"Bag of Preparation"},{"floor":12.0,"key":"Nunchaku"},{"floor":26.0,"key":"Unceasing Top"},{"floor":27.0,"key":"Regal Pillow"},{"floor":29.0,"key":"Oddly Smooth Stone"},{"floor":46,"key":"CeramicFish"},{"floor":55,"key":"Mercury Hourglass"}],"event_choices":[{"damage_healed":0.0,"max_hp_gain":0.0,"max_hp_loss":0.0,"gold_gain":0.0,"cards_transformed":["Strike_G"],"event_name":"Living Wall","player_choice":"Change","floor":4.0,"gold_loss":0.0,"damage_taken":0.0,"cards_obtained":["Venomology"]},{"damage_healed":0.0,"max_hp_gain":0.0,"max_hp_loss":0.0,"gold_gain":75.0,"event_name":"World of Goop","player_choice":"Gather Gold","floor":7.0,"gold_loss":0.0,"damage_taken":11.0},{"cards_removed":["Strike_G"],"damage_healed":0.0,"max_hp_gain":0.0,"max_hp_loss":0.0,"gold_gain":0.0,"event_name":"Bonfire Elementals","player_choice":"Offered Basic","floor":10.0,"gold_loss":0.0,"damage_taken":0.0},{"damage_healed":0.0,"max_hp_gain":0.0,"max_hp_loss":0.0,"gold_gain":50.0,"event_name":"Nest","player_choice":"Stole From Cult","floor":20.0,"gold_loss":0.0,"damage_taken":0.0},{"damage_healed":0.0,"max_hp_gain":5.0,"max_hp_loss":0.0,"gold_gain":0.0,"event_name":"Forgotten Altar","player_choice":"Shed Blood","floor":22.0,"gold_loss":0.0,"damage_taken":25.0},{"cards_removed":["Defend_G"],"damage_healed":0.0,"max_hp_gain":0.0,"max_hp_loss":0.0,"gold_gain":0.0,"event_name":"Beggar","player_choice":"Gave Gold","floor":31.0,"gold_loss":75.0,"damage_taken":0.0},{"cards_removed":["Strike_G"],"damage_healed":0.0,"max_hp_gain":0.0,"max_hp_loss":0.0,"gold_gain":0.0,"event_name":"Falling","player_choice":"Removed Attack","floor":38.0,"gold_loss":0.0,"damage_taken":0.0},{"damage_healed":0.0,"max_hp_gain":0.0,"max_hp_loss":4.0,"gold_gain":0.0,"event_name":"Winding Halls","player_choice":"Max HP","floor":39.0,"gold_loss":0.0,"damage_taken":0.0},{"damage_healed":0,"gold_gain":0,"player_choice":"Memory 3","damage_taken":10,"max_hp_gain":0,"max_hp_loss":0,"event_name":"SensoryStone","floor":41,"gold_loss":0},{"damage_healed":0,"gold_gain":0,"player_choice":"Paid","damage_taken":0,"relics_obtained":["Red Mask"],"max_hp_gain":0,"max_hp_loss":0,"event_name":"Tomb of Lord Red Mask","floor":48,"gold_loss":66}],"is_beta":false,"boss_relics":[{"not_picked":["Cursed Key","Calling Bell"],"picked":"WristBlade"},{"not_picked":["SlaversCollar","Coffee Dripper"],"picked":"SacredBark"}],"items_purged_floors":[11,37,54],"is_endless":false,"potions_floor_spawned":[2,3,13,14,18,24,28,35],"ascension_level":20}}