{"host":"2fgwwnzqc97k7iys","time":1611987746,"event":{"mods":["BaseMod","Colored Map","Minty Spire (QoL Compilation)","Quick Restart","Relic Stats"],"gold_per_floor":[115,126,144,144,164,197,207,207,207,207,207,241,13,26,26,121,171,190,201,201,215,115,115,115],"floor_reached":23,"language":"ENG","playtime":1567,"items_purged":["Strike_P","Strike_P"],"score":367,"play_id":"cd42a6cc-b3fe-4359-898a-b1770886dcd4","local_time":"20210130002226","is_ascension_mode":true,"campfire_choices":[{"data":"BowlingBash","floor":8,"key":"SMITH"},{"data":"EmptyFist","floor":10,"key":"SMITH"},{"data":"TalkToTheHand","floor":15,"key":"SMITH"}],"circlet_count":0,"master_deck":["Strike_P","Defend_P","Defend_P","Defend_P","Defend_P","Eruption+1","Vigilance+1","EmptyBody","FlurryOfBlows","EmptyFist+1","BowlingBash+1","CutThroughFate","ThirdEye","TalkToTheHand+1","Adaptation","CrushJoints","FlurryOfBlows"],"relics":["PureWater","CaptainsWheel","Oddly Smooth Stone","Boot","Kunai","Tiny House"],"acts_visited":["Exordium","TheCity"],"potions_floor_usage":[],"damage_taken":[{"damage":0.0,"enemies":"2 Louse","floor":1.0,"turns":2.0},{"damage":0.0,"enemies":"Small Slimes","floor":2.0,"turns":3.0},{"damage":0.0,"enemies":"Cultist","floor":3.0,"turns":3.0},{"damage":1.0,"enemies":"2 Fungi Beasts","floor":5.0,"turns":3.0},{"damage":12,"enemies":"Gremlin Nob","floor":6,"turns":3},{"damage":0,"enemies":"Blue Slaver","floor":7,"turns":3},{"damage":16,"enemies":"3 Sentries","floor":12,"turns":5},{"damage":4,"enemies":"Red Slaver","floor":14,"turns":2},{"damage":0,"enemies":"The Guardian","floor":16,"turns":12},{"damage":6,"enemies":"Shell Parasite","floor":18,"turns":6},{"damage":0,"enemies":"3 Byrds","floor":19,"turns":6},{"damage":4,"enemies":"Snecko","floor":21,"turns":5},{"damage":24,"enemies":"Gremlin Leader","floor":23,"turns":6}],"seed_played":"4137711203709615201","potions_obtained":[{"floor":5,"key":"Ancient Potion"},{"floor":7,"key":"FairyPotion"},{"floor":14,"key":"Dexterity Potion"},{"floor":17,"key":"SmokeBomb"}],"is_trial":false,"path_per_floor":["M","M","M","?","M","E","M","R","T","R","?","E","$","M","R","B",null,"M","M","T","M","$","E"],"character_chosen":"WATCHER","items_purchased":["TalkToTheHand","Adaptation"],"campfire_rested":0,"item_purchase_floors":[13,13],"current_hp_per_floor":[65,65,65,40,39,27,27,27,27,27,27,11,11,7,7,7,61,55,55,55,51,51,27,27],"gold":115,"neow_bonus":"UPGRADE_CARD","is_daily":false,"chose_seed":false,"campfire_upgraded":3,"win_rate":0.0,"timestamp":1611987746,"path_taken":["M","M","M","?","M","E","M","R","T","R","?","E","$","M","R","BOSS","M","M","?","M","$","E"],"items_purchased_type":["Card","Card"],"build_version":"2020-12-22","purchased_purges":2,"victory":false,"max_hp_per_floor":[72,72,72,72,72,72,72,72,72,72,72,72,72,72,72,72,77,77,77,77,77,77,77,77],"relic_stats":{"counters":[13,59],"Kunai":[16],"Boot":[36],"obtain_stats":[{"CaptainsWheel":4,"Tiny House":17,"Oddly Smooth Stone":6,"Kunai":12,"PureWater":0,"Boot":9},{"CaptainsWheel":3,"Tiny House":9,"Oddly Smooth Stone":5,"Kunai":7,"PureWater":0,"Boot":6},{"CaptainsWheel":8,"Tiny House":36,"Oddly Smooth Stone":14,"Kunai":22,"PureWater":0,"Boot":17}]},"card_choices":[{"not_picked":["ClearTheMind","Prostrate"],"picked":"EmptyBody","floor":1.0},{"not_picked":["PathToVictory","FollowUp"],"picked":"FlurryOfBlows","floor":2.0},{"not_picked":["Crescendo","Evaluate"],"picked":"EmptyFist","floor":3.0},{"not_picked":["Crescendo","SignatureMove","ClearTheMind"],"picked":"SKIP","floor":5},{"not_picked":["Sanctity","Wireheading"],"picked":"BowlingBash","floor":6},{"not_picked":["Sanctity","Prostrate"],"picked":"CutThroughFate","floor":7},{"not_picked":["Crescendo","CutThroughFate"],"picked":"ThirdEye","floor":12},{"not_picked":["Alpha","Protect"],"picked":"CrushJoints","floor":14},{"not_picked":["SignatureMove","Halt","Consecrate"],"picked":"SKIP","floor":18},{"not_picked":["EmptyBody","PathToVictory"],"picked":"FlurryOfBlows","floor":19},{"not_picked":["FlyingSleeves","CutThroughFate","BowlingBash+1"],"picked":"SKIP","floor":21}],"player_experience":537759,"relics_obtained":[{"floor":6,"key":"Oddly Smooth Stone"},{"floor":9,"key":"Boot"},{"floor":12,"key":"Kunai"}],"event_choices":[{"damage_healed":0.0,"max_hp_gain":0.0,"max_hp_loss":0.0,"gold_gain":0.0,"event_name":"Scrap Ooze","player_choice":"Success","floor":4.0,"gold_loss":0.0,"damage_taken":25.0,"relics_obtained":["CaptainsWheel"]},{"cards_removed":["Strike_P"],"damage_healed":0,"gold_gain":0,"player_choice":"Offered Basic","damage_taken":0,"max_hp_gain":0,"max_hp_loss":0,"event_name":"Bonfire Elementals","floor":11,"gold_loss":0}],"is_beta":false,"boss_relics":[{"not_picked":["Astrolabe","Velvet Choker"],"picked":"Tiny House"}],"items_purged_floors":[13,22],"is_endless":false,"potions_floor_spawned":[5,7,14,21],"killed_by":"Gremlin Leader","ascension_level":9}}