{"host":"Berg","time":1611993836,"event":{"mods":["AchievementEnabler","BaseMod","Colored Map","Downfall","Gremlin Skip","Highlight Path","Minty Spire (QoL Compilation)","Relic Stats","StSLib"],"gold_per_floor":[99,118,131,131,145,157,157,174,191,216,316,316,316,334,346,450,450,450,466,466,466,466,496,496,512,512,530,530,380,380,125,140,238,238,238,252,266,266,286,286,286,303,322,372,403,403,403,434,434,434],"floor_reached":51,"language":"ENG","playtime":20442,"items_purged":[],"score":744,"play_id":"ef437234-2cb2-4b75-ac11-86fbb530aa79","local_time":"20210130030356","is_ascension_mode":false,"campfire_choices":[{"data":"Slimebound:Tackle","floor":1.0,"key":"SMITH"},{"data":"Slimebound:SlimeSlap","floor":18,"key":"SMITH"},{"floor":26,"key":"REST"},{"data":"Slimebound:LevelUp","floor":28,"key":"SMITH"},{"data":"Ghostly","floor":30,"key":"SMITH"},{"data":"Slimebound:FlameTackle","floor":35,"key":"SMITH"},{"floor":46,"key":"REST"},{"floor":49,"key":"REST"}],"circlet_count":0,"master_deck":["Slimebound:Defend_Slimebound+1","Slimebound:Defend_Slimebound","Slimebound:Defend_Slimebound+1","Slimebound:Split+1","Slimebound:CorrosiveSpit","Slimebound:ViciousTackle","Slimebound:FlameTackle+1","Iron Wave","Slimebound:ComboTackle","Slimebound:LevelUp+1","Slimebound:Prepare","Slimebound:Schlurp","Slimebound:Overexert","Slimebound:PressTheAttack","Slimebound:Schlurp","Slimebound:SlimeSlap+1","Slimebound:SplitLeeching+1","downfall:Bewildered","RitualDagger","Slimebound:MassFeed","Slimebound:SlimeTap","Slimebound:SamplingLick+1","Ghostly+1","Slimebound:SlimeSlap","Slimebound:SpikyOuterGoop+1","expansioncontent:DashGenerateEvil","Slimebound:SplitBruiser+1","Slimebound:DuplicatedForm+1","Slimebound:SlimeBarrage+1","Slimebound:SplitAcid+1","Slimebound:RainOfGoop+1","Parasite","Slimebound:SpikyOuterGoop+1","Slimebound:BestDefense+1","Slimebound:GoopSpray+1","Decay","Slimebound:MinionMaster+1","Slimebound:LeadByExample+1"],"relics":["Slimebound:AbsorbEndCombat","Akabeko","Velvet Choker","downfall:RedIOU","sneckomod:BabySnecko","Frozen Egg 2","Turnip","Runic Pyramid","downfall:TeleportStone","Molten Egg 2","StoneCalendar","Happy Flower","downfall:ExtraCursedKey","Nunchaku"],"acts_visited":["Exordium","TheCity","TheBeyond"],"potions_floor_usage":[11,11,23,25,25,25,33],"damage_taken":[{"damage":4.0,"enemies":"Cultist","floor":2.0,"turns":4.0},{"damage":14.0,"enemies":"Jaw Worm","floor":3.0,"turns":3.0},{"damage":2.0,"enemies":"2 Louse","floor":5.0,"turns":4.0},{"damage":10.0,"enemies":"2 Fungi Beasts","floor":6.0,"turns":4.0},{"damage":5.0,"enemies":"3 Louse","floor":8.0,"turns":4.0},{"damage":3.0,"enemies":"Blue Slaver","floor":9.0,"turns":5.0},{"damage":20,"enemies":"downfall:Heads","floor":11,"turns":7},{"damage":7,"enemies":"3 Louse","floor":14,"turns":4},{"damage":4,"enemies":"Large Slime","floor":15,"turns":4},{"damage":42,"enemies":"DF_ARCHETYPE_STREAMLINE","floor":16,"turns":11},{"damage":8,"enemies":"Shell Parasite","floor":19,"turns":3},{"damage":38,"enemies":"Slavers","floor":23,"turns":6},{"damage":0,"enemies":"3 Byrds","floor":25,"turns":5},{"damage":1,"enemies":"Snecko","floor":27,"turns":4},{"damage":0,"enemies":"downfall:FleeingMerchant","floor":31,"turns":4},{"damage":3,"enemies":"Sentry and Sphere","floor":32,"turns":4},{"damage":66,"enemies":"SI_MIRROR_ARCHETYPE","floor":33,"turns":12},{"damage":44,"enemies":"3 Darklings","floor":36,"turns":3},{"damage":0,"enemies":"Orb Walker","floor":37,"turns":2},{"damage":15,"enemies":"Jaw Worm Horde","floor":39,"turns":5},{"damage":10,"enemies":"Writhing Mass","floor":42,"turns":5},{"damage":7,"enemies":"Transient","floor":43,"turns":5},{"damage":3,"enemies":"Transient","floor":44,"turns":5},{"damage":40,"enemies":"Giant Head","floor":45,"turns":8},{"damage":35,"enemies":"Nemesis","floor":48,"turns":7},{"damage":25,"enemies":"WA_ARCHETYPE_DIVINITY","floor":50,"turns":7}],"seed_played":"3659587359758814015","potions_obtained":[{"floor":2.0,"key":"GamblersBrew"},{"floor":6.0,"key":"SteroidPotion"},{"floor":8.0,"key":"sneckomod:MuddlingPotion"},{"floor":9.0,"key":"PowerPotion"},{"floor":15,"key":"EntropicBrew"},{"floor":19,"key":"Strength Potion"},{"floor":25,"key":"DistilledChaos"},{"floor":33,"key":"ColorlessPotion"}],"is_trial":false,"path_per_floor":["R","M","M","?","M","M","T","M","M","T","?","?","?","M","M","B",null,"R","M","?","?","?","E","T","M","R","M","R","?","R","$","M","B",null,"R","M","M","?","M","?","T","M","M","?","E","R","?","E","R","B",null],"character_chosen":"SLIMEBOUND","items_purchased":["Slimebound:SpikyOuterGoop+1","expansioncontent:DashGenerateEvil"],"campfire_rested":3,"item_purchase_floors":[31,31],"current_hp_per_floor":[71,71,61,61,63,57,57,54,55,55,43,43,43,40,40,6,71,71,69,69,69,63,33,33,37,58,61,61,61,61,67,71,10,74,74,52,56,56,48,48,48,46,47,51,34,58,58,46,70,53],"gold":434,"neow_bonus":"TEN_PERCENT_HP_BONUS","is_daily":false,"chose_seed":false,"campfire_upgraded":5,"win_rate":0.0,"timestamp":1611993836,"path_taken":["R","M","M","?","M","?","T","?","?","?","?","?","?","M","M","BOSS","R","M","?","?","?","E","T","M","R","M","R","?","R","$","M","BOSS","R","M","M","?","M","?","T","?","M","?","E","R","?","E","R","BOSS"],"items_purchased_type":["Card","Card"],"build_version":"2020-12-18","purchased_purges":0,"victory":true,"max_hp_per_floor":[71,71,71,71,71,71,71,71,71,71,71,71,71,71,71,71,71,71,71,71,71,71,71,71,71,71,71,71,71,71,71,74,74,74,74,77,77,77,80,80,80,80,80,83,83,83,83,83,83,83],"relic_stats":{"Nunchaku":[0],"Happy Flower":[4],"counters":[26,128],"StoneCalendar":[52],"Turnip":[5],"obtain_stats":[{"Happy Flower":45,"Velvet Choker":17,"StoneCalendar":44,"downfall:TeleportStone":40,"War Paint":7,"Frozen Egg 2":23,"Akabeko":10,"sneckomod:BabySnecko":21,"Nunchaku":48,"Molten Egg 2":41,"downfall:RedIOU":20,"Turnip":24,"downfall:ExtraCursedKey":47,"Slimebound:AbsorbEndCombat":0,"Runic Pyramid":34},{"Happy Flower":24,"Velvet Choker":10,"StoneCalendar":23,"downfall:TeleportStone":20,"War Paint":4,"Frozen Egg 2":12,"Akabeko":6,"sneckomod:BabySnecko":11,"Nunchaku":25,"Molten Egg 2":20,"downfall:RedIOU":11,"Turnip":12,"downfall:ExtraCursedKey":24,"Slimebound:AbsorbEndCombat":0,"Runic Pyramid":17},{"Happy Flower":114,"Velvet Choker":47,"StoneCalendar":107,"downfall:TeleportStone":93,"War Paint":15,"Frozen Egg 2":55,"Akabeko":22,"sneckomod:BabySnecko":50,"Nunchaku":121,"Molten Egg 2":93,"downfall:RedIOU":50,"Turnip":55,"downfall:ExtraCursedKey":114,"Slimebound:AbsorbEndCombat":0,"Runic Pyramid":83}]},"card_choices":[{"not_picked":["Slimebound:LeechingTouch","Slimebound:LeechEnergy"],"picked":"Slimebound:ViciousTackle","floor":2.0},{"not_picked":["Slimebound:Gluttony","Slimebound:ForwardTackle"],"picked":"Slimebound:FlameTackle","floor":3.0},{"not_picked":["Slimebound:LivingWall","Slimebound:GoopSpray"],"picked":"Slimebound:ComboTackle","floor":5.0},{"not_picked":["Slimebound:FlameTackle","Slimebound:Overexert"],"picked":"Slimebound:LevelUp","floor":6.0},{"not_picked":["Slimebound:Repurpose","Slimebound:SplitBruiser"],"picked":"Slimebound:Prepare","floor":8.0},{"not_picked":["Slimebound:FinishingTackle","Slimebound:LeadByExample","Slimebound:ComboTackle"],"picked":"SKIP","floor":9.0},{"not_picked":["Slimebound:Dissolve","Slimebound:ForwardTackle"],"picked":"Slimebound:Schlurp","floor":11},{"not_picked":["Slimebound:LeechingTouch","Slimebound:FirmFortitude"],"picked":"Slimebound:PressTheAttack","floor":14},{"not_picked":["Slimebound:ComboTackle","Slimebound:PressTheAttack"],"picked":"Slimebound:Schlurp","floor":15},{"not_picked":["Slimebound:SelfFormingGoo","Slimebound:RallyTheTroops"],"picked":"Slimebound:SlimeSlap","floor":16},{"not_picked":["Slimebound:ItLooksTasty","Slimebound:GoopTackle"],"picked":"Slimebound:SplitLeeching+1","floor":19},{"not_picked":["Slimebound:SplitBruiser","Slimebound:GoopTackle"],"picked":"Slimebound:MassFeed","floor":23},{"not_picked":["Slimebound:Schlurp","Slimebound:SplitAcid"],"picked":"Slimebound:SlimeTap","floor":25},{"not_picked":["Slimebound:FinishingTackle","Slimebound:LeechingTouch"],"picked":"Slimebound:SamplingLick+1","floor":27},{"not_picked":["Slimebound:FinishingTackle","Slimebound:Repurpose"],"picked":"Slimebound:SlimeSlap","floor":31},{"not_picked":["Slimebound:RollThrough+1","Slimebound:LeechingTouch+1"],"picked":"Slimebound:SplitBruiser+1","floor":32},{"not_picked":["Slimebound:Teamwork","Slimebound:MassRepurpose"],"picked":"Slimebound:DuplicatedForm+1","floor":33},{"not_picked":["Slimebound:PressTheAttack+1","Slimebound:ComboTackle"],"picked":"Slimebound:SlimeBarrage+1","floor":36},{"not_picked":["Slimebound:Nibble","Slimebound:SplitBruiser"],"picked":"Slimebound:SplitAcid+1","floor":37},{"not_picked":["Slimebound:LeechingTouch+1","Slimebound:Dissolve+1"],"picked":"Slimebound:RainOfGoop+1","floor":39},{"not_picked":["Slimebound:Replication","Slimebound:SplitMire"],"picked":"Slimebound:SpikyOuterGoop+1","floor":42},{"not_picked":["Slimebound:ComboTackle+1","Slimebound:SplitAcid+1"],"picked":"Slimebound:BestDefense+1","floor":43},{"not_picked":["Slimebound:SamplingLick","Slimebound:RallyTheTroops+1"],"picked":"Slimebound:GoopSpray+1","floor":44},{"not_picked":["Slimebound:WasteNot","Slimebound:Schlurp","Slimebound:LeechingTouch+1"],"picked":"SKIP","floor":45},{"not_picked":["Slimebound:SplitAcid","Slimebound:SplitLeeching+1"],"picked":"Slimebound:LeadByExample+1","floor":48}],"player_experience":1343075,"relics_obtained":[{"floor":7.0,"key":"War Paint"},{"floor":10.0,"key":"Akabeko"},{"floor":23,"key":"Frozen Egg 2"},{"floor":24,"key":"Turnip"},{"floor":41,"key":"Molten Egg 2"},{"floor":44,"key":"StoneCalendar"},{"floor":45,"key":"Happy Flower"},{"floor":48,"key":"Nunchaku"}],"event_choices":[{"cards_removed":["Slimebound:Tackle"],"damage_healed":0.0,"max_hp_gain":0.0,"max_hp_loss":0.0,"gold_gain":0.0,"event_name":"NoteForYourself","player_choice":"Took Card","floor":4.0,"gold_loss":0.0,"damage_taken":0.0,"cards_obtained":["Iron Wave"]},{"cards_removed":["Slimebound:Defend_Slimebound"],"damage_healed":0,"gold_gain":0,"player_choice":"Card Removal","damage_taken":0,"max_hp_gain":0,"max_hp_loss":0,"event_name":"The Cleric","floor":13,"gold_loss":0}],"is_beta":true,"boss_relics":[{"not_picked":["Sozu","Fusion Hammer"],"picked":"Velvet Choker"},{"not_picked":["Slimebound:AbsorbEndCombatUpgraded","Tiny House"],"picked":"Runic Pyramid"}],"items_purged_floors":[],"is_endless":false,"potions_floor_spawned":[2,6,8,9,15,19,25,32,33,37,42,44],"ascension_level":0}}