{"host":"26y75e64s1raelh1","time":1611969585,"event":{"mods":["BaseMod","Card Forge","Minty Spire (QoL Compilation)","StSLib"],"gold_per_floor":[99,109,123,134,152,183,183,261,261,276,276,311,328,347,347,445,445,445,445,445,445,445,445,445,445,445,445,147,147,147,147,147,147,147,147,147,147,147,147,147,147],"floor_reached":40,"language":"ENG","playtime":1633,"items_purged":[],"score":873,"play_id":"bb24e050-bbda-4bfd-a224-74c0a9386fbd","local_time":"20210129221945","is_ascension_mode":false,"campfire_choices":[{"floor":15,"key":"REST"},{"floor":32,"key":"REST"}],"circlet_count":0,"master_deck":["Vigilance+1","FlurryOfBlows+1","InnerPeace+1","MentalFortress+1","Tantrum+1","TalkToTheHand+1","ClearTheMind+1","Tantrum+1","FlurryOfBlows+1","Crescendo+1","Blasphemy+1","Tantrum+1","FlurryOfBlows+1","Eruption+1","InnerPeace+1","ClearTheMind+1","FlurryOfBlows+1","Tantrum+1","Crescendo+1","EmptyMind+1","EmptyFist+1","Double Tap"],"relics":["PureWater","Hammer of Thor","Seething Fire","Anvil of the Gods","NeowsBlessing","Anchor","Bag of Preparation","Ectoplasm","Old Coin","Happy Flower","Bag of Marbles","PrismaticShard","Bottled Flame","Sozu"],"acts_visited":["TheCity","TheBeyond"],"potions_floor_usage":[40],"damage_taken":[{"damage":0.0,"enemies":"Small Slimes","floor":1.0,"turns":1.0},{"damage":0.0,"enemies":"Jaw Worm","floor":2.0,"turns":1.0},{"damage":0,"enemies":"Cultist","floor":3,"turns":1},{"damage":0,"enemies":"Large Slime","floor":4,"turns":1},{"damage":0,"enemies":"Blue Slaver","floor":5,"turns":1},{"damage":0,"enemies":"3 Sentries","floor":6,"turns":2},{"damage":0,"enemies":"3 Louse","floor":10,"turns":2},{"damage":0,"enemies":"Gremlin Nob","floor":12,"turns":2},{"damage":0,"enemies":"Exordium Thugs","floor":13,"turns":1},{"damage":0,"enemies":"Lots of Slimes","floor":14,"turns":1},{"damage":0,"enemies":"Hexaghost","floor":16,"turns":2},{"damage":0,"enemies":"2 Thieves","floor":18,"turns":1},{"damage":0,"enemies":"Chosen","floor":19,"turns":1},{"damage":0,"enemies":"Shelled Parasite and Fungi","floor":20,"turns":1},{"damage":0,"enemies":"3 Cultists","floor":21,"turns":2},{"damage":0,"enemies":"Snake Plant","floor":22,"turns":1},{"damage":0,"enemies":"Gremlin Leader","floor":23,"turns":1},{"damage":0,"enemies":"Snecko","floor":24,"turns":1},{"damage":0,"enemies":"Shelled Parasite and Fungi","floor":25,"turns":2},{"damage":0,"enemies":"3 Cultists","floor":27,"turns":1},{"damage":0,"enemies":"Book of Stabbing","floor":29,"turns":1},{"damage":0,"enemies":"Collector","floor":33,"turns":2},{"damage":0,"enemies":"3 Shapes","floor":35,"turns":1},{"damage":0,"enemies":"Orb Walker","floor":38,"turns":1},{"damage":0,"enemies":"3 Darklings","floor":39,"turns":1},{"damage":99999,"enemies":"Transient","floor":40,"turns":3}],"seed_played":"-5395770432431770888","potions_obtained":[{"floor":2,"key":"AttackPotion"},{"floor":3,"key":"Strength Potion"},{"floor":6,"key":"Strength Potion"},{"floor":10,"key":"StancePotion"}],"is_trial":false,"path_per_floor":["M","M","M","M","M","E","$","?","T","M","?","E","M","M","R","B",null,"M","M","M","M","M","E","M","M","T","M","$","E","?","?","R","B",null,"M","?","$","M","M","M"],"character_chosen":"WATCHER","items_purchased":["Bag of Marbles","PrismaticShard"],"campfire_rested":2,"item_purchase_floors":[28,28],"current_hp_per_floor":[72,72,72,72,72,72,72,72,72,72,72,72,72,72,72,72,72,72,72,72,72,72,72,72,72,72,72,72,72,72,59,77,77,77,77,77,77,77,77,0,0],"gold":147,"neow_bonus":"THREE_ENEMY_KILL","is_daily":false,"chose_seed":false,"campfire_upgraded":0,"win_rate":0.0,"timestamp":1611969585,"path_taken":["M","M","M","M","M","E","$","?","T","M","?","E","M","?","R","BOSS","M","M","M","M","M","E","M","M","T","M","$","E","?","?","R","BOSS","M","?","?","M","?","M"],"items_purchased_type":["Relic","Relic"],"build_version":"2020-12-22","purchased_purges":0,"victory":false,"max_hp_per_floor":[72,72,72,72,72,72,72,72,72,72,72,72,72,72,72,72,72,72,72,72,72,72,72,72,72,72,72,72,72,72,77,77,77,77,77,77,77,77,77,77,77],"card_choices":[{"not_picked":["EmptyFist","Vengeance","Adaptation"],"picked":"SKIP","floor":1.0},{"not_picked":["FearNoEvil","WreathOfFlame","EmptyFist"],"picked":"SKIP","floor":2},{"not_picked":["CrushJoints","Wallop","PathToVictory"],"picked":"SKIP","floor":3},{"not_picked":["EmptyBody","Protect","Tantrum"],"picked":"SKIP","floor":4},{"not_picked":["Meditate","SashWhip","CutThroughFate"],"picked":"SKIP","floor":5},{"not_picked":["Scrawl","DeusExMachina","JustLucky"],"picked":"SKIP","floor":6},{"not_picked":["Tantrum","FlyingSleeves","InnerPeace"],"picked":"SKIP","floor":10},{"not_picked":["ThirdEye","FlyingSleeves","MentalFortress"],"picked":"SKIP","floor":12},{"not_picked":["Swivel","FearNoEvil","EmptyFist"],"picked":"SKIP","floor":13},{"not_picked":["EmptyBody","ReachHeaven","ClearTheMind"],"picked":"SKIP","floor":14},{"not_picked":["Evaluate","Wallop","Protect"],"picked":"SKIP","floor":18},{"not_picked":["FlyingSleeves","Sanctity","EmptyBody"],"picked":"SKIP","floor":19},{"not_picked":["Halt","CutThroughFate","Consecrate+1"],"picked":"SKIP","floor":20},{"not_picked":["LikeWater","BowlingBash+1","FollowUp"],"picked":"SKIP","floor":21},{"not_picked":["Meditate","WaveOfTheHand","Brilliance"],"picked":"SKIP","floor":22},{"not_picked":["Halt","ClearTheMind","Tantrum"],"picked":"SKIP","floor":23},{"not_picked":["Fasting2+1","Meditate","JustLucky"],"picked":"SKIP","floor":24},{"not_picked":["FlurryOfBlows","SashWhip+1","Conclude"],"picked":"SKIP","floor":25},{"not_picked":["EmptyMind","FlurryOfBlows","SashWhip"],"picked":"SKIP","floor":27},{"not_picked":["Enlightenment+1","Pummel","Chill+1"],"picked":"SKIP","floor":29},{"not_picked":["Alpha","Juggernaut"],"picked":"Double Tap","floor":33},{"not_picked":["ClearTheMind","Headbutt+1","Thunderclap"],"picked":"SKIP","floor":35},{"not_picked":["Prostrate+1","Bouncing Flask","Rip and Tear+1"],"picked":"SKIP","floor":38},{"not_picked":["FTL+1","White Noise","Loop"],"picked":"SKIP","floor":39}],"player_experience":26369,"relics_obtained":[{"floor":6,"key":"Anchor"},{"floor":12,"key":"Bag of Preparation"},{"floor":23,"key":"Old Coin"},{"floor":26,"key":"Happy Flower"},{"floor":29,"key":"Bottled Flame"}],"event_choices":[{"damage_healed":0,"gold_gain":78,"player_choice":"Gained Gold","damage_taken":0,"max_hp_gain":0,"max_hp_loss":0,"event_name":"Golden Wing","floor":8,"gold_loss":0},{"damage_healed":0,"gold_gain":0,"player_choice":"Ignored","damage_taken":0,"max_hp_gain":0,"max_hp_loss":0,"event_name":"Upgrade Shrine","floor":11,"gold_loss":0},{"damage_healed":0,"gold_gain":0,"player_choice":"Ignored","damage_taken":0,"max_hp_gain":0,"max_hp_loss":0,"event_name":"Beggar","floor":30,"gold_loss":0},{"damage_healed":0,"gold_gain":0,"player_choice":"Shed Blood","damage_taken":18,"max_hp_gain":5,"max_hp_loss":0,"event_name":"Forgotten Altar","floor":31,"gold_loss":0},{"damage_healed":0,"gold_gain":0,"player_choice":"Ignored","damage_taken":0,"max_hp_gain":0,"max_hp_loss":0,"event_name":"Transmorgrifier","floor":36,"gold_loss":0}],"is_beta":false,"boss_relics":[{"not_picked":["Tiny House","SlaversCollar"],"picked":"Ectoplasm"},{"not_picked":["Fusion Hammer","HolyWater"],"picked":"Sozu"}],"items_purged_floors":[],"is_endless":false,"potions_floor_spawned":[2,3,6,10,13,18,22,23,24,33,39],"killed_by":"Transient","ascension_level":0}}