{"host":"snn1c4qsf0fj7fzf","time":1611984328,"event":{"mods":["AchievementEnabler","Aspiration","Astrologer","BaseMod","Colored Powertips","Downfall","Hermit","Infinite Spire","Lobotomy","Marisa????????","Minty Spire (QoL Compilation)","Random Character Button","Rare Cards Sparkle","Reimu??????","Reliquary","Replay The Spire","Shop Mod","Spire Arcade","StSLib","The Administrix","The Cursed","The Gatherer","The Hierophant","The Poker Player","The Runesmith","Wandering Minibosses"],"gold_per_floor":[119,135,135,135,150,180,180,211,266,276,276,276,52,66,66,166,166,184,84,84,84,24,24,24,24,24,36,36,65,79,79,112,127,127,127,127],"floor_reached":35,"language":"ENG","playtime":2155,"items_purged":["Deadly Poison","Heavy Blade+1","Strike_R"],"score":333,"play_id":"843e488e-9da1-4fb1-83f5-c3a5e8d99c2a","local_time":"20210130132528","is_ascension_mode":true,"campfire_choices":[{"data":"Noxious Fumes","floor":11,"key":"SMITH"},{"floor":15,"key":"REST"},{"data":"Corpse Explosion","floor":25,"key":"SMITH"},{"floor":31,"key":"REST"},{"floor":34,"key":"REST"}],"circlet_count":0,"master_deck":["Strike_R","Strike_R","Defend_R","Defend_R","Defend_R","Defend_R","Poisoned Stab","Cleave","Noxious Fumes+1","Pommel Strike","Fire Breathing","Jack Of All Trades","hexamod:Toasty","Corpse Explosion+1","Life Link+1","Headbutt+1","Body Slam+1","infinitespire:Collect","ReplayTheSpireMod:Muscle Training+1","Barricade"],"relics":["MiniHakkero","aspiration:Nostalgia","m_HexaRing","infinitespire:Cubic Diamond","Juzu Bracelet","Lizard Tail","infinitespire:Satchel","Anchor","TentaclePot:ReiMu","Astrolabe","Shuriken","aspiration:FutureDiary","aspiration:ChemicalBlood","Blue Doll","Orichalcum"],"acts_visited":["Exordium","TheCity"],"potions_floor_usage":[8,16,29,32,32,35,35,35],"damage_taken":[{"damage":0,"enemies":"Cultist","floor":1,"turns":4},{"damage":0,"enemies":"Small Slimes","floor":2,"turns":3},{"damage":0,"enemies":"Jaw Worm","floor":5,"turns":3},{"damage":26,"enemies":"3 Sentries","floor":6,"turns":7},{"damage":36,"enemies":"Lagavulin","floor":8,"turns":6},{"damage":15,"enemies":"2 Fungi Beasts","floor":10,"turns":4},{"damage":0,"enemies":"Exordium Wildlife","floor":14,"turns":3},{"damage":48,"enemies":"The Guardian","floor":16,"turns":8},{"damage":42,"enemies":"2 Thieves","floor":18,"turns":4},{"damage":20,"enemies":"Spheric Guardian","floor":27,"turns":3},{"damage":11,"enemies":"Slavers","floor":29,"turns":2},{"damage":4,"enemies":"3 Cultists","floor":30,"turns":3},{"damage":18,"enemies":"Gremlin Leader","floor":32,"turns":3},{"damage":0,"enemies":"Cultist and Chosen","floor":33,"turns":4},{"damage":43,"enemies":"Automaton","floor":35,"turns":6}],"seed_played":"-2833382873485821706","potions_obtained":[{"floor":1,"key":"Regen Potion"},{"floor":2,"key":"Slimebound:ThreeZeroPotion"},{"floor":10,"key":"SteroidPotion"},{"floor":16,"key":"DuplicationPotion"},{"floor":27,"key":"Weak Potion"},{"floor":30,"key":"hexamod:SoulburnPotion"},{"floor":33,"key":"sneckomod:MuddlingPotion"}],"is_trial":false,"path_per_floor":["M","M","?","?","M","E","?","E","T","M","R","?","$","M","R","B",null,"M","$","PTL","PTL","?","?","?","R","AVR","M","T","E","M","R","E","M","R","B"],"character_chosen":"IRONCLAD","items_purchased":["TentaclePot:ReiMu"],"campfire_rested":3,"item_purchase_floors":[13],"current_hp_per_floor":[80,80,80,80,80,54,54,30,30,15,15,15,15,15,39,33,80,38,38,38,38,38,38,38,38,38,18,18,7,3,27,9,9,33,0,0],"gold":127,"neow_bonus":"NOSTALGIA","is_daily":false,"chose_seed":false,"campfire_upgraded":2,"win_rate":0.0,"timestamp":1611984328,"path_taken":["M","M","?","?","M","E","?","E","T","M","R","?","$","M","R","BOSS","M","$","PTL","PTL","?","?","?","R","AVR","M","T","E","M","R","E","M","R","BOSS"],"items_purchased_type":["Relic"],"build_version":"2020-12-22","purchased_purges":3,"victory":false,"max_hp_per_floor":[80,80,80,80,80,80,80,80,80,80,80,80,80,80,80,80,80,80,80,80,80,80,80,80,80,80,80,80,80,80,80,80,80,80,80,80],"card_choices":[{"not_picked":["Power Through","Ghostly Armor"],"picked":"Poisoned Stab","floor":1},{"not_picked":["Warcry","Anger"],"picked":"Cleave","floor":2},{"not_picked":["Cleave","Life Link"],"picked":"Noxious Fumes","floor":5},{"not_picked":["Shrug It Off","ReplayReversal"],"picked":"Pommel Strike","floor":6},{"not_picked":["ReplayTheSpireMod:Corrosion Curse","Wild Strike"],"picked":"Deadly Poison","floor":8},{"not_picked":["Evolve","ReplayTheSpireMod:Limb From Limb"],"picked":"Fire Breathing","floor":10},{"not_picked":["Warcry","Armaments"],"picked":"hexamod:Toasty","floor":14},{"not_picked":["Feed","Offering"],"picked":"Corpse Explosion","floor":16},{"not_picked":["Pommel Strike","Evolve"],"picked":"Body Slam+1","floor":18},{"not_picked":["Body Slam","Sword Boomerang+1"],"picked":"ReplayTheSpireMod:Muscle Training+1","floor":27},{"not_picked":["Bloodletting","Uppercut","Body Slam"],"picked":"SKIP","floor":29},{"not_picked":["Anger","Body Slam","Twin Strike"],"picked":"SKIP","floor":30},{"not_picked":["Clothesline","Headbutt"],"picked":"Barricade","floor":32},{"not_picked":["Heavy Blade","Perfected Strike+1","Clothesline"],"picked":"SKIP","floor":33}],"player_experience":357331,"relics_obtained":[{"floor":6,"key":"Lizard Tail"},{"floor":8,"key":"infinitespire:Satchel"},{"floor":9,"key":"Anchor"},{"floor":28,"key":"aspiration:ChemicalBlood"},{"floor":29,"key":"Blue Doll"},{"floor":32,"key":"Orichalcum"}],"event_choices":[{"damage_healed":0,"gold_gain":0,"player_choice":"Gave Potion","damage_taken":0,"relics_obtained":["Juzu Bracelet"],"max_hp_gain":0,"max_hp_loss":0,"event_name":"WeMeetAgain","floor":4,"gold_loss":0},{"damage_healed":0,"gold_gain":0,"player_choice":"Ignored","damage_taken":0,"max_hp_gain":0,"max_hp_loss":0,"event_name":"Liars Game","floor":7,"gold_loss":0},{"damage_healed":0,"gold_gain":0,"player_choice":"2 cards matched","damage_taken":0,"max_hp_gain":0,"max_hp_loss":0,"event_name":"Match and Keep!","floor":12,"gold_loss":0,"cards_obtained":["Jack Of All Trades","Bash"]},{"cards_removed":["Strike_R"],"damage_healed":0,"gold_gain":0,"player_choice":"Single Remove","damage_taken":0,"max_hp_gain":0,"max_hp_loss":0,"event_name":"Designer","floor":22,"gold_loss":60},{"damage_healed":0,"gold_gain":0,"player_choice":"Ignored","damage_taken":0,"max_hp_gain":0,"max_hp_loss":0,"event_name":"Ghosts","floor":24,"gold_loss":0}],"is_beta":false,"boss_relics":[{"not_picked":["SlaversCollar","Ring of Chaos"],"picked":"Astrolabe"}],"items_purged_floors":[13,19,26],"is_endless":false,"potions_floor_spawned":[1,2,10,16,27,30,33],"killed_by":"Automaton","ascension_level":2}}