{"host":"2l97xuagc2u1sty8","time":1611989408,"event":{"mods":["2.2 Compatiblity","Aspiration","BaseMod","Colored Powertips","Conspire","Custom Start","Hubris","Minty Spire (QoL Compilation)","Rare Cards Sparkle","StSLib"],"gold_per_floor":[110,129,147,162,176,176,208,222,249,280,294,294,307,33,33,136,136,154,174,191,191,206,206,234,234,282,382,382,400,415,427,427,526,526,536,553,553,553,553,553,578,578,601,628,628,647,647,664,664,664,664],"floor_reached":50,"language":"ENG","playtime":1695,"items_purged":[],"score":716,"play_id":"4a5131a2-4a90-422a-a003-fb8e74407a2f","local_time":"20210130005008","is_ascension_mode":true,"campfire_choices":[{"data":"Inflame","floor":6,"key":"SMITH"},{"floor":15,"key":"RECALL"},{"floor":23,"key":"REST"},{"floor":25,"key":"REST"},{"data":"Armaments","floor":28,"key":"SMITH"},{"data":"Armaments","floor":32,"key":"SMITH"},{"floor":40,"key":"REST"},{"floor":42,"key":"REST"},{"floor":47,"key":"REST"},{"floor":49,"key":"REST"}],"circlet_count":0,"master_deck":["Strike_R","Strike_R","Strike_R","Strike_R","Strike_R","Defend_R","Defend_R","Defend_R","Defend_R","Bash","Dramatic Entrance","Pummel","Shrug It Off","Thunderclap","Thunderclap","Inflame+1","Seeing Red","Shockwave","Armaments","Iron Wave","Armaments+1","Impervious","Cleave","Feed","Inflame","Flex+1","Bludgeon","Strike_R","Strike_R","Strike_R","Strike_R","Strike_R","Defend_R","Defend_R+1","Defend_R","Defend_R","Bash","Dramatic Entrance","Pummel","Shrug It Off","Thunderclap","Thunderclap","Inflame+1","Seeing Red+1","Shockwave","Armaments","Iron Wave","Armaments+1","Impervious","Cleave","Feed","Inflame","Flex+1","Bludgeon","Dropkick+1","Shrug It Off+1","Perfected Strike","Perfected Strike","Seeing Red","conspire:HitWhereItHurts","hubris:ReadiedAction","Spot Weakness","Iron Wave","Deep Breath","Dual Wield+1","hubris:ReadiedAction+1"],"relics":["Burning Blood","Bag of Preparation","hubris:SphereOfDissonance","hubris:ChampionShield","conspire:RoyalGoblet","Vajra","Pen Nib","FossilizedHelix","hubris:IronBody","SlaversCollar","PreservedInsect","Pantograph","aspiration:Lifesprig","Red Skull","Paper Frog","hubris:TenFootPole","War Paint","hubris:GlazedTorus"],"acts_visited":["Exordium","TheCity","TheBeyond"],"potions_floor_usage":[7,10,20,22,24,27,33,33,33,33,33,33,46,46,46,46,46,50],"damage_taken":[{"damage":2,"enemies":"2 Louse","floor":1,"turns":2},{"damage":0,"enemies":"Cultist","floor":2,"turns":2},{"damage":0,"enemies":"Jaw Worm","floor":3,"turns":3},{"damage":6,"enemies":"Gremlin Gang","floor":4,"turns":2},{"damage":6,"enemies":"Exordium Wildlife","floor":5,"turns":2},{"damage":22,"enemies":"Lagavulin","floor":7,"turns":7},{"damage":0,"enemies":"3 Louse","floor":8,"turns":1},{"damage":11,"enemies":"Gremlin Nob","floor":10,"turns":4},{"damage":21,"enemies":"Exordium Thugs","floor":11,"turns":3},{"damage":0,"enemies":"Gremlin Gang","floor":13,"turns":1},{"damage":26,"enemies":"Slime Boss","floor":16,"turns":7},{"damage":40,"enemies":"conspire:FuzzyDice","floor":18,"turns":6},{"damage":14,"enemies":"Shell Parasite","floor":19,"turns":3},{"damage":10,"enemies":"conspire:HollyBat","floor":20,"turns":6},{"damage":22,"enemies":"Sentry and Sphere","floor":22,"turns":5},{"damage":30,"enemies":"conspire:SneckoGhost","floor":24,"turns":6},{"damage":0,"enemies":"Colosseum Slavers","floor":27,"turns":1},{"damage":0,"enemies":"Colosseum Nobs","floor":27,"turns":2},{"damage":0,"enemies":"Cultist and Chosen","floor":29,"turns":3},{"damage":0,"enemies":"Centurion and Healer","floor":30,"turns":2},{"damage":0,"enemies":"3 Cultists","floor":31,"turns":2},{"damage":36,"enemies":"Automaton","floor":33,"turns":8},{"damage":0,"enemies":"Orb Walker","floor":35,"turns":1},{"damage":9,"enemies":"3 Shapes","floor":36,"turns":2},{"damage":18,"enemies":"Giant Head","floor":41,"turns":6},{"damage":22,"enemies":"Reptomancer","floor":44,"turns":5},{"damage":25,"enemies":"3 Darklings","floor":46,"turns":4},{"damage":0,"enemies":"Maw","floor":48,"turns":6},{"damage":101,"enemies":"conspire:OrnateMirror","floor":50,"turns":8}],"seed_played":"-765305699065314284","potions_obtained":[{"floor":4,"key":"Dexterity Potion"},{"floor":5,"key":"ElixirPotion"},{"floor":7,"key":"Weak Potion"},{"floor":13,"key":"SpeedPotion"},{"floor":19,"key":"SkillPotion"},{"floor":20,"key":"LiquidBronze"},{"floor":22,"key":"Fire Potion"},{"floor":24,"key":"SteroidPotion"},{"floor":29,"key":"EntropicBrew"},{"floor":41,"key":"ElixirPotion"},{"floor":44,"key":"EntropicBrew"},{"floor":48,"key":"Block Potion"}],"is_trial":false,"path_per_floor":["M","M","M","M","M","R","E","M","T","E","M","?","M","$","R","B",null,"M","M","M","?","M","R","E","R","T","?","R","M","M","M","R","B",null,"M","M","?","$","?","R","E","R","T","E","?","M","R","M","R","B"],"character_chosen":"IRONCLAD","items_purchased":["hubris:ChampionShield","Impervious","Cleave","PreservedInsect","Pantograph","aspiration:Lifesprig","Red Skull","Paper Frog"],"campfire_rested":6,"item_purchase_floors":[14,14,14,38,38,38,38,38],"current_hp_per_floor":[80,80,80,80,80,80,64,70,70,65,50,50,56,56,56,36,80,46,38,34,34,18,42,18,42,42,63,63,69,75,81,81,51,89,89,86,86,23,23,49,37,63,63,47,47,31,58,64,91,0,0],"gold":664,"neow_bonus":"RANDOM_COLORLESS","is_daily":false,"chose_seed":false,"campfire_upgraded":3,"win_rate":0.0,"timestamp":1611989408,"path_taken":["M","M","M","M","M","R","E","M","T","E","M","?","M","$","R","BOSS","M","?","?","?","?","R","E","R","T","?","R","M","M","M","R","BOSS","M","M","?","?","?","R","E","R","T","E","?","M","R","M","R","BOSS"],"items_purchased_type":["Relic","Card","Card","Relic","Relic","Relic","Relic","Relic"],"build_version":"2020-12-22","purchased_purges":0,"victory":false,"max_hp_per_floor":[80,80,80,80,80,80,80,80,80,80,80,80,80,80,80,80,80,80,80,80,80,80,80,80,80,80,89,89,89,89,89,89,89,89,89,89,89,89,89,89,89,89,89,89,89,92,92,92,92,92,92],"card_choices":[{"not_picked":["Purity","Deep Breath"],"picked":"Dramatic Entrance","floor":0},{"not_picked":["Iron Wave","Hemokinesis"],"picked":"Pummel","floor":1},{"not_picked":["Wild Strike","Headbutt"],"picked":"Shrug It Off","floor":2},{"not_picked":["Rupture","Burning Pact"],"picked":"Thunderclap","floor":3},{"not_picked":["Havoc","Ghostly Armor"],"picked":"Thunderclap","floor":4},{"not_picked":["Armaments","Body Slam"],"picked":"Inflame","floor":5},{"not_picked":["Rampage","hubris:StunningStrike"],"picked":"Seeing Red","floor":7},{"not_picked":["Dark Embrace","Body Slam"],"picked":"Shockwave","floor":8},{"not_picked":["Blood for Blood","Clash"],"picked":"Armaments","floor":10},{"not_picked":["Havoc","Thunderclap"],"picked":"Iron Wave","floor":11},{"not_picked":["Flex","Power Through"],"picked":"Armaments","floor":13},{"not_picked":["Double Tap","Bludgeon"],"picked":"Feed","floor":16},{"not_picked":["Havoc","Dark Embrace+1"],"picked":"Inflame","floor":18},{"not_picked":["conspire:Charge","Perfected Strike"],"picked":"Flex+1","floor":19},{"not_picked":["Body Slam","Warcry"],"picked":"Bludgeon","floor":20},{"not_picked":["hubris:CleavingFinish+1","Pommel Strike"],"picked":"Dropkick+1","floor":22},{"not_picked":["Bludgeon","Feel No Pain"],"picked":"Shrug It Off+1","floor":24},{"not_picked":["Thunderclap","hubris:ReadiedAction+1"],"picked":"Perfected Strike","floor":27},{"not_picked":["Clash","Pommel Strike"],"picked":"Perfected Strike","floor":29},{"not_picked":["Bloodletting","Feel No Pain"],"picked":"Seeing Red","floor":30},{"not_picked":["Havoc","Burning Pact+1","Power Through"],"picked":"SKIP","floor":31},{"not_picked":["Impervious","Bludgeon"],"picked":"conspire:HitWhereItHurts","floor":33},{"not_picked":["Body Slam+1","Havoc+1"],"picked":"hubris:ReadiedAction","floor":35},{"not_picked":["Warcry","Disarm"],"picked":"Headbutt+1","floor":36},{"not_picked":["Iron Wave+1","Intimidate"],"picked":"Spot Weakness","floor":41},{"not_picked":["Headbutt","Evolve"],"picked":"Iron Wave","floor":44},{"not_picked":["Mayhem","The Bomb"],"picked":"Deep Breath","floor":45},{"not_picked":["Clothesline","Disarm"],"picked":"Dual Wield+1","floor":46},{"not_picked":["hubris:CleavingFinish+1","Heavy Blade"],"picked":"hubris:ReadiedAction+1","floor":48}],"player_experience":266388,"relics_obtained":[{"floor":7,"key":"Bag of Preparation"},{"floor":10,"key":"hubris:SphereOfDissonance"},{"floor":24,"key":"Vajra"},{"floor":26,"key":"Pen Nib"},{"floor":27,"key":"FossilizedHelix"},{"floor":27,"key":"hubris:IronBody"},{"floor":41,"key":"hubris:TenFootPole"},{"floor":43,"key":"War Paint"},{"floor":44,"key":"hubris:GlazedTorus"}],"event_choices":[{"damage_healed":0,"gold_gain":0,"player_choice":"Bought 0 Potions","damage_taken":0,"max_hp_gain":0,"max_hp_loss":0,"event_name":"The Woman in Blue","floor":12,"gold_loss":0},{"damage_healed":0,"gold_gain":0,"player_choice":"Fight","damage_taken":0,"max_hp_gain":0,"max_hp_loss":0,"event_name":"Colosseum","floor":27,"gold_loss":0},{"damage_healed":0,"gold_gain":0,"player_choice":"Fought Nobs","damage_taken":0,"max_hp_gain":0,"max_hp_loss":0,"event_name":"Colosseum","floor":27,"gold_loss":0},{"cards_removed":["Headbutt"],"damage_healed":0,"gold_gain":0,"player_choice":"Purged","damage_taken":0,"max_hp_gain":0,"max_hp_loss":0,"event_name":"Purifier","floor":37,"gold_loss":0},{"damage_healed":0,"gold_gain":0,"player_choice":"Ignored","damage_taken":0,"max_hp_gain":0,"max_hp_loss":0,"event_name":"The Moai Head","floor":39,"gold_loss":0},{"damage_healed":0,"gold_gain":0,"player_choice":"Memory 1","damage_taken":0,"max_hp_gain":0,"max_hp_loss":0,"event_name":"SensoryStone","floor":45,"gold_loss":0}],"is_beta":false,"boss_relics":[{"not_picked":["Runic Dome","Black Blood"],"picked":"conspire:RoyalGoblet"},{"not_picked":["Philosopher\u0027s Stone","Coffee Dripper"],"picked":"SlaversCollar"}],"items_purged_floors":[],"is_endless":false,"potions_floor_spawned":[4,5,7,13,19,20,22,24,29,41,44,48],"killed_by":"conspire:OrnateMirror","ascension_level":1}}