{"host":"3uci9gpt6cwo3y1o","time":1611989079,"event":{"mods":["Aspiration","BaseMod","Energized Spire","Minty Spire (QoL Compilation)","MostiFishMod","Relic Filter Mod","Reliquary","StSLib","TestMod"],"gold_per_floor":[119,119,138,198,210,236,186,186,186],"floor_reached":8,"language":"ZHS","playtime":214,"items_purged":["Strike_P"],"score":93,"play_id":"d7f9acb5-8816-426f-b6c3-ab4fc511742c","local_time":"20210130144439","is_ascension_mode":true,"campfire_choices":[],"circlet_count":0,"master_deck":["AscendersBane","Strike_P","Strike_P","Strike_P","Defend_P","Defend_P","Defend_P","Defend_P","Eruption","Vigilance","Conclude"],"relics":["PureWater","DaveBox","testmod-TestBox","aspiration:Nostalgia","Ring of the Snake","Lizard Tail","testmod-BouquetWithThorns","SynthV:TestCard","SsserpentHead","Smiling Mask"],"acts_visited":["Exordium"],"potions_floor_usage":[],"damage_taken":[{"damage":0,"enemies":"Small Slimes","floor":1,"turns":3},{"damage":0,"enemies":"Cultist","floor":3,"turns":2},{"damage":2,"enemies":"2 Louse","floor":4,"turns":2},{"damage":11,"enemies":"Blue Slaver","floor":5,"turns":3},{"damage":70,"enemies":"Lagavulin","floor":6,"turns":6},{"damage":64,"enemies":"Gremlin Nob","floor":8,"turns":3}],"seed_played":"3337926353249146224","potions_obtained":[],"is_trial":false,"path_per_floor":["M","?","M","M","M","E","$","E"],"character_chosen":"WATCHER","items_purchased":[],"campfire_rested":0,"item_purchase_floors":[],"current_hp_per_floor":[65,65,65,63,52,36,36,0,0],"gold":186,"neow_bonus":"NOSTALGIA","is_daily":false,"chose_seed":false,"campfire_upgraded":0,"win_rate":0.0,"timestamp":1611989079,"path_taken":["M","?","M","?","M","E","$","E"],"items_purchased_type":[],"build_version":"2020-12-22","purchased_purges":1,"victory":false,"max_hp_per_floor":[72,72,72,72,72,72,72,72,72],"card_choices":[{"not_picked":["CrushJoints","FlurryOfBlows","BattleHymn"],"picked":"SKIP","floor":1},{"not_picked":["WreathOfFlame","Nirvana","EmptyFist","SandsOfTime","MostiFishMod:Nomercy"],"picked":"SKIP","floor":3},{"not_picked":["BowlingBash","CrushJoints","Prostrate","ClearTheMind","FlurryOfBlows"],"picked":"SKIP","floor":4},{"not_picked":["MostiFishMod:ScryFuture","Nirvana","FlyingSleeves","CutThroughFate"],"picked":"Conclude","floor":5},{"not_picked":["Halt","MasterReality","Perseverance","Protect","Crescendo"],"picked":"SKIP","floor":6}],"player_experience":890506,"relics_obtained":[{"floor":1,"key":"SynthV:TestCard"},{"floor":6,"key":"Smiling Mask"}],"event_choices":[{"damage_healed":0,"gold_gain":0,"player_choice":"Trade","damage_taken":0,"relics_obtained":["SsserpentHead"],"max_hp_gain":0,"max_hp_loss":0,"event_name":"FaceTrader","floor":2,"gold_loss":0}],"is_beta":false,"boss_relics":[],"items_purged_floors":[7],"is_endless":false,"potions_floor_spawned":[],"killed_by":"Gremlin Nob","ascension_level":12}}