{"host":"ji1fk25fd1ga4ji1","time":1611977452,"event":{"mods":["2.2 Compatiblity","BaseMod","Colored Map","DeckTracker","Minty Spire (QoL Compilation)","Permanent Neow","Quick Restart","StSLib","SuperFastMode"],"gold_per_floor":[109,34,45,62,75,75,103,103,130,144,144,183,197,297,297,403,403,423,448,471,485,485,524,524,555,555,572,591,591,603,353,353,458,458,470,490,510,314,368,368,400,400,475,492,510,528,225,259,259,259,259,259,33,75,75],"floor_reached":56,"language":"KOR","playtime":1563,"items_purged":["Strike_R","Strike_R","Strike_R","Strike_R","Defend_R"],"score":1625,"play_id":"9fb3ff5f-3ccb-4c8a-82a9-1d6b9d19b998","local_time":"20210130123052","is_ascension_mode":true,"campfire_choices":[{"data":"Body Slam","floor":6.0,"key":"SMITH"},{"data":"Entrench","floor":11.0,"key":"SMITH"},{"data":"Body Slam","floor":15.0,"key":"SMITH"},{"data":"True Grit","floor":24.0,"key":"SMITH"},{"floor":29.0,"key":"RECALL"},{"data":"Battle Trance","floor":32.0,"key":"SMITH"},{"data":"Disarm","floor":40,"key":"SMITH"},{"data":"Impervious","floor":42,"key":"SMITH"},{"data":"Offering","floor":49,"key":"SMITH"},{"data":"Battle Trance","floor":52,"key":"SMITH"}],"circlet_count":0,"master_deck":["Defend_R","Defend_R","Defend_R","Bash","Barricade+1","Inflame","Evolve","Body Slam+1","Shrug It Off","Entrench+1","Feel No Pain","True Grit+1","Body Slam+1","Juggernaut","Shrug It Off+1","Disarm+1","Battle Trance+1","Battle Trance+1","Impervious+1","Seeing Red","Offering+1","Impervious"],"relics":["Burning Blood","Omamori","CeramicFish","Cursed Key","Anchor","Shuriken","Kunai","Black Star","Bird Faced Urn","HornCleat","Darkstone Periapt","InkBottle","Pear","Boot","Gambling Chip","Self Forming Clay"],"acts_visited":["Exordium","TheCity","TheBeyond","TheEnding"],"potions_floor_usage":[39,54,55,55],"damage_taken":[{"damage":7.0,"enemies":"Small Slimes","floor":1.0,"turns":4.0},{"damage":6.0,"enemies":"Cultist","floor":3.0,"turns":3.0},{"damage":10.0,"enemies":"Jaw Worm","floor":4.0,"turns":5.0},{"damage":0.0,"enemies":"Lots of Slimes","floor":5.0,"turns":3.0},{"damage":31.0,"enemies":"3 Sentries","floor":7.0,"turns":10.0},{"damage":0.0,"enemies":"Large Slime","floor":10.0,"turns":8.0},{"damage":53.0,"enemies":"Gremlin Nob","floor":12.0,"turns":6.0},{"damage":7.0,"enemies":"2 Fungi Beasts","floor":13.0,"turns":5.0},{"damage":0.0,"enemies":"Slime Boss","floor":16.0,"turns":6.0},{"damage":11.0,"enemies":"Shell Parasite","floor":18.0,"turns":6.0},{"damage":5.0,"enemies":"Chosen","floor":19.0,"turns":5.0},{"damage":4.0,"enemies":"Snake Plant","floor":20.0,"turns":7.0},{"damage":15.0,"enemies":"Sentry and Sphere","floor":21.0,"turns":6.0},{"damage":10.0,"enemies":"Gremlin Leader","floor":23.0,"turns":8.0},{"damage":12.0,"enemies":"Book of Stabbing","floor":25.0,"turns":6.0},{"damage":24.0,"enemies":"Centurion and Healer","floor":27.0,"turns":7.0},{"damage":0.0,"enemies":"Cultist and Chosen","floor":28.0,"turns":5.0},{"damage":15.0,"enemies":"Snake Plant","floor":30.0,"turns":4.0},{"damage":6.0,"enemies":"Champ","floor":33.0,"turns":5.0},{"damage":0.0,"enemies":"3 Shapes","floor":35.0,"turns":4.0},{"damage":0,"enemies":"Orb Walker","floor":36,"turns":1},{"damage":14,"enemies":"Jaw Worm Horde","floor":37,"turns":4},{"damage":16,"enemies":"2 Orb Walkers","floor":39,"turns":5},{"damage":0,"enemies":"Giant Head","floor":41,"turns":6},{"damage":0,"enemies":"Transient","floor":44,"turns":5},{"damage":0,"enemies":"Spire Growth","floor":45,"turns":4},{"damage":11,"enemies":"4 Shapes","floor":46,"turns":6},{"damage":6,"enemies":"Reptomancer","floor":48,"turns":2},{"damage":6,"enemies":"Time Eater","floor":50,"turns":4},{"damage":6,"enemies":"Shield and Spear","floor":54,"turns":6},{"damage":6,"enemies":"The Heart","floor":55,"turns":6}],"seed_played":"-7440687030707322809","potions_obtained":[{"floor":1.0,"key":"SneckoOil"},{"floor":12.0,"key":"EssenceOfSteel"},{"floor":13.0,"key":"Ancient Potion"},{"floor":16.0,"key":"ElixirPotion"},{"floor":18.0,"key":"Dexterity Potion"},{"floor":21.0,"key":"HeartOfIron"},{"floor":28.0,"key":"SkillPotion"},{"floor":39,"key":"BlessingOfTheForge"},{"floor":41,"key":"LiquidBronze"},{"floor":46,"key":"EssenceOfSteel"}],"is_trial":false,"path_per_floor":["M","$","M","M","M","R","E","?","T","M","R","E","M","?","R","B",null,"M","M","M","M","?","E","R","E","T","M","M","R","M","$","R","B",null,"M","M","M","$","?","R","E","R","T","M","M","M","$","E","R","B",null,"R","$","E","B",null],"character_chosen":"IRONCLAD","items_purchased":["Battle Trance","GamblersBrew","Seeing Red","Offering","Swift Potion"],"campfire_rested":0,"item_purchase_floors":[31,31,38,47,53],"current_hp_per_floor":[79,79,79,75,80,80,55,55,55,61,61,14,13,13,13,19,80,75,76,78,69,69,65,65,59,59,41,47,47,38,38,38,38,80,80,80,72,72,62,62,76,76,76,80,80,79,79,90,90,90,90,90,90,90,90],"gold":75,"neow_bonus":"ONE_RANDOM_RARE_CARD","is_daily":false,"chose_seed":false,"campfire_upgraded":9,"win_rate":0.0,"timestamp":1611977452,"path_taken":["M","$","M","M","M","R","E","?","T","M","R","E","?","?","R","BOSS","M","M","?","M","?","E","R","E","T","M","?","R","M","$","R","BOSS","M","M","M","$","?","R","E","R","T","M","M","M","$","E","R","BOSS","R","$","E","BOSS"],"items_purchased_type":["Card","Potion","Card","Card","Potion"],"build_version":"2020-12-22","purchased_purges":5,"victory":true,"max_hp_per_floor":[80,80,80,80,80,80,80,80,80,80,80,80,80,80,80,80,80,80,80,80,80,80,80,80,80,80,80,80,80,80,80,80,80,80,80,80,80,80,80,80,80,80,80,80,80,80,80,90,90,90,90,90,90,90,90],"card_choices":[{"not_picked":["Sword Boomerang","Clothesline"],"picked":"Inflame","floor":1.0},{"not_picked":["Havoc","Pummel"],"picked":"Evolve","floor":3.0},{"not_picked":["Burning Pact","Wild Strike"],"picked":"Body Slam","floor":4.0},{"not_picked":["Bloodletting","Clothesline"],"picked":"Shrug It Off","floor":5.0},{"not_picked":["Searing Blow","Clothesline"],"picked":"Entrench","floor":7.0},{"not_picked":["Clothesline","Wild Strike"],"picked":"True Grit","floor":10.0},{"not_picked":["Whirlwind","Havoc"],"picked":"Body Slam","floor":12.0},{"not_picked":["Fiend Fire","Heavy Blade","Iron Wave"],"picked":"SKIP","floor":13.0},{"not_picked":["Immolate","Barricade"],"picked":"Juggernaut","floor":16.0},{"not_picked":["Dropkick+1","Thunderclap","Infernal Blade+1"],"picked":"SKIP","floor":18.0},{"not_picked":["Anger","Infernal Blade"],"picked":"Shrug It Off+1","floor":19.0},{"not_picked":["Dropkick+1","Heavy Blade"],"picked":"Disarm","floor":20.0},{"not_picked":["Metallicize","Havoc","Headbutt"],"picked":"SKIP","floor":21.0},{"not_picked":["Inflame","Twin Strike"],"picked":"Battle Trance","floor":23.0},{"not_picked":["Dropkick","Metallicize","Corruption"],"picked":"SKIP","floor":25.0},{"not_picked":["Twin Strike","Clothesline+1","Blood for Blood+1"],"picked":"SKIP","floor":27.0},{"not_picked":["Anger","Hemokinesis+1","Armaments"],"picked":"SKIP","floor":28.0},{"not_picked":["Fire Breathing","Burning Pact","Havoc"],"picked":"SKIP","floor":30.0},{"not_picked":["Corruption","Juggernaut"],"picked":"Impervious","floor":33.0},{"not_picked":["Twin Strike+1","Shrug It Off","Headbutt+1"],"picked":"SKIP","floor":35.0},{"not_picked":["Cleave+1","Warcry","Perfected Strike+1"],"picked":"SKIP","floor":36},{"not_picked":["Reaper","Havoc","Perfected Strike+1"],"picked":"SKIP","floor":37},{"not_picked":["Clash","Armaments+1","Fire Breathing"],"picked":"SKIP","floor":41},{"not_picked":["Pommel Strike+1","Second Wind","Combust+1"],"picked":"SKIP","floor":44},{"not_picked":["Flame Barrier","Hemokinesis+1","Evolve+1"],"picked":"SKIP","floor":45},{"not_picked":["Metallicize+1","Searing Blow+1","Evolve+1"],"picked":"SKIP","floor":46},{"not_picked":["Wild Strike","Iron Wave+1","Clash"],"picked":"SKIP","floor":48},{"not_picked":["Ghostly Armor+1","Anger+1"],"picked":"Impervious","floor":54}],"player_experience":480253,"relics_obtained":[{"floor":7.0,"key":"Omamori"},{"floor":12.0,"key":"CeramicFish"},{"floor":23.0,"key":"Anchor"},{"floor":25.0,"key":"Shuriken"},{"floor":26.0,"key":"Kunai"},{"floor":39,"key":"Bird Faced Urn"},{"floor":41,"key":"HornCleat"},{"floor":41,"key":"Darkstone Periapt"},{"floor":43,"key":"InkBottle"},{"floor":48,"key":"Pear"},{"floor":48,"key":"Boot"},{"floor":54,"key":"Gambling Chip"},{"floor":54,"key":"Self Forming Clay"}],"event_choices":[{"damage_healed":0.0,"max_hp_gain":0.0,"max_hp_loss":0.0,"gold_gain":0.0,"cards_transformed":["Strike_R"],"event_name":"Transmorgrifier","player_choice":"Transformed","floor":8.0,"gold_loss":0.0,"damage_taken":0.0,"cards_obtained":["Feel No Pain"]},{"damage_healed":0.0,"max_hp_gain":0.0,"max_hp_loss":0.0,"gold_gain":100.0,"event_name":"Golden Shrine","player_choice":"Pray","floor":14.0,"gold_loss":0.0,"damage_taken":0.0},{"damage_healed":0.0,"max_hp_gain":0.0,"max_hp_loss":0.0,"gold_gain":0.0,"event_name":"Accursed Blacksmith","player_choice":"Forge","floor":22.0,"gold_loss":0.0,"damage_taken":0.0,"cards_upgraded":["Barricade"]},{"damage_healed":0,"gold_gain":0,"player_choice":"Fight","damage_taken":0,"max_hp_gain":0,"max_hp_loss":0,"event_name":"Mysterious Sphere","floor":39,"gold_loss":0}],"is_beta":false,"boss_relics":[{"not_picked":["Empty Cage","Calling Bell"],"picked":"Cursed Key"},{"not_picked":["Runic Pyramid","SacredBark"],"picked":"Black Star"}],"items_purged_floors":[2,31,38,47,53],"is_endless":false,"potions_floor_spawned":[1,12,13,16,18,21,28,39,41,44,46],"ascension_level":1}}