{"host":"6xsbn6ynqlzwllfm","time":1611997852,"event":{"mods":["2.2 Compatiblity","BaseMod","Bestiary","Colored Map","Colored Powertips","Curses Come First","Highlight Path","Keyboard Shortcuts","Minty Spire (QoL Compilation)","Relic Stats","Slay the Relics Exporter","StSLib","SuperFastMode"],"gold_per_floor":[109,6,24,24,41,41,71,71,71,87,118,35,35,60,60,136,136,151,162,162,173,188,218,218,218,218],"floor_reached":25,"language":"ENG","playtime":866,"items_purged":["Strike_P"],"score":567,"play_id":"e8ac25ce-710c-4280-9317-714ccdb913c6","local_time":"20210130041052","is_ascension_mode":true,"campfire_choices":[{"data":"ReachHeaven","floor":6.0,"key":"SMITH"},{"data":"FlyingSleeves","floor":8.0,"key":"SMITH"},{"data":"LikeWater","floor":15.0,"key":"SMITH"},{"floor":24.0,"key":"REST"}],"circlet_count":0,"master_deck":["AscendersBane","Strike_P","Strike_P","Defend_P","Defend_P","Defend_P","Defend_P","Eruption","Vigilance","ReachHeaven+1","FollowUp+1","Protect+1","FlyingSleeves+1","FlyingSleeves+1","LikeWater+1","ThirdEye+1","Ragnarok+1","CutThroughFate+1","LessonLearned","FearNoEvil","CutThroughFate","Protect","Omniscience"],"relics":["PureWater","Bag of Marbles","Darkstone Periapt","GoldenEye","Fusion Hammer","Nloth\u0027s Gift","Yang"],"acts_visited":["Exordium","TheCity"],"potions_floor_usage":[],"damage_taken":[{"damage":18.0,"enemies":"2 Louse","floor":1.0,"turns":4.0},{"damage":0.0,"enemies":"Cultist","floor":3.0,"turns":2.0},{"damage":0.0,"enemies":"Small Slimes","floor":5.0,"turns":2.0},{"damage":0.0,"enemies":"Gremlin Nob","floor":7.0,"turns":2.0},{"damage":0.0,"enemies":"Gremlin Gang","floor":10.0,"turns":1.0},{"damage":10.0,"enemies":"3 Sentries","floor":11.0,"turns":8.0},{"damage":0.0,"enemies":"Lagavulin","floor":14.0,"turns":3.0},{"damage":56.0,"enemies":"Slime Boss","floor":16.0,"turns":7.0},{"damage":14.0,"enemies":"Spheric Guardian","floor":18.0,"turns":6.0},{"damage":11.0,"enemies":"2 Thieves","floor":19.0,"turns":3.0},{"damage":0.0,"enemies":"Centurion and Healer","floor":21.0,"turns":5.0},{"damage":0.0,"enemies":"Snecko","floor":22.0,"turns":1.0},{"damage":11.0,"enemies":"Book of Stabbing","floor":23.0,"turns":5.0},{"damage":60,"enemies":"Slavers","floor":25,"turns":3}],"seed_played":"-4110861278276284085","potions_obtained":[{"floor":3.0,"key":"DistilledChaos"},{"floor":5.0,"key":"AttackPotion"},{"floor":10.0,"key":"FairyPotion"},{"floor":14.0,"key":"PowerPotion"},{"floor":16.0,"key":"PowerPotion"},{"floor":18.0,"key":"SteroidPotion"},{"floor":21.0,"key":"LiquidMemories"}],"is_trial":false,"path_per_floor":["M","$","M","?","M","R","E","R","T","M","E","$","?","E","R","B",null,"M","M","?","M","M","E","R","E"],"character_chosen":"WATCHER","items_purchased":["FollowUp","Ragnarok"],"campfire_rested":1,"item_purchase_floors":[2,12],"current_hp_per_floor":[49,49,49,49,49,49,49,49,49,49,39,39,39,39,39,10,58,44,33,33,33,33,22,44,0,0],"gold":218,"neow_bonus":"TEN_PERCENT_HP_BONUS","is_daily":false,"chose_seed":false,"campfire_upgraded":3,"win_rate":0.0,"timestamp":1611997852,"path_taken":["M","$","M","?","M","R","E","R","T","?","E","?","?","E","R","BOSS","M","?","?","?","M","E","R","E"],"items_purchased_type":["Card","Card"],"build_version":"2020-12-22","purchased_purges":1,"victory":false,"max_hp_per_floor":[74,74,74,74,74,74,74,74,74,74,74,74,74,74,74,74,74,74,74,74,74,74,74,74,74,74],"relic_stats":{"Darkstone Periapt":0,"counters":[14,52],"Yang":[4],"Nloth\u0027s Gift":1,"GoldenEye":[24],"obtain_stats":[{"Darkstone Periapt":9,"Damaru":14,"Yang":23,"Fusion Hammer":17,"Bag of Marbles":7,"Nloth\u0027s Gift":20,"PureWater":0,"GoldenEye":11},{"Darkstone Periapt":4,"Damaru":7,"Yang":13,"Fusion Hammer":8,"Bag of Marbles":4,"Nloth\u0027s Gift":10,"PureWater":0,"GoldenEye":6},{"Darkstone Periapt":10,"Damaru":22,"Yang":49,"Fusion Hammer":29,"Bag of Marbles":10,"Nloth\u0027s Gift":38,"PureWater":0,"GoldenEye":19}]},"card_choices":[{"not_picked":["BowlingBash","ThirdEye"],"picked":"ReachHeaven","floor":1.0},{"not_picked":["Evaluate","Indignation"],"picked":"Protect","floor":3.0},{"not_picked":["Protect","Crescendo"],"picked":"FlyingSleeves","floor":5.0},{"not_picked":["Meditate","Worship"],"picked":"FlyingSleeves","floor":7.0},{"not_picked":["CutThroughFate","SashWhip"],"picked":"LikeWater","floor":10.0},{"not_picked":["Prostrate","Weave"],"picked":"ThirdEye","floor":11.0},{"not_picked":["CrushJoints","EmptyBody"],"picked":"CutThroughFate","floor":14.0},{"not_picked":["Establishment","Blasphemy"],"picked":"LessonLearned","floor":16.0},{"not_picked":["FlurryOfBlows+1","InnerPeace"],"picked":"FearNoEvil","floor":18.0},{"not_picked":["JustLucky","Consecrate"],"picked":"CutThroughFate","floor":19.0},{"not_picked":["FollowUp","Halt","Devotion"],"picked":"SKIP","floor":21.0},{"not_picked":["Vengeance","Nirvana"],"picked":"Protect","floor":22.0},{"not_picked":["SandsOfTime","EmptyBody"],"picked":"Omniscience","floor":23.0}],"player_experience":1265097,"relics_obtained":[{"floor":7.0,"key":"Bag of Marbles"},{"floor":9.0,"key":"Darkstone Periapt"},{"floor":11.0,"key":"GoldenEye"},{"floor":14.0,"key":"Damaru"},{"floor":23.0,"key":"Yang"}],"event_choices":[{"cards_removed":["Strike_P"],"damage_healed":0.0,"max_hp_gain":0.0,"max_hp_loss":0.0,"gold_gain":0.0,"event_name":"Bonfire Elementals","player_choice":"Offered Basic","floor":4.0,"gold_loss":0.0,"damage_taken":0.0},{"damage_healed":0.0,"max_hp_gain":0.0,"max_hp_loss":0.0,"gold_gain":0.0,"event_name":"Upgrade Shrine","player_choice":"Upgraded","floor":13.0,"gold_loss":0.0,"damage_taken":0.0,"cards_upgraded":["Ragnarok"]},{"damage_healed":0.0,"max_hp_gain":0.0,"max_hp_loss":0.0,"gold_gain":0.0,"event_name":"N\u0027loth","player_choice":"Traded Relic","floor":20.0,"relics_lost":["Damaru"],"gold_loss":0.0,"damage_taken":0.0,"relics_obtained":["Nloth\u0027s Gift"]}],"is_beta":false,"boss_relics":[{"not_picked":["Astrolabe","HolyWater"],"picked":"Fusion Hammer"}],"items_purged_floors":[2],"is_endless":false,"potions_floor_spawned":[3,5,10,14,16,18,21],"killed_by":"Slavers","ascension_level":19}}