{"host":"6xsbn6ynqlzwllfm","time":1611975276,"event":{"mods":["2.2 Compatiblity","BaseMod","Bestiary","Colored Map","Colored Powertips","Curses Come First","Highlight Path","Keyboard Shortcuts","Minty Spire (QoL Compilation)","Relic Stats","Slay the Relics Exporter","StSLib","SuperFastMode"],"gold_per_floor":[316,60,135,152,168,168,168,206,206,58,79,79,103,119,119,212,212,236,236,41,73,73,107,107,119,119,219,249,263,290,309,309,383,383,418,640,640,680,716,768,768,821,821,821,390,400,410,427,427,427,427,427,6,41,41,41],"floor_reached":55,"language":"ENG","playtime":2464,"items_purged":["Defend_P","Weave","Crescendo"],"score":1490,"play_id":"88511cf1-de98-4fee-8f1a-33e834fc3ff5","local_time":"20210129215436","is_ascension_mode":true,"campfire_choices":[{"data":"Tantrum","floor":7,"key":"SMITH"},{"data":"CrushJoints","floor":12,"key":"SMITH"},{"data":"WheelKick","floor":15,"key":"SMITH"},{"data":"Dramatic Entrance","floor":24,"key":"SMITH"},{"floor":32,"key":"REST"},{"floor":41,"key":"RECALL"},{"floor":44,"key":"REST"},{"data":"Wish","floor":49,"key":"SMITH"},{"data":"Blasphemy","floor":52,"key":"SMITH"}],"circlet_count":0,"master_deck":["AscendersBane","Eruption+1","Vigilance+1","EmptyFist","Dramatic Entrance+1","CrushJoints+1","Tantrum+1","Evaluate+1","Meditate+1","LessonLearned+1","WheelKick+1","Protect+1","DeceiveReality+1","DeusExMachina+1","Pray","Wallop+1","Study+1","DeceiveReality+1","Establishment","CarveReality","Dramatic Entrance+1","SandsOfTime+1","Protect+1","ReachHeaven+1","Adaptation","Blasphemy+1","Wish+1","LikeWater+1","Worship+1","Wish","Dark Shackles"],"relics":["HolyWater","Old Coin","Bloody Idol","TungstenRod","Ornamental Fan","Orrery","Pandora\u0027s Box","Red Mask","White Beast Statue","Pocketwatch","Bottled Flame","Torii","Pen Nib","Kunai","Nunchaku","Bag of Preparation","Frozen Eye","Centennial Puzzle","Bag of Marbles","Anchor"],"acts_visited":["Exordium","TheCity","TheBeyond","TheEnding"],"potions_floor_usage":[8,8,14,16,23,27,28,33,40,42,50,50,55],"damage_taken":[{"damage":2,"enemies":"Cultist","floor":1,"turns":3},{"damage":0,"enemies":"2 Louse","floor":4,"turns":1},{"damage":5,"enemies":"Small Slimes","floor":5,"turns":2},{"damage":0,"enemies":"3 Sentries","floor":8,"turns":4},{"damage":0,"enemies":"Exordium Wildlife","floor":11,"turns":1},{"damage":0,"enemies":"Blue Slaver","floor":13,"turns":1},{"damage":0,"enemies":"Red Slaver","floor":14,"turns":1},{"damage":18,"enemies":"Hexaghost","floor":16,"turns":7},{"damage":12,"enemies":"2 Thieves","floor":18,"turns":3},{"damage":14,"enemies":"Masked Bandits","floor":21,"turns":5},{"damage":0,"enemies":"Gremlin Leader","floor":23,"turns":4},{"damage":0,"enemies":"Spheric Guardian","floor":25,"turns":1},{"damage":2,"enemies":"Colosseum Slavers","floor":27,"turns":6},{"damage":9,"enemies":"Colosseum Nobs","floor":27,"turns":4},{"damage":5,"enemies":"Book of Stabbing","floor":28,"turns":3},{"damage":0,"enemies":"Centurion and Healer","floor":29,"turns":2},{"damage":34,"enemies":"Slavers","floor":30,"turns":4},{"damage":0,"enemies":"Snecko","floor":31,"turns":5},{"damage":0,"enemies":"Automaton","floor":33,"turns":9},{"damage":0,"enemies":"3 Darklings","floor":35,"turns":2},{"damage":0,"enemies":"Orb Walker","floor":38,"turns":2},{"damage":6,"enemies":"Sphere and 2 Shapes","floor":39,"turns":5},{"damage":26,"enemies":"Giant Head","floor":40,"turns":7},{"damage":31,"enemies":"Nemesis","floor":42,"turns":5},{"damage":0,"enemies":"Jaw Worm Horde","floor":46,"turns":1},{"damage":0,"enemies":"4 Shapes","floor":47,"turns":2},{"damage":3,"enemies":"Sphere and 2 Shapes","floor":48,"turns":1},{"damage":14,"enemies":"Time Eater","floor":50,"turns":7},{"damage":0,"enemies":"Shield and Spear","floor":54,"turns":1},{"damage":80,"enemies":"The Heart","floor":55,"turns":6}],"seed_played":"3804927210390085899","potions_obtained":[{"floor":4,"key":"FearPotion"},{"floor":5,"key":"DistilledChaos"},{"floor":8,"key":"FearPotion"},{"floor":11,"key":"Block Potion"},{"floor":16,"key":"Weak Potion"},{"floor":21,"key":"LiquidBronze"},{"floor":22,"key":"BottledMiracle"},{"floor":23,"key":"PowerPotion"},{"floor":27,"key":"DistilledChaos"},{"floor":28,"key":"Energy Potion"},{"floor":29,"key":"Ambrosia"},{"floor":31,"key":"CultistPotion"},{"floor":33,"key":"Regen Potion"},{"floor":35,"key":"PowerPotion"},{"floor":39,"key":"BottledMiracle"},{"floor":40,"key":"AttackPotion"},{"floor":42,"key":"BottledMiracle"},{"floor":48,"key":"DistilledChaos"},{"floor":54,"key":"Explosive Potion"}],"is_trial":false,"path_per_floor":["M","$","?","M","M","?","R","E","T","$","M","R","M","M","R","B",null,"M","?","$","?","?","E","R","M","T","?","E","M","E","M","R","B",null,"M","?","?","M","M","E","R","E","T","R","$","M","M","M","R","B",null,"R","$","E","B"],"character_chosen":"WATCHER","items_purchased":["Dramatic Entrance","CrushJoints","DuplicationPotion","Orrery","Dramatic Entrance","Frozen Eye","Centennial Puzzle","Wish","Bag of Marbles","Ambrosia","Dark Shackles"],"campfire_rested":2,"item_purchase_floors":[2,2,2,10,20,45,45,53,53,53,53],"current_hp_per_floor":[59,59,48,48,43,43,43,43,43,43,43,43,43,43,43,25,54,42,42,42,33,33,38,38,43,43,37,37,42,13,18,36,41,58,63,63,63,63,63,47,47,26,26,44,44,49,54,56,56,42,58,58,58,63,0,0],"gold":41,"neow_bonus":"ONE_RARE_RELIC","is_daily":false,"chose_seed":false,"campfire_upgraded":6,"win_rate":0.0,"timestamp":1611975276,"path_taken":["M","$","?","M","M","?","R","E","T","$","M","R","M","M","R","BOSS","M","?","$","?","?","E","R","?","T","?","E","M","E","M","R","BOSS","M","?","?","M","?","E","R","E","T","R","$","M","M","M","R","BOSS","R","$","E","BOSS"],"items_purchased_type":["Card","Card","Potion","Relic","Card","Relic","Relic","Card","Relic","Potion","Card"],"build_version":"2020-12-22","purchased_purges":3,"victory":false,"max_hp_per_floor":[68,68,68,68,68,63,63,63,63,63,63,63,63,63,63,63,63,63,63,63,63,63,63,63,63,63,63,63,63,63,63,63,63,63,63,63,63,63,63,63,63,63,63,63,63,63,63,63,63,63,63,63,63,63,63,63],"relic_stats":{"Torii":50,"counters":[30,105],"Pen Nib":[9],"Bag of Preparation":[12],"Nunchaku":[3],"Centennial Puzzle":[8],"Ornamental Fan":[136],"Bloody Idol":96,"Pandora\u0027s Box":["Pray","Wallop","Study","DeceiveReality","Establishment","Weave","Crescendo"],"Kunai":[10],"obtain_stats":[{"Torii":28,"Golden Idol":6,"Pen Nib":30,"Bag of Preparation":43,"White Beast Statue":23,"Old Coin":0,"Frozen Eye":45,"Bottled Flame":27,"Nunchaku":42,"Centennial Puzzle":45,"Anchor":54,"Ornamental Fan":9,"Bloody Idol":19,"Orrery":10,"HolyWater":34,"Pandora\u0027s Box":17,"Red Mask":21,"Bag of Marbles":53,"Kunai":40,"PureWater":0,"TungstenRod":8,"Pocketwatch":27},{"Torii":15,"Golden Idol":3,"Pen Nib":17,"Bag of Preparation":24,"White Beast Statue":11,"Old Coin":0,"Frozen Eye":24,"Bottled Flame":14,"Nunchaku":24,"Centennial Puzzle":24,"Anchor":29,"Ornamental Fan":4,"Bloody Idol":9,"Orrery":4,"HolyWater":19,"Pandora\u0027s Box":8,"Red Mask":10,"Bag of Marbles":28,"Kunai":23,"PureWater":0,"TungstenRod":4,"Pocketwatch":14},{"Torii":46,"Golden Idol":6,"Pen Nib":52,"Bag of Preparation":87,"White Beast Statue":32,"Old Coin":0,"Frozen Eye":87,"Bottled Flame":43,"Nunchaku":87,"Centennial Puzzle":87,"Anchor":99,"Ornamental Fan":10,"Bloody Idol":23,"Orrery":10,"HolyWater":66,"Pandora\u0027s Box":20,"Red Mask":28,"Bag of Marbles":98,"Kunai":82,"PureWater":0,"TungstenRod":10,"Pocketwatch":43}],"TungstenRod":60,"Pocketwatch":[24]},"card_choices":[{"not_picked":["ThirdEye","Perseverance"],"picked":"EmptyFist","floor":1},{"not_picked":["Adaptation","Pray"],"picked":"Tantrum","floor":4},{"not_picked":["Vengeance","Prostrate"],"picked":"Evaluate","floor":5},{"not_picked":["JustLucky","Establishment"],"picked":"Meditate","floor":8},{"not_picked":["LikeWater","Establishment"],"picked":"LessonLearned","floor":10},{"not_picked":["FlurryOfBlows","Halt"],"picked":"WheelKick","floor":10},{"not_picked":["Pray","SashWhip"],"picked":"Protect","floor":10},{"not_picked":["SignatureMove","PathToVictory"],"picked":"DeceiveReality","floor":14},{"not_picked":["Brilliance","Alpha"],"picked":"DeusExMachina","floor":16},{"not_picked":["Crescendo","SignatureMove"],"picked":"CarveReality","floor":18},{"not_picked":["Swivel","PathToVictory"],"picked":"SandsOfTime+1","floor":23},{"not_picked":["ClearTheMind","Crescendo"],"picked":"Protect","floor":25},{"not_picked":["BowlingBash","Fasting2"],"picked":"ReachHeaven+1","floor":27},{"not_picked":["EmptyFist","FlurryOfBlows"],"picked":"Adaptation","floor":28},{"not_picked":["ThirdEye","Tantrum"],"picked":"Blasphemy","floor":29},{"not_picked":["Blasphemy","SpiritShield"],"picked":"Wish","floor":33},{"not_picked":["CarveReality","BowlingBash+1"],"picked":"LikeWater+1","floor":38},{"not_picked":["Halt","DeceiveReality"],"picked":"Worship+1","floor":48}],"player_experience":1243471,"relics_obtained":[{"floor":8,"key":"TungstenRod"},{"floor":9,"key":"Ornamental Fan"},{"floor":21,"key":"Red Mask"},{"floor":23,"key":"White Beast Statue"},{"floor":27,"key":"Pocketwatch"},{"floor":27,"key":"Bottled Flame"},{"floor":28,"key":"Torii"},{"floor":30,"key":"Pen Nib"},{"floor":40,"key":"Kunai"},{"floor":42,"key":"Nunchaku"},{"floor":43,"key":"Bag of Preparation"},{"floor":54,"key":"Anchor"}],"event_choices":[{"damage_healed":0,"gold_gain":75,"player_choice":"Gather Gold","damage_taken":11,"max_hp_gain":0,"max_hp_loss":0,"event_name":"World of Goop","floor":3,"gold_loss":0},{"damage_healed":0,"gold_gain":0,"player_choice":"Lose Max HP","damage_taken":0,"relics_obtained":["Golden Idol"],"max_hp_gain":0,"max_hp_loss":5,"event_name":"Golden Idol","floor":6,"gold_loss":0},{"damage_healed":0,"gold_gain":0,"player_choice":"Gave Idol","damage_taken":0,"relics_obtained":["Bloody Idol"],"max_hp_gain":0,"max_hp_loss":0,"event_name":"Forgotten Altar","floor":19,"relics_lost":["Golden Idol"],"gold_loss":0},{"damage_healed":0,"gold_gain":0,"player_choice":"Fought Bandits","damage_taken":0,"max_hp_gain":0,"max_hp_loss":0,"event_name":"Masked Bandits","floor":21,"gold_loss":0},{"damage_healed":0,"gold_gain":0,"player_choice":"Got Potions","damage_taken":0,"max_hp_gain":0,"max_hp_loss":0,"event_name":"Lab","floor":22,"gold_loss":0},{"damage_healed":0,"gold_gain":0,"player_choice":"Fight","damage_taken":0,"max_hp_gain":0,"max_hp_loss":0,"event_name":"Colosseum","floor":27,"gold_loss":0},{"damage_healed":0,"gold_gain":0,"player_choice":"Fought Nobs","damage_taken":0,"max_hp_gain":0,"max_hp_loss":0,"event_name":"Colosseum","floor":27,"gold_loss":0},{"damage_healed":0,"gold_gain":222,"player_choice":"Wore Mask","damage_taken":0,"max_hp_gain":0,"max_hp_loss":0,"event_name":"Tomb of Lord Red Mask","floor":36,"gold_loss":0},{"damage_healed":0,"gold_gain":0,"player_choice":"0 cards matched","damage_taken":0,"max_hp_gain":0,"max_hp_loss":0,"event_name":"Match and Keep!","floor":37,"gold_loss":0,"cards_obtained":[]}],"is_beta":false,"boss_relics":[{"not_picked":["Runic Pyramid","Tiny House"],"picked":"Pandora\u0027s Box"},{"not_picked":["Runic Dome","Sozu"],"picked":"HolyWater"}],"items_purged_floors":[2,20,45],"is_endless":false,"potions_floor_spawned":[4,5,8,11,16,21,23,25,27,27,28,29,30,31,33,35,38,39,40,42,46,47,48,54],"killed_by":"The Heart","ascension_level":14}}