{"host":"o1scrl1hgy598kuq","time":1611993207,"event":{"mods":["BaseMod","Colored Map","Colored Powertips","Minty Spire (QoL Compilation)","Remilia??????","Replay The Spire","Shop Mod","StSLib","The Jungle","The Marked","The Servant 0.9.4"],"gold_per_floor":[114,114,132,144,69,69,119,131,143,246,273,314,151,171,171,171,171,86,37,37,50,50,50,84,103,127,179,196,5,5,38,38,135,135,152,152,8,19,36,65,81,52,106,106,106],"floor_reached":44,"language":"ENG","playtime":3543,"items_purged":["Strike_S","ReplayTheSpireMod:Splinters","Defend_S","ReplayTheSpireMod:Restless Dread","Shame","Amnesia"],"score":651,"play_id":"2ef3ba00-35d8-411e-b420-7df2e97ac9bb","local_time":"20210130015327","is_ascension_mode":true,"campfire_choices":[{"data":"Replace","floor":6,"key":"SMITH"},{"data":"Potential","floor":8,"key":"SMITH"},{"floor":15,"key":"REST"},{"data":"BottledTime","floor":23,"key":"SMITH"},{"floor":30,"key":"REST"},{"floor":32,"key":"REST"}],"circlet_count":0,"master_deck":["Exchange+1","Potential+1","TimeWarp","Replace+1","BottledTime+1","Clumsy","Advance+1","Clumsy","Defy+1","Defy+1","Advance+1","DualDimension","Luminosity","ShiftingGears+1","ShiftingGears+1","MurderousAura+1","ShatteredReality+1","BestPractice+1","FanOfKnives+1","Panache+1","Luminosity+1","Replace+1","ReplayTheSpireMod:Splinters","Replace+1"],"relics":["Uniform","Ring of Greed","Golden Egg","Ring of Fury","MerchantsRug","Bronze Scales","FaceOfCleric","PreservedInsect"],"acts_visited":["Exordium","TheCity","TheBeyond"],"potions_floor_usage":[14,28,35,40,42,44],"damage_taken":[{"damage":0,"enemies":"Cultist","floor":1,"turns":4},{"damage":0,"enemies":"2 Louse","floor":3,"turns":2},{"damage":0,"enemies":"Small Slimes","floor":4,"turns":3},{"damage":11,"enemies":"2 Fungi Beasts","floor":11,"turns":3},{"damage":24,"enemies":"Gremlin Nob","floor":12,"turns":4},{"damage":0,"enemies":"Exordium Thugs","floor":14,"turns":2},{"damage":38,"enemies":"Hexaghost","floor":16,"turns":10},{"damage":2,"enemies":"Shell Parasite","floor":18,"turns":3},{"damage":6,"enemies":"2 Thieves","floor":21,"turns":3},{"damage":43,"enemies":"Book of Stabbing","floor":24,"turns":6},{"damage":3,"enemies":"Snecko","floor":25,"turns":5},{"damage":6,"enemies":"Sentry and Sphere","floor":28,"turns":5},{"damage":17,"enemies":"Replay:Snechameleon","floor":31,"turns":5},{"damage":28,"enemies":"Automaton","floor":33,"turns":10},{"damage":2,"enemies":"3 Shapes","floor":35,"turns":3},{"damage":9,"enemies":"3 Darklings","floor":38,"turns":3},{"damage":0,"enemies":"Transient","floor":39,"turns":5},{"damage":37,"enemies":"Reptomancer","floor":40,"turns":5},{"damage":0,"enemies":"4 Shapes","floor":41,"turns":3},{"damage":66,"enemies":"Nemesis","floor":44,"turns":4}],"seed_played":"-2998541126407281124","potions_obtained":[{"floor":4,"key":"Energy Potion"},{"floor":12,"key":"SteroidPotion"},{"floor":16,"key":"Strength Potion"},{"floor":24,"key":"EssenceOfSteel"},{"floor":33,"key":"Block Potion"},{"floor":40,"key":"Fruit Juice"},{"floor":41,"key":"Dexterity Potion"}],"is_trial":false,"path_per_floor":["M","?","M","M","$","R","?","R","T","?","M","E","$","M","R","B",null,"M","$","?","M","$","R","E","M","T","T","M","$","R","E","R","B",null,"M","?","$","M","M","E","M","$","T","E"],"character_chosen":"THE_SERVANT","items_purchased":["MerchantsRug","Defy","Bronze Scales","ShiftingGears"],"campfire_rested":3,"item_purchase_floors":[13,19,19,29],"current_hp_per_floor":[71,71,71,71,71,71,71,71,71,54,45,23,23,25,46,10,71,69,69,69,64,64,64,22,20,20,20,15,15,37,21,43,16,77,76,66,66,58,59,23,24,29,29,0,0],"gold":106,"neow_bonus":"TEN_PERCENT_HP_BONUS","is_daily":false,"chose_seed":false,"campfire_upgraded":3,"win_rate":0.0,"timestamp":1611993207,"path_taken":["M","?","?","M","$","R","?","R","T","?","M","E","$","M","R","BOSS","M","$","?","M","?","R","E","M","T","?","M","$","R","E","R","BOSS","M","?","$","M","M","E","M","$","T","E"],"items_purchased_type":["Relic","Card","Relic","Card"],"build_version":"2020-12-22","purchased_purges":6,"victory":false,"max_hp_per_floor":[71,71,71,71,71,71,71,71,71,71,71,71,71,71,71,71,71,71,71,71,72,72,72,73,74,74,74,75,75,75,76,76,77,77,78,78,78,79,80,81,82,87,87,87,87],"card_choices":[{"not_picked":["FanOfKnives","Unruled"],"picked":"Potential","floor":1},{"not_picked":["DoubleEdge","Rewind"],"picked":"TimeWarp","floor":3},{"not_picked":["SurpressingFire","Spin"],"picked":"Replace","floor":4},{"not_picked":["Starlight","Ricochet","DoubleEdge"],"picked":"SKIP","floor":11},{"not_picked":["Rearm","Initiator"],"picked":"BottledTime","floor":12},{"not_picked":["Defy","Revamp","DoubleEdge"],"picked":"SKIP","floor":14},{"not_picked":["TheWorld","Initiator"],"picked":"SilverMatrix","floor":16},{"not_picked":["Moondial","Rearm"],"picked":"Advance+1","floor":18},{"not_picked":["DoubleEdge","Shuttle"],"picked":"Advance+1","floor":21},{"not_picked":["Replace","Unruled"],"picked":"DualDimension","floor":24},{"not_picked":["Alleviate","Unruled","Snipe+1"],"picked":"SKIP","floor":25},{"not_picked":["Spin","Ricochet+1"],"picked":"Luminosity","floor":28},{"not_picked":["ReturningBlade","Revamp","FastForward+1"],"picked":"SKIP","floor":31},{"not_picked":["TrueSight","FlawlessForm"],"picked":"MurderousAura","floor":33},{"not_picked":["BestPractice+1","Unruled","Ricochet+1"],"picked":"SKIP","floor":35},{"not_picked":["Impatience","Replay:BasicMightCard"],"picked":"Panache","floor":36},{"not_picked":["InstantArmor","Rewind+1"],"picked":"Luminosity+1","floor":38},{"not_picked":["Unruled","BottledTime"],"picked":"Replace+1","floor":39},{"not_picked":["Deadline+1","MoonPhase+1","Orbit+1"],"picked":"SKIP","floor":40},{"not_picked":["Unruled","Revamp"],"picked":"Replace+1","floor":41}],"player_experience":240785,"relics_obtained":[{"floor":7,"key":"Ring of Greed"},{"floor":7,"key":"Golden Egg"},{"floor":7,"key":"MawBank"},{"floor":7,"key":"Ring of Fury"},{"floor":9,"key":"Blood Vial"},{"floor":10,"key":"ScarletDevilRocket"},{"floor":12,"key":"Bird Faced Urn"},{"floor":24,"key":"Tiny Chest"},{"floor":26,"key":"Potion Belt"},{"floor":31,"key":"Ginger"},{"floor":40,"key":"Garlic"},{"floor":43,"key":"PreservedInsect"}],"event_choices":[{"damage_healed":0,"gold_gain":0,"player_choice":"Upgraded","damage_taken":0,"max_hp_gain":0,"max_hp_loss":0,"event_name":"Upgrade Shrine","floor":2,"gold_loss":0,"cards_upgraded":["Exchange"]},{"damage_healed":0,"gold_gain":0,"player_choice":"Trade","damage_taken":0,"relics_obtained":["FaceOfCleric"],"max_hp_gain":0,"max_hp_loss":0,"event_name":"FaceTrader","floor":20,"gold_loss":0},{"damage_healed":0,"gold_gain":0,"player_choice":"Memory 3","damage_taken":10,"max_hp_gain":0,"max_hp_loss":0,"event_name":"SensoryStone","floor":36,"gold_loss":0}],"is_beta":false,"boss_relics":[{"not_picked":["MysterySword","Replay:Bronze Core"],"picked":"Kintsugi"},{"not_picked":["Replay:Wanted Poster","SacredBark"],"picked":"Astrolabe"}],"items_purged_floors":[5,13,19,29,37,42],"is_endless":false,"potions_floor_spawned":[4,12,16,24,33,40,41],"killed_by":"Nemesis","ascension_level":4}}