{"host":"syozzdlzcqop4jia","time":1611987930,"event":{"mods":["BaseMod","Colored Map","Colored Powertips","Minty Spire (QoL Compilation)","Quick Restart"],"gold_per_floor":[116,133,143,160,172,197,197,214,241,241,261,261,261,261,261,365,365,376,390,390,305,285,312,312,346,346,359,369,369,389,402,402,402,402],"floor_reached":33,"language":"ENG","playtime":1928,"items_purged":[],"score":385,"play_id":"f9612261-88a7-4255-904f-f56be154a21e","local_time":"20210130072530","is_ascension_mode":true,"campfire_choices":[{"floor":7,"key":"REST"},{"floor":10,"key":"REST"},{"floor":13,"key":"REST"},{"data":"Carnage","floor":15,"key":"SMITH"},{"floor":24,"key":"REST"},{"floor":32,"key":"REST"}],"circlet_count":0,"master_deck":["Strike_R","Strike_R","Strike_R","Strike_R","Defend_R","Defend_R","Defend_R","Bash","Perfected Strike","Heavy Blade","Flex","Iron Wave","Feed","Blood for Blood","Flex","Carnage+1","Headbutt","Flex","Offering","Carnage","Clothesline","Flex+1","Clothesline+1","Anger","Wild Strike","Anger+1","Shrug It Off","Cleave"],"relics":["Burning Blood","TungstenRod","Dream Catcher","The Courier","Mark of Pain","Art of War","Akabeko","Meat on the Bone","Mummified Hand"],"acts_visited":["Exordium","TheCity"],"potions_floor_usage":[6,23,23,25,27,30],"damage_taken":[{"damage":10,"enemies":"Cultist","floor":1,"turns":5},{"damage":0,"enemies":"2 Louse","floor":2,"turns":2},{"damage":6,"enemies":"Small Slimes","floor":3,"turns":3},{"damage":8,"enemies":"3 Louse","floor":4,"turns":3},{"damage":7,"enemies":"Looter","floor":5,"turns":4},{"damage":55,"enemies":"3 Sentries","floor":6,"turns":9},{"damage":22,"enemies":"Exordium Thugs","floor":8,"turns":6},{"damage":0,"enemies":"3 Louse","floor":11,"turns":2},{"damage":66,"enemies":"The Guardian","floor":16,"turns":8},{"damage":46,"enemies":"3 Byrds","floor":18,"turns":7},{"damage":0,"enemies":"Spheric Guardian","floor":19,"turns":2},{"damage":26,"enemies":"Slavers","floor":23,"turns":5},{"damage":33,"enemies":"Gremlin Leader","floor":25,"turns":6},{"damage":5,"enemies":"Snake Plant","floor":27,"turns":1},{"damage":10,"enemies":"Chosen and Byrds","floor":28,"turns":4},{"damage":5,"enemies":"Centurion and Healer","floor":30,"turns":3},{"damage":21,"enemies":"3 Cultists","floor":31,"turns":5},{"damage":0,"enemies":"Automaton","floor":33,"turns":1}],"seed_played":"-686299140833623004","potions_obtained":[{"floor":1,"key":"Fire Potion"},{"floor":5,"key":"Dexterity Potion"},{"floor":6,"key":"Dexterity Potion"},{"floor":19,"key":"Block Potion"},{"floor":22,"key":"SteroidPotion"},{"floor":23,"key":"SkillPotion"},{"floor":25,"key":"Regen Potion"},{"floor":28,"key":"Explosive Potion"}],"is_trial":false,"path_per_floor":["M","M","M","M","M","E","R","M","T","R","M","?","R","?","R","B",null,"M","M","?","?","?","E","R","E","T","M","M","?","M","M","R","B"],"character_chosen":"IRONCLAD","items_purchased":[],"campfire_rested":5,"item_purchase_floors":[],"current_hp_per_floor":[76,80,80,78,77,28,52,36,36,60,69,74,88,86,86,26,88,48,57,40,40,40,20,48,21,21,34,42,42,55,55,84,84,84],"gold":402,"neow_bonus":"REMOVE_CARD","is_daily":false,"chose_seed":false,"campfire_upgraded":1,"win_rate":0.0,"timestamp":1611987930,"path_taken":["M","M","M","M","M","E","R","M","T","R","M","?","R","?","R","BOSS","M","M","?","?","?","E","R","E","T","M","?","?","M","M","R","BOSS"],"items_purchased_type":[],"build_version":"2020-12-22","purchased_purges":0,"victory":false,"max_hp_per_floor":[80,80,80,80,80,80,80,80,80,80,83,88,88,88,88,88,88,88,91,96,96,96,96,96,96,96,96,96,96,96,99,99,99,99],"card_choices":[{"not_picked":["Infernal Blade","Sword Boomerang"],"picked":"Perfected Strike","floor":1},{"not_picked":["True Grit","Dropkick"],"picked":"Heavy Blade","floor":2},{"not_picked":["True Grit","Clash"],"picked":"Flex","floor":3},{"not_picked":["Thunderclap","Sentinel"],"picked":"Iron Wave","floor":4},{"not_picked":["Havoc","Clothesline"],"picked":"Feed","floor":5},{"not_picked":["Power Through","Armaments"],"picked":"Blood for Blood","floor":6},{"not_picked":["True Grit","Evolve"],"picked":"Flex","floor":8},{"not_picked":["Power Through","Wild Strike"],"picked":"Carnage","floor":10},{"not_picked":["Dual Wield","Blood for Blood"],"picked":"Headbutt","floor":11},{"not_picked":["Power Through","Twin Strike"],"picked":"Flex","floor":13},{"not_picked":["Exhume","Juggernaut"],"picked":"Offering","floor":16},{"not_picked":["Combust","Cleave"],"picked":"Carnage","floor":18},{"not_picked":["True Grit","Spot Weakness"],"picked":"Clothesline","floor":19},{"not_picked":["Reckless Charge","Sword Boomerang"],"picked":"Flex+1","floor":23},{"not_picked":["Armaments","Wild Strike"],"picked":"Clothesline+1","floor":25},{"not_picked":["Sentinel","Bloodletting"],"picked":"Anger","floor":27},{"not_picked":["Combust+1","Evolve"],"picked":"Wild Strike","floor":28},{"not_picked":["Warcry","Disarm+1"],"picked":"Anger+1","floor":30},{"not_picked":["Battle Trance+1","Flex"],"picked":"Shrug It Off","floor":31},{"not_picked":["Clothesline","Rupture"],"picked":"Cleave","floor":32}],"player_experience":434288,"relics_obtained":[{"floor":6,"key":"TungstenRod"},{"floor":9,"key":"Dream Catcher"},{"floor":23,"key":"Akabeko"},{"floor":25,"key":"Meat on the Bone"},{"floor":26,"key":"Mummified Hand"}],"event_choices":[{"damage_healed":0,"gold_gain":0,"player_choice":"Donut","damage_taken":0,"max_hp_gain":5,"max_hp_loss":0,"event_name":"Big Fish","floor":12,"gold_loss":0},{"damage_healed":0,"gold_gain":0,"player_choice":"Success","damage_taken":3,"relics_obtained":["The Courier"],"max_hp_gain":0,"max_hp_loss":0,"event_name":"Scrap Ooze","floor":14,"gold_loss":0},{"damage_healed":0,"gold_gain":0,"player_choice":"Shed Blood","damage_taken":23,"max_hp_gain":5,"max_hp_loss":0,"event_name":"Forgotten Altar","floor":20,"gold_loss":0},{"damage_healed":0,"gold_gain":0,"player_choice":"Obtained Relic","damage_taken":0,"relics_obtained":["Art of War"],"max_hp_gain":0,"max_hp_loss":0,"event_name":"Addict","floor":21,"gold_loss":85},{"damage_healed":0,"gold_gain":0,"player_choice":"Bought 1 Potion","damage_taken":0,"max_hp_gain":0,"max_hp_loss":0,"event_name":"The Woman in Blue","floor":22,"gold_loss":0},{"cards_removed":["Strike_R"],"damage_healed":0,"gold_gain":0,"player_choice":"Purged","damage_taken":0,"max_hp_gain":0,"max_hp_loss":0,"event_name":"Purifier","floor":29,"gold_loss":0}],"is_beta":false,"boss_relics":[{"not_picked":["Runic Pyramid","Calling Bell"],"picked":"Mark of Pain"}],"items_purged_floors":[],"is_endless":false,"potions_floor_spawned":[1,5,6,19,23,25,28],"killed_by":"Automaton","ascension_level":3}}