{"host":"n43wxkei7kulhi8o","time":1611976759,"event":{"mods":["BaseMod","Bestiary","Block Reminder","Colored Map","Curses Come First","Custom Start","Highlight Path","Minty Spire (QoL Compilation)","Quick Restart","Relic Stats","StSLib"],"gold_per_floor":[117,117,42,42,61,91,91,110,110,110,143,160,160,173,173,271,271,284,284,314,95,108,108,127,127,127,127,127,158,158,158,158],"floor_reached":31,"language":"ENG","playtime":895,"items_purged":["Regret"],"score":261,"play_id":"e686a603-0c4c-4024-8aea-ae1bb5d1fbe9","local_time":"20210129221919","is_ascension_mode":false,"campfire_choices":[{"data":"Dualcast","floor":7,"key":"SMITH"},{"floor":10,"key":"REST"},{"data":"Loop","floor":15,"key":"SMITH"},{"data":"Defragment","floor":23,"key":"SMITH"},{"floor":25,"key":"REST"},{"data":"Thunder Strike","floor":27,"key":"SMITH"}],"circlet_count":0,"master_deck":["Strike_B","Strike_B+1","Strike_B","Strike_B","Defend_B","Defend_B","Defend_B","Defend_B+1","Zap+1","Dualcast+1","Melter","Conserve Battery","Ball Lightning","Ball Lightning","Loop+1","Thunder Strike+1","Defragment+1","BootSequence","Pain","Doom and Gloom"],"relics":["Black Star","Pantograph","Symbiotic Virus","Pen Nib","Gremlin Horn","Bottled Lightning","Nunchaku","Cursed Key","Ice Cream","Red Mask","Regal Pillow","Unceasing Top","Bird Faced Urn","Letter Opener","MutagenicStrength"],"acts_visited":["Exordium","TheCity"],"potions_floor_usage":[6,11,16,16,16,20,28],"damage_taken":[{"damage":1,"enemies":"Small Slimes","floor":1,"turns":4},{"damage":1,"enemies":"Jaw Worm","floor":5,"turns":3},{"damage":42,"enemies":"Lagavulin","floor":6,"turns":7},{"damage":6,"enemies":"Cultist","floor":8,"turns":3},{"damage":11,"enemies":"Gremlin Nob","floor":11,"turns":3},{"damage":2,"enemies":"3 Louse","floor":12,"turns":3},{"damage":0,"enemies":"Blue Slaver","floor":14,"turns":2},{"damage":16,"enemies":"The Guardian","floor":16,"turns":7},{"damage":26,"enemies":"2 Thieves","floor":18,"turns":4},{"damage":19,"enemies":"Masked Bandits","floor":20,"turns":4},{"damage":0,"enemies":"Chosen","floor":22,"turns":4},{"damage":18,"enemies":"Snecko","floor":24,"turns":5},{"damage":7,"enemies":"Colosseum Slavers","floor":28,"turns":3},{"damage":42,"enemies":"Slavers","floor":29,"turns":4},{"damage":5,"enemies":"3 Cultists","floor":31,"turns":2}],"seed_played":"969651888683983934","potions_obtained":[{"floor":5,"key":"Swift Potion"},{"floor":6,"key":"DistilledChaos"},{"floor":14,"key":"EntropicBrew"},{"floor":20,"key":"SteroidPotion"},{"floor":24,"key":"Fruit Juice"},{"floor":29,"key":"SpeedPotion"}],"is_trial":false,"path_per_floor":["M","?","$","?","M","E","R","M","T","R","E","M","?","M","R","B",null,"M","?","?","$","M","R","M","R","T","R","?","E","?","M"],"character_chosen":"DEFECT","items_purchased":["Defragment","Regal Pillow"],"campfire_rested":2,"item_purchase_floors":[21,21],"current_hp_per_floor":[74,74,74,74,73,31,31,25,25,47,36,34,19,19,19,43,75,49,49,30,30,30,30,12,49,49,49,47,5,5,0,0],"gold":158,"neow_bonus":"BOSS_RELIC","is_daily":false,"chose_seed":false,"campfire_upgraded":4,"win_rate":0.0,"timestamp":1611976759,"path_taken":["M","?","$","?","M","E","R","M","T","R","E","M","?","?","R","BOSS","M","?","?","?","M","R","?","R","T","R","?","E","?","M"],"items_purchased_type":["Card","Relic"],"build_version":"2020-12-22","purchased_purges":1,"victory":false,"max_hp_per_floor":[75,75,75,75,75,75,75,75,75,75,75,75,75,75,75,75,75,75,75,75,75,75,75,75,75,75,75,80,80,80,80,80],"relic_stats":{"Nunchaku":[6],"Regal Pillow":15,"Gremlin Horn":[9,9],"counters":[15,58],"Pantograph":25,"Bird Faced Urn":[0],"Pen Nib":[7],"Black Star":3,"Letter Opener":[0],"Cursed Key":1,"obtain_stats":[{"Ice Cream":19,"Regal Pillow":21,"Gremlin Horn":9,"Pen Nib":6,"Letter Opener":29,"Cursed Key":17,"Nunchaku":11,"Pantograph":2,"Bird Faced Urn":29,"MutagenicStrength":30,"Black Star":0,"Red Mask":20,"Bottled Lightning":11,"Cracked Core":0,"Symbiotic Virus":6,"Unceasing Top":26},{"Ice Cream":9,"Regal Pillow":10,"Gremlin Horn":4,"Pen Nib":3,"Letter Opener":14,"Cursed Key":8,"Nunchaku":5,"Pantograph":1,"Bird Faced Urn":14,"MutagenicStrength":14,"Black Star":0,"Red Mask":10,"Bottled Lightning":5,"Cracked Core":0,"Symbiotic Virus":3,"Unceasing Top":12},{"Ice Cream":36,"Regal Pillow":40,"Gremlin Horn":17,"Pen Nib":14,"Letter Opener":56,"Cursed Key":32,"Nunchaku":20,"Pantograph":4,"Bird Faced Urn":56,"MutagenicStrength":56,"Black Star":0,"Red Mask":40,"Bottled Lightning":20,"Cracked Core":0,"Symbiotic Virus":14,"Unceasing Top":49}],"Unceasing Top":[5]},"card_choices":[{"not_picked":["Compile Driver","Genetic Algorithm"],"picked":"Melter","floor":1},{"not_picked":["Reinforced Body","Static Discharge"],"picked":"Conserve Battery","floor":5},{"not_picked":["Auto Shields","Chaos"],"picked":"Ball Lightning","floor":6},{"not_picked":["Streamline","Barrage","Gash"],"picked":"SKIP","floor":8},{"not_picked":["Cold Snap","Turbo","Stack"],"picked":"SKIP","floor":11},{"not_picked":["Hyperbeam","Gash"],"picked":"Ball Lightning","floor":12},{"not_picked":["Turbo","Force Field"],"picked":"Loop","floor":14},{"not_picked":["Amplify","Hyperbeam"],"picked":"Thunder Strike","floor":16},{"not_picked":["Beam Cell","Steam","Turbo"],"picked":"SKIP","floor":18},{"not_picked":["Rebound","Compile Driver"],"picked":"BootSequence","floor":22},{"not_picked":["Rebound","Darkness+1","BootSequence"],"picked":"SKIP","floor":24},{"not_picked":["Beam Cell","Go for the Eyes"],"picked":"Doom and Gloom","floor":29}],"player_experience":662573,"relics_obtained":[{"floor":6,"key":"Symbiotic Virus"},{"floor":6,"key":"Pen Nib"},{"floor":9,"key":"Gremlin Horn"},{"floor":11,"key":"Bottled Lightning"},{"floor":11,"key":"Nunchaku"},{"floor":20,"key":"Red Mask"},{"floor":26,"key":"Unceasing Top"},{"floor":29,"key":"Bird Faced Urn"},{"floor":29,"key":"Letter Opener"}],"event_choices":[{"damage_healed":0,"gold_gain":0,"player_choice":"Box","damage_taken":0,"relics_obtained":["Pantograph"],"max_hp_gain":0,"max_hp_loss":0,"event_name":"Big Fish","floor":2,"gold_loss":0,"cards_obtained":["Regret"]},{"damage_healed":0,"gold_gain":0,"player_choice":"Grow","damage_taken":0,"max_hp_gain":0,"max_hp_loss":0,"event_name":"Living Wall","floor":4,"gold_loss":0,"cards_upgraded":["Zap"]},{"damage_healed":0,"gold_gain":0,"player_choice":"Entered Light","damage_taken":15,"max_hp_gain":0,"max_hp_loss":0,"event_name":"Shining Light","floor":13,"gold_loss":0,"cards_upgraded":["Defend_B","Strike_B"]},{"damage_healed":0,"gold_gain":0,"player_choice":"Opened","damage_taken":0,"relics_obtained":["Ice Cream"],"max_hp_gain":0,"max_hp_loss":0,"event_name":"The Mausoleum","floor":19,"gold_loss":0},{"damage_healed":0,"gold_gain":0,"player_choice":"Fought Bandits","damage_taken":0,"max_hp_gain":0,"max_hp_loss":0,"event_name":"Masked Bandits","floor":20,"gold_loss":0},{"damage_healed":0,"gold_gain":0,"player_choice":"Fight","damage_taken":0,"max_hp_gain":0,"max_hp_loss":0,"event_name":"Colosseum","floor":28,"gold_loss":0},{"damage_healed":0,"gold_gain":0,"player_choice":"Fled From Nobs","damage_taken":0,"max_hp_gain":0,"max_hp_loss":0,"event_name":"Colosseum","floor":28,"gold_loss":0},{"damage_healed":0,"gold_gain":0,"player_choice":"Inject Mutagens","damage_taken":0,"relics_obtained":["MutagenicStrength"],"max_hp_gain":0,"max_hp_loss":0,"event_name":"Drug Dealer","floor":30,"gold_loss":0}],"is_beta":false,"boss_relics":[{"not_picked":["Runic Dome","SacredBark"],"picked":"Cursed Key"}],"items_purged_floors":[3],"is_endless":false,"potions_floor_spawned":[5,6,14,20,24,29],"killed_by":"3 Cultists","ascension_level":0}}