{"host":"ypphcgdomtfqpc2w","time":1611999973,"event":{"mods":["BaseMod","DeckTracker","Minty Spire (QoL Compilation)","Relic Stats","StSLib"],"gold_per_floor":[126,3,32,53,78,78,121,121,121,121,145,304,304,339,339,339,339],"floor_reached":16,"language":"ENG","playtime":484,"items_purged":[],"score":250,"play_id":"580282b7-b99e-4156-99b3-6514df31e056","local_time":"20210130184613","is_ascension_mode":true,"campfire_choices":[{"data":"Whirlwind","floor":6,"key":"SMITH"},{"data":"True Grit","floor":8,"key":"SMITH"},{"data":"Bash","floor":10,"key":"SMITH"},{"data":"Anger","floor":15,"key":"SMITH"}],"circlet_count":0,"master_deck":["AscendersBane","Strike_R","Strike_R","Strike_R","Strike_R","Strike_R","Defend_R","Defend_R","Defend_R","Defend_R","Bash+1","True Grit+1","Whirlwind+1","Second Wind","Anger+1","Headbutt","Combust+1","Rupture+1","Doubt","Feel No Pain+1"],"relics":["Burning Blood","CeramicFish","Frozen Egg 2","Toxic Egg 2","HornCleat","Odd Mushroom"],"acts_visited":["Exordium"],"potions_floor_usage":[7,7,14],"damage_taken":[{"damage":7,"enemies":"Cultist","floor":1,"turns":4},{"damage":2,"enemies":"2 Louse","floor":3,"turns":3},{"damage":13,"enemies":"Small Slimes","floor":4,"turns":6},{"damage":14,"enemies":"Blue Slaver","floor":5,"turns":3},{"damage":0,"enemies":"3 Sentries","floor":7,"turns":1},{"damage":13,"enemies":"Exordium Wildlife","floor":11,"turns":4},{"damage":8,"enemies":"The Mushroom Lair","floor":14,"turns":3},{"damage":35,"enemies":"Slime Boss","floor":16,"turns":3}],"seed_played":"7094552590375222546","potions_obtained":[{"floor":4,"key":"Strength Potion"},{"floor":11,"key":"DistilledChaos"},{"floor":14,"key":"FearPotion"}],"is_trial":false,"path_per_floor":["M","$","M","M","M","R","E","R","T","R","M","?","?","?","R","B"],"character_chosen":"IRONCLAD","items_purchased":["Whirlwind","Energy Potion"],"campfire_rested":0,"item_purchase_floors":[2,2],"current_hp_per_floor":[67,67,71,64,56,56,62,62,62,62,55,55,37,35,35,0,0],"gold":339,"neow_bonus":"RANDOM_COMMON_RELIC","is_daily":false,"chose_seed":false,"campfire_upgraded":4,"win_rate":0.0,"timestamp":1611999973,"path_taken":["M","$","?","M","M","R","E","R","T","R","M","?","?","?","R","BOSS"],"items_purchased_type":["Card","Potion"],"build_version":"2020-12-22","purchased_purges":0,"victory":false,"max_hp_per_floor":[75,75,75,75,75,75,75,75,75,75,75,75,75,75,75,75,75],"relic_stats":{"counters":[8,27],"CeramicFish":81,"obtain_stats":[{"HornCleat":13,"CeramicFish":0,"Frozen Egg 2":7,"Toxic Egg 2":9,"Odd Mushroom":14,"Burning Blood":0},{"HornCleat":6,"CeramicFish":0,"Frozen Egg 2":5,"Toxic Egg 2":5,"Odd Mushroom":7,"Burning Blood":0},{"HornCleat":21,"CeramicFish":0,"Frozen Egg 2":17,"Toxic Egg 2":17,"Odd Mushroom":24,"Burning Blood":0}],"Burning Blood":42},"card_choices":[{"not_picked":["Spot Weakness","Intimidate"],"picked":"True Grit","floor":1},{"not_picked":["Hemokinesis","Thunderclap"],"picked":"Second Wind","floor":3},{"not_picked":["Entrench","True Grit"],"picked":"Anger","floor":4},{"not_picked":["Clash","Iron Wave"],"picked":"Headbutt","floor":5},{"not_picked":["Clothesline","Shockwave"],"picked":"Combust+1","floor":7},{"not_picked":["Havoc+1","Bloodletting+1"],"picked":"Rupture+1","floor":11},{"not_picked":["Flex+1","Clothesline"],"picked":"Feel No Pain+1","floor":14}],"player_experience":2124806,"relics_obtained":[{"floor":7,"key":"Frozen Egg 2"},{"floor":9,"key":"Toxic Egg 2"},{"floor":14,"key":"Odd Mushroom"}],"event_choices":[{"damage_healed":0,"gold_gain":150,"player_choice":"AGREE","damage_taken":0,"max_hp_gain":0,"max_hp_loss":0,"event_name":"Liars Game","floor":12,"gold_loss":0,"cards_obtained":["Doubt"]},{"damage_healed":0,"gold_gain":0,"player_choice":"Success","damage_taken":18,"relics_obtained":["HornCleat"],"max_hp_gain":0,"max_hp_loss":0,"event_name":"Scrap Ooze","floor":13,"gold_loss":0},{"damage_healed":0,"gold_gain":0,"player_choice":"Fought Mushrooms","damage_taken":0,"max_hp_gain":0,"max_hp_loss":0,"event_name":"Mushrooms","floor":14,"gold_loss":0}],"is_beta":false,"boss_relics":[],"items_purged_floors":[],"is_endless":false,"potions_floor_spawned":[4,5,11,14],"killed_by":"Slime Boss","ascension_level":20}}