{"host":"yx5rao87132cy5xq","time":1611980542,"event":{"mods":["2.2 Compatiblity","AchievementEnabler","BaseMod","Bestiary","Colored Map","Colored Powertips","Minty Spire (QoL Compilation)","Quick Restart","Relic Stats","Slay-I","SuperFastMode"],"gold_per_floor":[118,137,137,137,62,62,95,95,120,155,155,167,197,214,214,289,289,299,145,145,157,157,157,157],"floor_reached":23,"language":"ENG","playtime":834,"items_purged":["Strike_R"],"score":450,"play_id":"bb5f5135-e9ab-4ab0-a916-0093d7410a63","local_time":"20210130052222","is_ascension_mode":true,"campfire_choices":[{"data":"Bash","floor":6.0,"key":"SMITH"},{"data":"Armaments","floor":8.0,"key":"SMITH"},{"floor":11.0,"key":"REST"},{"floor":15.0,"key":"REST"}],"circlet_count":0,"master_deck":["AscendersBane","Strike_R","Strike_R","Defend_R","Defend_R","Defend_R","Defend_R","Bash+1","Inflame","Armaments+1","Reckless Charge","Sword Boomerang","Barricade","Sword Boomerang","Bludgeon","Inflame","Impervious","Feel No Pain","Disarm","True Grit","Spot Weakness","Shrug It Off"],"relics":["Burning Blood","Bag of Marbles","Happy Flower","Boot","Sundial","Omamori","SlaversCollar"],"acts_visited":["Exordium","TheCity"],"potions_floor_usage":[16],"damage_taken":[{"damage":2.0,"enemies":"2 Louse","floor":1.0,"turns":2.0},{"damage":7.0,"enemies":"Jaw Worm","floor":2.0,"turns":3.0},{"damage":40.0,"enemies":"3 Sentries","floor":7.0,"turns":10.0},{"damage":8.0,"enemies":"Gremlin Nob","floor":10.0,"turns":3.0},{"damage":3.0,"enemies":"Small Slimes","floor":12.0,"turns":3.0},{"damage":42.0,"enemies":"3 Sentries","floor":13.0,"turns":7.0},{"damage":8.0,"enemies":"Blue Slaver","floor":14.0,"turns":2.0},{"damage":0,"enemies":"Slime Boss","floor":16,"turns":5},{"damage":34,"enemies":"3 Byrds","floor":18,"turns":5},{"damage":26,"enemies":"Chosen","floor":21,"turns":8},{"damage":22,"enemies":"Slavers","floor":23,"turns":2}],"seed_played":"-9178224622666669481","potions_obtained":[{"floor":1.0,"key":"Strength Potion"},{"floor":2.0,"key":"SteroidPotion"},{"floor":10.0,"key":"Swift Potion"},{"floor":12.0,"key":"Fruit Juice"},{"floor":18,"key":"SteroidPotion"}],"is_trial":false,"path_per_floor":["M","M","?","?","$","R","E","R","T","E","R","M","E","M","R","B",null,"M","$","?","M","?","E"],"character_chosen":"IRONCLAD","items_purchased":["Reckless Charge","Disarm"],"campfire_rested":2,"item_purchase_floors":[5,19],"current_hp_per_floor":[72,71,71,71,71,71,37,37,37,35,57,60,24,22,44,50,69,41,41,41,21,21,0,0],"gold":157,"neow_bonus":"RANDOM_COMMON_RELIC","is_daily":false,"chose_seed":false,"campfire_upgraded":2,"win_rate":0.0,"timestamp":1611980542,"path_taken":["M","M","?","?","?","R","E","R","T","E","R","M","E","M","R","BOSS","M","$","?","M","?","E"],"items_purchased_type":["Card","Card"],"build_version":"2020-12-22","purchased_purges":1,"victory":false,"max_hp_per_floor":[75,75,75,75,75,75,75,75,75,75,75,75,75,75,75,75,75,75,75,75,75,75,75,75],"relic_stats":{"Happy Flower":[11],"counters":[11,50],"Sundial":[2],"Boot":[37],"obtain_stats":[{"SlaversCollar":17,"Happy Flower":7,"Sundial":10,"Bag of Marbles":0,"Omamori":13,"Boot":9,"Burning Blood":0},{"SlaversCollar":8,"Happy Flower":3,"Sundial":4,"Bag of Marbles":0,"Omamori":6,"Boot":3,"Burning Blood":0},{"SlaversCollar":35,"Happy Flower":15,"Sundial":18,"Bag of Marbles":0,"Omamori":28,"Boot":15,"Burning Blood":0}],"Burning Blood":60},"card_choices":[{"not_picked":["Burning Pact","Clash"],"picked":"Inflame","floor":1.0},{"not_picked":["Warcry","Shockwave"],"picked":"Armaments","floor":2.0},{"not_picked":["Perfected Strike","Armaments"],"picked":"Sword Boomerang","floor":7.0},{"not_picked":["Infernal Blade","Cleave"],"picked":"Barricade","floor":10.0},{"not_picked":["Dual Wield","Hemokinesis"],"picked":"Sword Boomerang","floor":12.0},{"not_picked":["Armaments","Perfected Strike"],"picked":"Bludgeon","floor":13.0},{"not_picked":["Body Slam","Clothesline"],"picked":"Inflame","floor":14.0},{"not_picked":["Demon Form","Brutality"],"picked":"Impervious","floor":16},{"not_picked":["Anger","Body Slam"],"picked":"Feel No Pain","floor":18},{"not_picked":["Dark Embrace","Thunderclap"],"picked":"Shrug It Off","floor":21}],"player_experience":908628,"relics_obtained":[{"floor":7.0,"key":"Happy Flower"},{"floor":9.0,"key":"Boot"},{"floor":10.0,"key":"Sundial"},{"floor":13.0,"key":"Omamori"}],"event_choices":[{"damage_healed":0.0,"max_hp_gain":0.0,"max_hp_loss":0.0,"gold_gain":0.0,"event_name":"Liars Game","player_choice":"Ignored","floor":3.0,"gold_loss":0.0,"damage_taken":0.0},{"damage_healed":0.0,"max_hp_gain":0.0,"max_hp_loss":0.0,"gold_gain":0.0,"event_name":"Shining Light","player_choice":"Ignored","floor":4.0,"gold_loss":0.0,"damage_taken":0.0},{"damage_healed":0,"gold_gain":0,"cards_transformed":["Strike_R","Strike_R"],"player_choice":"Became Test Subject","damage_taken":0,"max_hp_gain":0,"max_hp_loss":0,"event_name":"Drug Dealer","floor":20,"gold_loss":0,"cards_obtained":["True Grit","Spot Weakness"]},{"damage_healed":0,"gold_gain":0,"player_choice":"Ignored","damage_taken":0,"max_hp_gain":0,"max_hp_loss":0,"event_name":"Vampires","floor":22,"gold_loss":0}],"is_beta":false,"boss_relics":[{"not_picked":["Runic Dome","Runic Pyramid"],"picked":"SlaversCollar"}],"items_purged_floors":[19],"is_endless":false,"potions_floor_spawned":[1,2,10,12,18],"killed_by":"Slavers","ascension_level":15}}