{"host":"6a9c3xws62y7efyw","time":1611985410,"event":{"mods":["BaseMod","Colored Map","Minty Spire (QoL Compilation)","Relic Stats","StSLib"],"gold_per_floor":[214,228,244,8,18,18,50,50,50,84,9,44,62,62,62,139,139,154,164,164,164,181,210,230,230,230,260,271,296,319,331,343,428,440,465,477,539,567,241,271,271,302,372,372,36,36,36,36,36,36,36,36,36,36,66,66],"floor_reached":57,"language":"ENG","playtime":4751,"items_purged":["Strike_G"],"score":3047,"play_id":"7f2cc807-70d1-4e00-b032-0dfb67c30500","local_time":"20210129214330","is_ascension_mode":true,"campfire_choices":[{"data":"Envenom","floor":6.0,"key":"SMITH"},{"data":"Crippling Poison","floor":8.0,"key":"SMITH"},{"data":"Footwork","floor":15.0,"key":"SMITH"},{"data":"Wraith Form v2","floor":25.0,"key":"SMITH"},{"floor":32.0,"key":"REST"},{"data":"Night Terror","floor":41,"key":"SMITH"},{"floor":44,"key":"RECALL"},{"data":"After Image","floor":46,"key":"SMITH"},{"data":"Prepared","floor":49,"key":"SMITH"},{"data":"Noxious Fumes","floor":53,"key":"SMITH"}],"circlet_count":0,"master_deck":["AscendersBane","Strike_G","Strike_G","Defend_G+1","Defend_G+1","Defend_G","Defend_G","Defend_G","Survivor","Neutralize","Dagger Spray","Riddle With Holes","Envenom+1","Crippling Poison+1","After Image+1","Leg Sweep","Footwork+1","Escape Plan","PiercingWail","Wraith Form v2+1","PiercingWail","RitualDagger+1","Cloak And Dagger","Outmaneuver","Dagger Spray+1","Noxious Fumes+1","Prepared+1","Bouncing Flask","Flying Knee","Night Terror+1","Panacea","Master of Strategy","Backflip+1","After Image+1","Outmaneuver","Backflip","Dagger Throw+1","Footwork"],"relics":["Ring of the Snake","Snake Skull","Akabeko","Bottled Lightning","FossilizedHelix","War Paint","Runic Pyramid","Lizard Tail","Blood Vial","Mango","Ancient Tea Set","MawBank","Coffee Dripper","Bird Faced Urn","Omamori","Whetstone","Lantern","Happy Flower","Eternal Feather"],"acts_visited":["Exordium","TheCity","TheBeyond","TheEnding"],"potions_floor_usage":[37],"damage_taken":[{"damage":3.0,"enemies":"2 Louse","floor":1.0,"turns":4.0},{"damage":8.0,"enemies":"Jaw Worm","floor":2.0,"turns":5.0},{"damage":1.0,"enemies":"Cultist","floor":3.0,"turns":3.0},{"damage":8.0,"enemies":"Looter","floor":5.0,"turns":5.0},{"damage":19.0,"enemies":"Gremlin Nob","floor":7.0,"turns":4.0},{"damage":10.0,"enemies":"3 Sentries","floor":10.0,"turns":5.0},{"damage":0.0,"enemies":"Gremlin Nob","floor":12.0,"turns":4.0},{"damage":0.0,"enemies":"Large Slime","floor":13.0,"turns":2.0},{"damage":0.0,"enemies":"The Guardian","floor":16.0,"turns":10.0},{"damage":0.0,"enemies":"Chosen","floor":18.0,"turns":5.0},{"damage":0.0,"enemies":"Shell Parasite","floor":19.0,"turns":6.0},{"damage":0.0,"enemies":"Centurion and Healer","floor":22.0,"turns":7.0},{"damage":11.0,"enemies":"Gremlin Leader","floor":23.0,"turns":9.0},{"damage":6.0,"enemies":"Snake Plant","floor":24.0,"turns":6.0},{"damage":5.0,"enemies":"Slavers","floor":27.0,"turns":6.0},{"damage":0.0,"enemies":"Sentry and Sphere","floor":28.0,"turns":6.0},{"damage":22.0,"enemies":"Gremlin Leader","floor":29.0,"turns":9.0},{"damage":0.0,"enemies":"Cultist and Chosen","floor":30.0,"turns":6.0},{"damage":12.0,"enemies":"Collector","floor":33.0,"turns":9.0},{"damage":4.0,"enemies":"3 Darklings","floor":35.0,"turns":5.0},{"damage":19,"enemies":"2 Orb Walkers","floor":37,"turns":5},{"damage":0,"enemies":"3 Shapes","floor":38,"turns":6},{"damage":0,"enemies":"Giant Head","floor":40,"turns":11},{"damage":0,"enemies":"Reptomancer","floor":42,"turns":2},{"damage":2,"enemies":"Awakened One","floor":50,"turns":17},{"damage":0,"enemies":"Time Eater","floor":51,"turns":14},{"damage":8,"enemies":"Shield and Spear","floor":55,"turns":9},{"damage":71,"enemies":"The Heart","floor":56,"turns":14}],"seed_played":"-8769387824347081884","potions_obtained":[{"floor":2.0,"key":"EssenceOfSteel"},{"floor":3.0,"key":"FairyPotion"},{"floor":10.0,"key":"AttackPotion"},{"floor":16.0,"key":"CunningPotion"},{"floor":23.0,"key":"Energy Potion"},{"floor":27.0,"key":"Dexterity Potion"},{"floor":33.0,"key":"PowerPotion"},{"floor":37,"key":"SteroidPotion"},{"floor":38,"key":"EntropicBrew"}],"is_trial":false,"path_per_floor":["M","M","M","$","M","R","E","R","T","E","$","E","M","?","R","B",null,"M","M","?","?","M","E","M","R","T","E","M","E","M","?","R","B",null,"M","?","?","M","$","E","R","E","T","R","$","R","?","?","R","B","B",null,"R","$","E","B",null],"character_chosen":"THE_SILENT","items_purchased":["Snake Skull","Crippling Poison","Footwork","After Image","Outmaneuver","Backflip","Lantern","Happy Flower"],"campfire_rested":1,"item_purchase_floors":[4,4,11,39,39,39,45,45],"current_hp_per_floor":[56,48,47,47,39,39,20,20,20,10,10,10,10,10,10,10,52,52,52,46,46,46,35,31,31,45,42,44,24,26,26,50,40,70,68,58,41,53,53,71,71,73,73,73,73,73,73,73,73,76,76,76,76,76,76,19],"gold":66,"neow_bonus":"HUNDRED_GOLD","is_daily":false,"chose_seed":false,"campfire_upgraded":8,"win_rate":0.0,"timestamp":1611985410,"path_taken":["M","M","M","$","M","R","E","R","T","E","$","E","M","?","R","BOSS","M","M","?","?","M","E","?","R","T","E","M","E","M","?","R","BOSS","M","?","?","M","$","E","R","E","T","R","$","R","?","?","R","BOSS","BOSS","R","$","E","BOSS"],"items_purchased_type":["Relic","Card","Card","Card","Card","Card","Relic","Relic"],"build_version":"2020-12-22","purchased_purges":1,"victory":true,"max_hp_per_floor":[66,66,66,66,66,66,66,66,66,66,66,66,66,66,66,66,66,66,66,66,66,66,66,66,66,80,80,80,80,80,80,80,80,80,80,80,80,80,80,80,80,80,80,80,80,80,76,76,76,76,76,76,76,76,76,76],"relic_stats":{"Blood Vial":24,"Lizard Tail":0,"Happy Flower":[18],"counters":[28,194],"Bird Faced Urn":[51],"Eternal Feather":0,"Snake Skull":[441],"Whetstone":["RitualDagger","Dagger Spray"],"War Paint":["Defend_G","Defend_G"],"MawBank":120,"obtain_stats":[{"Lantern":45,"Happy Flower":45,"Mango":26,"Eternal Feather":55,"Snake Skull":4,"Omamori":40,"Whetstone":42,"War Paint":12,"Ancient Tea Set":27,"MawBank":29,"Akabeko":7,"Blood Vial":23,"Lizard Tail":21,"Bird Faced Urn":37,"Coffee Dripper":34,"Bottled Lightning":9,"FossilizedHelix":10,"Ring of the Snake":0,"Runic Pyramid":17},{"Lantern":24,"Happy Flower":24,"Mango":14,"Eternal Feather":27,"Snake Skull":3,"Omamori":23,"Whetstone":24,"War Paint":7,"Ancient Tea Set":15,"MawBank":17,"Akabeko":5,"Blood Vial":13,"Lizard Tail":11,"Bird Faced Urn":21,"Coffee Dripper":19,"Bottled Lightning":5,"FossilizedHelix":6,"Ring of the Snake":0,"Runic Pyramid":9},{"Lantern":140,"Happy Flower":140,"Mango":75,"Eternal Feather":180,"Snake Skull":12,"Omamori":138,"Whetstone":140,"War Paint":30,"Ancient Tea Set":81,"MawBank":96,"Akabeko":21,"Blood Vial":69,"Lizard Tail":53,"Bird Faced Urn":121,"Coffee Dripper":111,"Bottled Lightning":21,"FossilizedHelix":26,"Ring of the Snake":0,"Runic Pyramid":42}],"Ring of the Snake":[56]},"card_choices":[{"not_picked":["PiercingWail","Flying Knee"],"picked":"Dagger Spray","floor":1.0},{"not_picked":["Terror","Blur"],"picked":"Riddle With Holes","floor":2.0},{"not_picked":["Poisoned Stab","Acrobatics"],"picked":"Envenom","floor":3.0},{"not_picked":["Bane","Prepared"],"picked":"After Image","floor":5.0},{"not_picked":["Prepared","Quick Slash","Unload"],"picked":"SKIP","floor":7.0},{"not_picked":["Outmaneuver","Glass Knife"],"picked":"Leg Sweep","floor":10.0},{"not_picked":["Terror","Dagger Throw"],"picked":"Escape Plan","floor":12.0},{"not_picked":["Riddle With Holes","Deflect"],"picked":"PiercingWail","floor":13.0},{"not_picked":["Tools of the Trade","Adrenaline"],"picked":"Wraith Form v2","floor":16.0},{"not_picked":["Dagger Throw","Underhanded Strike"],"picked":"PiercingWail","floor":18.0},{"not_picked":["Acrobatics","Flechettes","Quick Slash"],"picked":"SKIP","floor":19.0},{"not_picked":["Backflip","Poisoned Stab"],"picked":"Cloak And Dagger","floor":22.0},{"not_picked":["Finisher","Calculated Gamble"],"picked":"Outmaneuver","floor":23.0},{"not_picked":["Acrobatics+1","Leg Sweep"],"picked":"Dagger Spray","floor":24.0},{"not_picked":["Envenom","Acrobatics"],"picked":"Noxious Fumes","floor":27.0},{"not_picked":["Riddle With Holes","Acrobatics","Outmaneuver"],"picked":"SKIP","floor":28.0},{"not_picked":["Reflex","Distraction","Infinite Blades"],"picked":"SKIP","floor":29.0},{"not_picked":["Dodge and Roll","Flying Knee"],"picked":"Prepared","floor":30.0},{"not_picked":["Corpse Explosion","Wraith Form v2"],"picked":"Night Terror","floor":33.0},{"not_picked":["Sucker Punch","Heel Hook","Bane"],"picked":"SKIP","floor":35.0},{"not_picked":["Deep Breath","Finesse"],"picked":"Panacea","floor":36.0},{"not_picked":["HandOfGreed","Trip"],"picked":"Master of Strategy","floor":36.0},{"not_picked":["Caltrops","Crippling Poison"],"picked":"Backflip+1","floor":37},{"not_picked":["PiercingWail","Outmaneuver","Masterful Stab"],"picked":"SKIP","floor":38},{"not_picked":["Choke","Accuracy","Underhanded Strike"],"picked":"SKIP","floor":40},{"not_picked":["Slice","Heel Hook"],"picked":"Dagger Throw+1","floor":42},{"not_picked":["Acrobatics","Reflex+1"],"picked":"Footwork","floor":55}],"player_experience":1441439,"relics_obtained":[{"floor":7.0,"key":"Akabeko"},{"floor":9.0,"key":"Bottled Lightning"},{"floor":10.0,"key":"FossilizedHelix"},{"floor":12.0,"key":"War Paint"},{"floor":23.0,"key":"Blood Vial"},{"floor":26.0,"key":"Mango"},{"floor":27.0,"key":"Ancient Tea Set"},{"floor":29.0,"key":"MawBank"},{"floor":37,"key":"Bird Faced Urn"},{"floor":40,"key":"Omamori"},{"floor":42,"key":"Whetstone"},{"floor":55,"key":"Eternal Feather"}],"event_choices":[{"damage_healed":0.0,"max_hp_gain":0.0,"max_hp_loss":0.0,"gold_gain":0.0,"event_name":"Liars Game","player_choice":"Ignored","floor":14.0,"gold_loss":0.0,"damage_taken":0.0},{"damage_healed":0.0,"max_hp_gain":0.0,"max_hp_loss":0.0,"gold_gain":0.0,"event_name":"Nest","player_choice":"Joined the Cult","floor":20.0,"gold_loss":0.0,"damage_taken":6.0,"cards_obtained":["RitualDagger"]},{"damage_healed":0.0,"max_hp_gain":0.0,"max_hp_loss":0.0,"gold_gain":0.0,"event_name":"WeMeetAgain","player_choice":"Gave Potion","floor":21.0,"gold_loss":0.0,"damage_taken":0.0,"relics_obtained":["Lizard Tail"]},{"damage_healed":0.0,"max_hp_gain":0.0,"max_hp_loss":0.0,"gold_gain":0.0,"cards_transformed":["Strike_G","Strike_G"],"event_name":"Drug Dealer","player_choice":"Became Test Subject","floor":31.0,"gold_loss":0.0,"damage_taken":0.0,"cards_obtained":["Bouncing Flask","Flying Knee"]},{"damage_healed":0.0,"max_hp_gain":0.0,"max_hp_loss":0.0,"gold_gain":0.0,"event_name":"SensoryStone","player_choice":"Memory 3","floor":36.0,"gold_loss":0.0,"damage_taken":10.0},{"damage_healed":0,"gold_gain":0,"player_choice":"Fight","damage_taken":0,"max_hp_gain":0,"max_hp_loss":0,"event_name":"Mysterious Sphere","floor":37,"gold_loss":0},{"damage_healed":0,"gold_gain":0,"player_choice":"Max HP","damage_taken":0,"max_hp_gain":0,"max_hp_loss":4,"event_name":"Winding Halls","floor":47,"gold_loss":0},{"damage_healed":0,"gold_gain":0,"player_choice":"Upgraded","damage_taken":0,"max_hp_gain":0,"max_hp_loss":0,"event_name":"Upgrade Shrine","floor":48,"gold_loss":0,"cards_upgraded":["After Image"]}],"is_beta":false,"boss_relics":[{"not_picked":["Velvet Choker","WristBlade"],"picked":"Runic Pyramid"},{"not_picked":["Runic Dome","Empty Cage"],"picked":"Coffee Dripper"}],"items_purged_floors":[39],"is_endless":false,"potions_floor_spawned":[2,3,10,16,19,23,24,27,33,37,38],"ascension_level":20}}