{"host":"dvpvhz1t6etneyb3","time":1611966896,"event":{"mods":["AchievementEnabler","BaseMod","Colored Map","Highlight Path","Minty Spire (QoL Compilation)","Permanent Neow","Quick Restart"],"gold_per_floor":[117,135,151,76,91,123,123,149,149,176,176,188,205,220,220,297,297,316,316,333,180,5,34,34,59,113,113,113,38,81,101,101,187,196,211,230,30,44,53,53,89,89,89,104,104,0,26,67,67,67,67,67,67,12,42,42,42],"floor_reached":56,"language":"ENG","playtime":3544,"items_purged":["Pain","Strike_P","Defend_P"],"score":2220,"play_id":"b12a1177-04c0-43da-a3ef-1931a556e828","local_time":"20210129193456","is_ascension_mode":true,"campfire_choices":[{"data":"Blasphemy","floor":7.0,"key":"SMITH"},{"data":"LikeWater","floor":11.0,"key":"SMITH"},{"data":"Scrawl","floor":15.0,"key":"SMITH"},{"data":"Vault","floor":24.0,"key":"SMITH"},{"data":"Adaptation","floor":28.0,"key":"SMITH"},{"floor":32.0,"key":"REST"},{"data":"TalkToTheHand","floor":40.0,"key":"SMITH"},{"floor":42.0,"key":"RECALL"},{"data":"MasterReality","floor":45.0,"key":"SMITH"},{"floor":49,"key":"REST"},{"floor":53,"key":"REST"}],"circlet_count":0,"master_deck":["AscendersBane","Strike_P+1","Defend_P+1","Defend_P+1","Defend_P+1","Eruption+1","Vigilance+1","FlurryOfBlows","Protect","EmptyFist","CutThroughFate","Blasphemy+1","BattleHymn","LikeWater+1","Scrawl+1","FearNoEvil","Vault+1","SashWhip+1","Consecrate+1","Tantrum","Adaptation+1","MasterReality+1","LessonLearned+1","CurseOfTheBell","TalkToTheHand+1","Dark Shackles","Devotion+1","Nirvana+1","Sanctity+1"],"relics":["PureWater","InkBottle","Question Card","Bottled Tornado","Letter Opener","Philosopher\u0027s Stone","WarpedTongs","Juzu Bracelet","CeramicFish","Blood Vial","Singing Bowl","Pen Nib","Calling Bell","Orichalcum","Frozen Egg 2","CloakClasp","Nunchaku","Red Mask","Sundial","Eternal Feather"],"acts_visited":["Exordium","TheCity","TheBeyond","TheEnding"],"potions_floor_usage":[48,51,56],"damage_taken":[{"damage":0.0,"enemies":"Jaw Worm","floor":1.0,"turns":1.0},{"damage":0.0,"enemies":"2 Louse","floor":2.0,"turns":2.0},{"damage":0.0,"enemies":"Cultist","floor":3.0,"turns":3.0},{"damage":4.0,"enemies":"Exordium Thugs","floor":5.0,"turns":3.0},{"damage":6.0,"enemies":"3 Sentries","floor":6.0,"turns":5.0},{"damage":0.0,"enemies":"Gremlin Nob","floor":8.0,"turns":2.0},{"damage":0.0,"enemies":"Lagavulin","floor":10.0,"turns":3.0},{"damage":5.0,"enemies":"Gremlin Gang","floor":12.0,"turns":2.0},{"damage":0.0,"enemies":"3 Louse","floor":13.0,"turns":5.0},{"damage":0.0,"enemies":"2 Fungi Beasts","floor":14.0,"turns":2.0},{"damage":9.0,"enemies":"Hexaghost","floor":16.0,"turns":7.0},{"damage":10.0,"enemies":"3 Byrds","floor":18.0,"turns":5.0},{"damage":7.0,"enemies":"2 Thieves","floor":20.0,"turns":3.0},{"damage":0.0,"enemies":"Slavers","floor":23.0,"turns":4.0},{"damage":0.0,"enemies":"Book of Stabbing","floor":25.0,"turns":3.0},{"damage":12.0,"enemies":"Slavers","floor":30.0,"turns":3.0},{"damage":0.0,"enemies":"Shelled Parasite and Fungi","floor":31.0,"turns":2.0},{"damage":3.0,"enemies":"Automaton","floor":33.0,"turns":5.0},{"damage":0.0,"enemies":"3 Shapes","floor":35.0,"turns":6.0},{"damage":4.0,"enemies":"Orb Walker","floor":36.0,"turns":2.0},{"damage":0.0,"enemies":"Sphere and 2 Shapes","floor":38.0,"turns":3.0},{"damage":0.0,"enemies":"Giant Head","floor":41.0,"turns":5.0},{"damage":11.0,"enemies":"Transient","floor":44.0,"turns":7.0},{"damage":0.0,"enemies":"4 Shapes","floor":47.0,"turns":4.0},{"damage":5,"enemies":"Reptomancer","floor":48,"turns":3},{"damage":40,"enemies":"Time Eater","floor":50,"turns":10},{"damage":40,"enemies":"Awakened One","floor":51,"turns":10},{"damage":57,"enemies":"Shield and Spear","floor":55,"turns":5},{"damage":49,"enemies":"The Heart","floor":56,"turns":3}],"seed_played":"8029304504265119763","potions_obtained":[{"floor":3.0,"key":"BlessingOfTheForge"},{"floor":8.0,"key":"SkillPotion"},{"floor":10.0,"key":"Fire Potion"},{"floor":13.0,"key":"Ancient Potion"},{"floor":18.0,"key":"Ancient Potion"},{"floor":30.0,"key":"BlessingOfTheForge"},{"floor":35.0,"key":"GamblersBrew"},{"floor":41.0,"key":"PowerPotion"},{"floor":48,"key":"FearPotion"}],"is_trial":false,"path_per_floor":["M","M","M","?","M","E","R","E","T","E","R","M","M","M","R","B",null,"M","?","M","$","$","E","R","E","T","?","R","?","E","M","R","B",null,"M","M","$","M","?","R","E","R","T","M","R","?","M","E","R","B","B",null,"R","$","E","B"],"character_chosen":"WATCHER","items_purchased":["Tantrum","Adaptation","TalkToTheHand","Dexterity Potion"],"campfire_rested":3,"item_purchase_floors":[21,22,37,54],"current_hp_per_floor":[61,61,61,61,57,51,51,51,51,51,51,46,46,46,46,37,60,50,50,43,43,43,43,43,43,43,43,43,43,33,37,58,57,67,71,70,70,74,68,68,70,70,70,63,63,63,65,62,82,42,4,63,82,82,27,0,0],"gold":42,"neow_bonus":"UPGRADE_CARD","is_daily":false,"chose_seed":false,"campfire_upgraded":7,"win_rate":0.0,"timestamp":1611966896,"path_taken":["M","M","M","?","M","E","R","E","T","E","R","M","M","M","R","BOSS","M","?","M","?","$","E","R","E","T","?","R","?","E","M","R","BOSS","M","M","$","M","?","R","E","R","T","M","R","?","M","E","R","BOSS","BOSS","R","$","E","BOSS"],"items_purchased_type":["Card","Card","Card","Potion"],"build_version":"2020-12-22","purchased_purges":3,"victory":false,"max_hp_per_floor":[68,68,68,68,68,68,68,68,68,68,68,68,68,68,68,68,68,68,68,68,68,68,68,68,68,68,68,68,68,68,70,70,70,70,72,74,74,76,80,80,80,80,80,82,82,82,82,82,82,82,82,82,82,82,84,84,84],"card_choices":[{"not_picked":["SashWhip","Weave"],"picked":"FlurryOfBlows","floor":1.0},{"not_picked":["Prostrate","ClearTheMind"],"picked":"Protect","floor":2.0},{"not_picked":["Prostrate","Swivel"],"picked":"EmptyFist","floor":3.0},{"not_picked":["Protect","Vengeance"],"picked":"CutThroughFate","floor":5.0},{"not_picked":["FlyingSleeves","WaveOfTheHand"],"picked":"Blasphemy","floor":6.0},{"not_picked":["ThirdEye","Fasting2"],"picked":"BattleHymn","floor":8.0},{"not_picked":["DevaForm","Consecrate","Prostrate"],"picked":"LikeWater","floor":10.0},{"not_picked":["Halt","Consecrate","PathToVictory","EmptyBody"],"picked":"SKIP","floor":12.0},{"not_picked":["Halt","LikeWater","EmptyBody"],"picked":"Scrawl","floor":13.0},{"not_picked":["Swivel","BowlingBash","CrushJoints"],"picked":"FearNoEvil","floor":14.0},{"not_picked":["Omniscience","Blasphemy","Ragnarok"],"picked":"Vault","floor":16.0},{"not_picked":["JustLucky+1","ThirdEye","Prostrate"],"picked":"SashWhip+1","floor":18.0},{"not_picked":["EmptyFist+1","Prostrate","SignatureMove"],"picked":"Consecrate+1","floor":20.0},{"not_picked":["JustLucky","Consecrate","EmptyFist","ThirdEye"],"picked":"SKIP","floor":23.0},{"not_picked":["JustLucky+1","Consecrate","FollowUp","FearNoEvil"],"picked":"SKIP","floor":25.0},{"not_picked":["JustLucky","WreathOfFlame","SashWhip"],"picked":"MasterReality","floor":30.0},{"not_picked":["JustLucky","Protect","ForeignInfluence","FlyingSleeves"],"picked":"Singing Bowl","floor":31.0},{"not_picked":["Vault","Devotion","SpiritShield"],"picked":"LessonLearned","floor":33.0},{"not_picked":["PathToVictory","CutThroughFate+1","EmptyFist","SandsOfTime"],"picked":"Singing Bowl","floor":35.0},{"not_picked":["Indignation","CutThroughFate","JustLucky","CrushJoints"],"picked":"Singing Bowl","floor":36.0},{"not_picked":["FlurryOfBlows","InnerPeace","Prostrate","Crescendo+1"],"picked":"Singing Bowl","floor":38.0},{"not_picked":["Forethought","Flash of Steel","Mayhem+1"],"picked":"Dark Shackles","floor":39.0},{"not_picked":["Bandage Up","Metamorphosis","Forethought","Dark Shackles"],"picked":"Singing Bowl","floor":39.0},{"not_picked":["Transmutation","Mayhem+1","Apotheosis","Swift Strike"],"picked":"Singing Bowl","floor":39.0},{"not_picked":["FlyingSleeves","Conclude+1","Swivel+1"],"picked":"Devotion+1","floor":41.0},{"not_picked":["FlurryOfBlows","Perseverance","PathToVictory","WreathOfFlame"],"picked":"Singing Bowl","floor":44.0},{"not_picked":["CutThroughFate","FlurryOfBlows","Tantrum+1"],"picked":"Nirvana+1","floor":47.0},{"not_picked":["Evaluate","Consecrate","PathToVictory+1"],"picked":"Sanctity+1","floor":48},{"not_picked":["Brilliance","CutThroughFate","BattleHymn+1","Collect"],"picked":"Singing Bowl","floor":55}],"player_experience":2113674,"relics_obtained":[{"floor":6.0,"key":"InkBottle"},{"floor":8.0,"key":"Question Card"},{"floor":9.0,"key":"Bottled Tornado"},{"floor":10.0,"key":"Letter Opener"},{"floor":23.0,"key":"Juzu Bracelet"},{"floor":25.0,"key":"CeramicFish"},{"floor":26.0,"key":"Blood Vial"},{"floor":30.0,"key":"Pen Nib"},{"floor":34.0,"key":"Orichalcum"},{"floor":34.0,"key":"Frozen Egg 2"},{"floor":34.0,"key":"CloakClasp"},{"floor":41.0,"key":"Nunchaku"},{"floor":48,"key":"Sundial"},{"floor":55,"key":"Eternal Feather"}],"event_choices":[{"cards_removed":["Strike_P"],"damage_healed":0.0,"max_hp_gain":0.0,"max_hp_loss":0.0,"gold_gain":0.0,"event_name":"The Cleric","player_choice":"Card Removal","floor":4.0,"gold_loss":75.0,"damage_taken":0.0},{"damage_healed":0.0,"max_hp_gain":0.0,"max_hp_loss":0.0,"gold_gain":0.0,"event_name":"Accursed Blacksmith","player_choice":"Rummage","floor":19.0,"gold_loss":0.0,"damage_taken":0.0,"relics_obtained":["WarpedTongs"],"cards_obtained":["Pain"]},{"damage_healed":0.0,"max_hp_gain":0.0,"max_hp_loss":0.0,"gold_gain":0.0,"event_name":"WeMeetAgain","player_choice":"Gave Potion","floor":27.0,"gold_loss":0.0,"damage_taken":0.0,"relics_obtained":["Singing Bowl"]},{"cards_removed":["Strike_P"],"damage_healed":0.0,"max_hp_gain":0.0,"max_hp_loss":0.0,"gold_gain":0.0,"event_name":"Beggar","player_choice":"Gave Gold","floor":29.0,"gold_loss":75.0,"damage_taken":0.0},{"damage_healed":0.0,"max_hp_gain":0.0,"max_hp_loss":0.0,"gold_gain":0.0,"event_name":"SensoryStone","player_choice":"Memory 3","floor":39.0,"gold_loss":0.0,"damage_taken":10.0},{"damage_healed":0.0,"max_hp_gain":0.0,"max_hp_loss":0.0,"gold_gain":0.0,"event_name":"Tomb of Lord Red Mask","player_choice":"Paid","floor":46.0,"gold_loss":104.0,"damage_taken":0.0,"relics_obtained":["Red Mask"]}],"is_beta":false,"boss_relics":[{"not_picked":["Fusion Hammer","Sozu"],"picked":"Philosopher\u0027s Stone"},{"not_picked":["SlaversCollar","Pandora\u0027s Box"],"picked":"Calling Bell"}],"items_purged_floors":[21,22,37],"is_endless":false,"potions_floor_spawned":[3,8,10,13,14,18,30,35,41,48],"killed_by":"The Heart","ascension_level":20}}