{"host":"Baz","time":1611982121,"event":{"mods":["BaseMod","Colored Map","Filter the Spire","Googly Eyes","Highlight Path","Minty Spire (QoL Compilation)","Quick Restart","Rare Cards Sparkle","Relic Stats","StSLib"],"gold_per_floor":[112,126,143,154,174,209,209,235,283,301,330,34,67,82,82,155,155,170,170,12,28,28,57,68,68,68,99,37,72,72,72,72,151,151,166,182,237,237,262,292,304,326,412,444,482,494,518,563,575,587,599,611,1,33,33],"floor_reached":56,"language":"ENG","playtime":4485,"items_purged":[],"score":2616,"play_id":"1a3e7b88-4a5b-46e4-9a29-23ca55f14791","local_time":"20210129224841","is_ascension_mode":true,"campfire_choices":[{"floor":7,"key":"REST"},{"data":"Seek","floor":15,"key":"SMITH"},{"data":"Creative AI","floor":25,"key":"SMITH"},{"data":"Defragment","floor":30,"key":"SMITH"},{"data":"Capacitor","floor":32,"key":"SMITH"},{"data":"Consume","floor":41,"key":"SMITH"},{"floor":49,"key":"RECALL"},{"data":"Seek","floor":52,"key":"SMITH"}],"circlet_count":0,"master_deck":["AscendersBane","Zap","Auto Shields","Leap","Biased Cognition","Multi-Cast","Heatsinks","Electrodynamics","Chaos","Storm","Barrage+1","Genetic Algorithm","Ball Lightning","FTL+1","Conserve Battery","Static Discharge","Defragment+1","Creative AI+1","Self Repair","Seek+1","Cold Snap","Rainbow","Capacitor+1","Aggregate","Loop","BootSequence","Skim","Defragment+1","Capacitor+1","Seek+1","Loop+1","Reinforced Body+1","Consume+1","Turbo+1","Glacier","Compile Driver","Undo","Aggregate","Loop+1","Heatsinks+1","Coolheaded+1"],"relics":["Pandora\u0027s Box","Centennial Puzzle","Bag of Preparation","DataDisk","The Courier","Membership Card","Turnip","Bronze Scales","Black Star","PreservedInsect","Omamori","Ornamental Fan","Torii","Frozen Egg 2","Sundial","Potion Belt","Toy Ornithopter","Whetstone","Necronomicon","Calling Bell","Akabeko","Mercury Hourglass","TungstenRod","Peace Pipe","Prayer Wheel","MawBank","Pantograph","Dead Branch","Shuriken","White Beast Statue","Strawberry","HornCleat","Oddly Smooth Stone","Calipers","Lantern","Pocketwatch","Bag of Marbles","Blue Candle","Art of War"],"acts_visited":["Exordium","TheCity","TheBeyond","TheEnding"],"potions_floor_usage":[11,16,23,29,44,55,55,55,55],"damage_taken":[{"damage":0,"enemies":"Cultist","floor":1,"turns":2},{"damage":0,"enemies":"Small Slimes","floor":2,"turns":2},{"damage":0,"enemies":"2 Louse","floor":3,"turns":2},{"damage":20,"enemies":"Exordium Wildlife","floor":4,"turns":4},{"damage":3,"enemies":"Blue Slaver","floor":5,"turns":3},{"damage":7,"enemies":"3 Sentries","floor":6,"turns":3},{"damage":9,"enemies":"Lagavulin","floor":8,"turns":5},{"damage":4,"enemies":"3 Louse","floor":10,"turns":2},{"damage":0,"enemies":"Gremlin Nob","floor":11,"turns":2},{"damage":9,"enemies":"Lagavulin","floor":13,"turns":6},{"damage":0,"enemies":"Exordium Wildlife","floor":14,"turns":3},{"damage":11,"enemies":"Slime Boss","floor":16,"turns":6},{"damage":0,"enemies":"Spheric Guardian","floor":18,"turns":3},{"damage":6,"enemies":"Shell Parasite","floor":21,"turns":5},{"damage":0,"enemies":"Slavers","floor":23,"turns":2},{"damage":9,"enemies":"Centurion and Healer","floor":24,"turns":8},{"damage":0,"enemies":"Gremlin Leader","floor":27,"turns":5},{"damage":0,"enemies":"Book of Stabbing","floor":29,"turns":3},{"damage":8,"enemies":"Champ","floor":33,"turns":8},{"damage":0,"enemies":"3 Shapes","floor":35,"turns":5},{"damage":0,"enemies":"3 Darklings","floor":36,"turns":3},{"damage":15,"enemies":"2 Orb Walkers","floor":37,"turns":3},{"damage":0,"enemies":"Mind Bloom Boss Battle","floor":39,"turns":4},{"damage":0,"enemies":"Giant Head","floor":40,"turns":5},{"damage":0,"enemies":"Maw","floor":42,"turns":9},{"damage":24,"enemies":"Spire Growth","floor":44,"turns":5},{"damage":0,"enemies":"Nemesis","floor":45,"turns":9},{"damage":0,"enemies":"4 Shapes","floor":47,"turns":3},{"damage":0,"enemies":"Giant Head","floor":48,"turns":5},{"damage":16,"enemies":"Donu and Deca","floor":50,"turns":12},{"damage":0,"enemies":"Shield and Spear","floor":54,"turns":3},{"damage":51,"enemies":"The Heart","floor":55,"turns":8}],"seed_played":"-5570320309970351632","potions_obtained":[{"floor":4,"key":"FearPotion"},{"floor":8,"key":"SteroidPotion"},{"floor":10,"key":"Energy Potion"},{"floor":11,"key":"BlessingOfTheForge"},{"floor":18,"key":"Energy Potion"},{"floor":24,"key":"SkillPotion"},{"floor":27,"key":"FearPotion"},{"floor":29,"key":"SpeedPotion"},{"floor":37,"key":"Strength Potion"},{"floor":42,"key":"DistilledChaos"},{"floor":44,"key":"SteroidPotion"}],"is_trial":false,"path_per_floor":["M","M","M","M","M","E","R","E","T","M","E","$","E","M","R","B",null,"M","?","$","M","?","E","M","R","T","E","$","E","R","?","R","B",null,"M","M","?","?","?","E","R","M","T","M","E","?","M","E","R","B",null,"R","$","E","B",null],"character_chosen":"DEFECT","items_purchased":["Membership Card","Self Repair","Turnip","PreservedInsect","Capacitor","Omamori","Defragment+1","Capacitor+1","HornCleat","Oddly Smooth Stone","Calipers","Lantern","Aggregate","Loop+1","Heatsinks+1","Pocketwatch","Bag of Marbles"],"campfire_rested":1,"item_purchase_floors":[12,12,12,20,20,20,28,28,53,53,53,53,53,53,53,53,53],"current_hp_per_floor":[64,64,64,44,41,34,55,46,46,42,42,42,40,47,47,43,64,64,64,64,65,65,71,69,69,69,71,71,71,71,50,50,49,66,71,71,56,56,63,67,67,67,67,55,62,62,67,74,74,65,72,72,72,74,33],"gold":33,"neow_bonus":"BOSS_RELIC","is_daily":false,"chose_seed":false,"campfire_upgraded":6,"win_rate":0.0,"timestamp":1611982121,"path_taken":["M","M","?","M","?","E","R","E","T","?","E","$","E","M","R","BOSS","M","?","$","M","?","E","M","R","T","E","$","E","R","?","R","BOSS","M","M","?","?","?","E","R","M","T","?","E","?","M","E","R","BOSS","R","$","E","BOSS"],"items_purchased_type":["Relic","Card","Relic","Relic","Card","Relic","Card","Card","Relic","Relic","Relic","Relic","Card","Card","Card","Relic","Relic"],"build_version":"2020-12-18","purchased_purges":0,"victory":true,"max_hp_per_floor":[71,71,71,71,71,71,71,71,71,71,71,71,71,71,71,71,71,71,71,71,71,71,71,71,71,71,71,71,71,71,71,71,71,71,71,71,71,67,67,67,67,67,67,67,67,67,67,74,74,74,74,74,74,74,74],"relic_stats":{"Torii":21,"Bag of Preparation":[50],"Whetstone":["Barrage","FTL"],"Centennial Puzzle":[33],"Sundial":[8],"Pantograph":0,"Prayer Wheel":3,"Necronomicon":[0],"counters":[32,148],"Dead Branch":[35],"Blue Candle":[0],"PreservedInsect":515,"MawBank":156,"Mercury Hourglass":[282],"Peace Pipe":0,"Ornamental Fan":[8],"Shuriken":[2],"Bronze Scales":[359],"Pandora\u0027s Box":["Auto Shields","Leap","Biased Cognition","Multi-Cast","Heatsinks","Electrodynamics","Chaos","Storm"],"Turnip":[18],"Black Star":7,"Art of War":[3],"obtain_stats":[{"Lantern":53,"Calipers":53,"Torii":23,"Bag of Preparation":8,"Whetstone":29,"Centennial Puzzle":6,"HornCleat":53,"Sundial":27,"Pantograph":40,"Strawberry":48,"Prayer Wheel":39,"Necronomicon":31,"Cracked Core":0,"Potion Belt":27,"Dead Branch":45,"Blue Candle":54,"Oddly Smooth Stone":53,"The Courier":11,"PreservedInsect":20,"Omamori":20,"Frozen Egg 2":26,"MawBank":40,"Akabeko":34,"White Beast Statue":48,"Mercury Hourglass":34,"Calling Bell":34,"Peace Pipe":37,"DataDisk":9,"Ornamental Fan":23,"Shuriken":45,"Bronze Scales":13,"Pandora\u0027s Box":0,"Turnip":12,"Black Star":17,"Bag of Marbles":53,"Art of War":54,"Membership Card":12,"Toy Ornithopter":29,"TungstenRod":34,"Pocketwatch":53},{"Lantern":30,"Calipers":30,"Torii":15,"Bag of Preparation":7,"Whetstone":18,"Centennial Puzzle":6,"HornCleat":30,"Sundial":17,"Pantograph":24,"Strawberry":29,"Prayer Wheel":23,"Necronomicon":18,"Cracked Core":0,"Potion Belt":17,"Dead Branch":27,"Blue Candle":31,"Oddly Smooth Stone":30,"The Courier":9,"PreservedInsect":13,"Omamori":13,"Frozen Egg 2":16,"MawBank":24,"Akabeko":19,"White Beast Statue":29,"Mercury Hourglass":19,"Calling Bell":19,"Peace Pipe":22,"DataDisk":7,"Ornamental Fan":15,"Shuriken":27,"Bronze Scales":10,"Pandora\u0027s Box":0,"Turnip":9,"Black Star":12,"Bag of Marbles":30,"Art of War":31,"Membership Card":9,"Toy Ornithopter":18,"TungstenRod":19,"Pocketwatch":30},{"Lantern":137,"Calipers":137,"Torii":50,"Bag of Preparation":21,"Whetstone":66,"Centennial Puzzle":16,"HornCleat":137,"Sundial":63,"Pantograph":94,"Strawberry":125,"Prayer Wheel":89,"Necronomicon":66,"Cracked Core":0,"Potion Belt":63,"Dead Branch":117,"Blue Candle":140,"Oddly Smooth Stone":137,"The Courier":25,"PreservedInsect":43,"Omamori":43,"Frozen Egg 2":58,"MawBank":94,"Akabeko":74,"White Beast Statue":125,"Mercury Hourglass":74,"Calling Bell":74,"Peace Pipe":85,"DataDisk":21,"Ornamental Fan":50,"Shuriken":117,"Bronze Scales":31,"Pandora\u0027s Box":0,"Turnip":25,"Black Star":40,"Bag of Marbles":137,"Art of War":140,"Membership Card":25,"Toy Ornithopter":66,"TungstenRod":74,"Pocketwatch":137}],"Toy Ornithopter":15,"TungstenRod":16,"Pocketwatch":[6]},"card_choices":[{"not_picked":["Redo","Steam Power"],"picked":"Barrage","floor":1},{"not_picked":["Redo","Coolheaded"],"picked":"Genetic Algorithm","floor":2},{"not_picked":["Aggregate","Redo"],"picked":"Ball Lightning","floor":3},{"not_picked":["Barrage","Auto Shields"],"picked":"FTL","floor":4},{"not_picked":["Turbo","Redo"],"picked":"Conserve Battery","floor":5},{"not_picked":["Reboot","Redo","Beam Cell"],"picked":"SKIP","floor":6},{"not_picked":["Hello World","Leap"],"picked":"Static Discharge","floor":8},{"not_picked":["Sunder","Go for the Eyes"],"picked":"Defragment","floor":10},{"not_picked":["Barrage","Leap"],"picked":"Creative AI","floor":11},{"not_picked":["Redo","Turbo"],"picked":"Seek","floor":13},{"not_picked":["Chaos","Storm"],"picked":"Cold Snap","floor":14},{"not_picked":["Reboot","Creative AI"],"picked":"Rainbow","floor":16},{"not_picked":["Streamline","Stack+1","Ball Lightning"],"picked":"SKIP","floor":18},{"not_picked":["Steam","Leap"],"picked":"Aggregate","floor":21},{"not_picked":["FTL","Streamline"],"picked":"Loop","floor":23},{"not_picked":["Coolheaded","Ball Lightning"],"picked":"BootSequence","floor":24},{"not_picked":["Turbo","Fusion"],"picked":"Skim","floor":27},{"not_picked":["Reprogram","Rip and Tear","Gash"],"picked":"SKIP","floor":29},{"not_picked":["Creative AI+1","Thunder Strike"],"picked":"Seek","floor":33},{"not_picked":["Hello World+1","Auto Shields"],"picked":"Cold Snap+1","floor":35},{"not_picked":["Gash","Stack"],"picked":"Loop+1","floor":36},{"not_picked":["Turbo","Consume"],"picked":"Reinforced Body+1","floor":39},{"not_picked":["Turbo+1","Hello World+1"],"picked":"Consume","floor":40},{"not_picked":["Streamline+1","BootSequence"],"picked":"Turbo+1","floor":42},{"not_picked":["Cold Snap+1","Force Field","Leap"],"picked":"SKIP","floor":42},{"not_picked":["Redo+1","Conserve Battery"],"picked":"Glacier","floor":44},{"not_picked":["Barrage","Redo"],"picked":"Compile Driver","floor":44},{"not_picked":["Steam Power+1","White Noise","Reboot"],"picked":"SKIP","floor":45},{"not_picked":["Steam Power+1","White Noise","Reboot"],"picked":"SKIP","floor":45},{"not_picked":["Chill","Turbo+1"],"picked":"Undo","floor":47},{"not_picked":["Chill","Stack","Reinforced Body"],"picked":"SKIP","floor":47},{"not_picked":["Undo","Gash","Beam Cell+1"],"picked":"SKIP","floor":48},{"not_picked":["Genetic Algorithm","BootSequence"],"picked":"Coolheaded+1","floor":54}],"player_experience":1303169,"relics_obtained":[{"floor":6,"key":"Centennial Puzzle"},{"floor":8,"key":"Bag of Preparation"},{"floor":9,"key":"DataDisk"},{"floor":11,"key":"The Courier"},{"floor":13,"key":"Bronze Scales"},{"floor":23,"key":"Ornamental Fan"},{"floor":23,"key":"Torii"},{"floor":26,"key":"Frozen Egg 2"},{"floor":27,"key":"Sundial"},{"floor":27,"key":"Potion Belt"},{"floor":29,"key":"Toy Ornithopter"},{"floor":29,"key":"Whetstone"},{"floor":31,"key":"Necronomicon"},{"floor":34,"key":"Akabeko"},{"floor":34,"key":"Mercury Hourglass"},{"floor":34,"key":"TungstenRod"},{"floor":37,"key":"Peace Pipe"},{"floor":39,"key":"Prayer Wheel"},{"floor":40,"key":"MawBank"},{"floor":40,"key":"Pantograph"},{"floor":45,"key":"Dead Branch"},{"floor":45,"key":"Shuriken"},{"floor":48,"key":"White Beast Statue"},{"floor":48,"key":"Strawberry"},{"floor":54,"key":"Blue Candle"},{"floor":54,"key":"Art of War"}],"event_choices":[{"damage_healed":0,"gold_gain":0,"player_choice":"Ignored","damage_taken":0,"max_hp_gain":0,"max_hp_loss":0,"event_name":"Beggar","floor":19,"gold_loss":0},{"cards_removed":["Dualcast"],"damage_healed":0,"gold_gain":0,"player_choice":"Elegance","damage_taken":0,"max_hp_gain":0,"max_hp_loss":0,"event_name":"Back to Basics","floor":22,"gold_loss":0},{"damage_healed":0,"gold_gain":0,"player_choice":"Obtained Book","damage_taken":21,"max_hp_gain":0,"max_hp_loss":0,"event_name":"Cursed Tome","floor":31,"gold_loss":0},{"damage_healed":0,"gold_gain":0,"player_choice":"Fight","damage_taken":0,"max_hp_gain":0,"max_hp_loss":0,"event_name":"Mysterious Sphere","floor":37,"gold_loss":0},{"damage_healed":0,"gold_gain":0,"player_choice":"Max HP","damage_taken":0,"max_hp_gain":0,"max_hp_loss":4,"event_name":"Winding Halls","floor":38,"gold_loss":0},{"damage_healed":0,"gold_gain":0,"player_choice":"Fight","damage_taken":0,"max_hp_gain":0,"max_hp_loss":0,"event_name":"MindBloom","floor":39,"gold_loss":0},{"cards_removed":["Cold Snap"],"damage_healed":0,"gold_gain":0,"player_choice":"Removed Attack","damage_taken":0,"max_hp_gain":0,"max_hp_loss":0,"event_name":"Falling","floor":46,"gold_loss":0}],"is_beta":true,"boss_relics":[{"not_picked":["Empty Cage","SacredBark"],"picked":"Black Star"},{"not_picked":["Velvet Choker","Sozu"],"picked":"Calling Bell"}],"items_purged_floors":[],"is_endless":false,"potions_floor_spawned":[4,8,10,11,14,18,24,27,29,37,40,42,44,47,54],"ascension_level":17}}