{"host":"820xk69ekh5gtclf","time":1611971457,"event":{"mods":["BaseMod","Colored Map","Curses Come First","Custom Start","Downfall","Hermit","Key Reminder","Minty Spire (QoL Compilation)","StSLib"],"gold_per_floor":[112,112,35,46,66,96,96,130,153,153,168,203,222,236,236,337,337,350,369,35,48,48,48,64,89,89,124,39,71,71,171,171,272,272,284,298,348,348,365,394,412,444,444,461,461,461,461,461],"floor_reached":46,"language":"ENG","playtime":4665,"items_purged":[],"score":883,"play_id":"fef7a29b-89b4-4cd9-8b92-91df984aea8f","local_time":"20210129205057","is_ascension_mode":true,"campfire_choices":[{"data":"bronze:SpaghettiCode","floor":7.0,"key":"SMITH"},{"data":"bronze:Goto","floor":10.0,"key":"SMITH"},{"data":"bronze:Turbo","floor":15.0,"key":"SMITH"},{"data":"bronze:Defend","floor":23.0,"key":"SMITH"},{"data":"bronze:Defend","floor":30.0,"key":"SMITH"},{"data":"bronze:Defend","floor":32.0,"key":"SMITH"},{"data":"bronze:ForceShield","floor":45,"key":"SMITH"}],"circlet_count":0,"master_deck":["bronze:Strike","bronze:Strike","bronze:Strike","bronze:Defend+1","bronze:Defend+1","bronze:Defend+1","bronze:Defend","bronze:Goto+1","CurseOfTheBell","bronze:InfiniteBeams","bronze:Iterate","bronze:SpaghettiCode+1","bronze:Overheat","bronze:Turbo+1","bronze:Shield","bronze:ForceShield+1","bronze:ForLoop","bronze:Philosophize","bronze:FindAndReplace","bronze:DelayedSlice","bronze:FineTuning+1","bronze:Turbo+1","bronze:FineTuning+1","bronze:DelayedGuard+1","bronze:ForLoop+1","bronze:ForceShield+1","bronze:Shield+1","bronze:FindAndReplace+1","bronze:CleanCode","bronze:Deprecate+1","Dark Shackles+1","Enlightenment+1","Impatience+1"],"relics":["Calling Bell","Anchor","Letter Opener","bronze:Timepiece","Blood Vial","keyreminder:keyreminder","Ancient Tea Set","Potion Belt","Shuriken","Runic Pyramid","Toxic Egg 2","Mummified Hand","Pear","Bag of Marbles","Bag of Preparation","Mango","Molten Egg 2","Philosopher\u0027s Stone","Lizard Tail","Regal Pillow","MealTicket"],"acts_visited":["Exordium","TheCity","TheBeyond"],"potions_floor_usage":[44],"damage_taken":[{"damage":2.0,"enemies":"Small Slimes","floor":1.0,"turns":5.0},{"damage":0.0,"enemies":"2 Louse","floor":4.0,"turns":3.0},{"damage":0.0,"enemies":"Jaw Worm","floor":5.0,"turns":3.0},{"damage":21.0,"enemies":"3 Sentries","floor":6.0,"turns":9.0},{"damage":3.0,"enemies":"Lagavulin","floor":8.0,"turns":5.0},{"damage":0.0,"enemies":"Exordium Wildlife","floor":11.0,"turns":2.0},{"damage":16.0,"enemies":"Gremlin Nob","floor":12.0,"turns":3.0},{"damage":0.0,"enemies":"3 Louse","floor":13.0,"turns":2.0},{"damage":0.0,"enemies":"Exordium Thugs","floor":14.0,"turns":3.0},{"damage":0.0,"enemies":"Slime Boss","floor":16.0,"turns":5.0},{"damage":0.0,"enemies":"3 Byrds","floor":18.0,"turns":7.0},{"damage":0.0,"enemies":"Shell Parasite","floor":19.0,"turns":4.0},{"damage":14.0,"enemies":"Snake Plant","floor":21.0,"turns":3.0},{"damage":8.0,"enemies":"Snecko","floor":24.0,"turns":3.0},{"damage":9.0,"enemies":"Book of Stabbing","floor":25.0,"turns":5.0},{"damage":0.0,"enemies":"Gremlin Leader","floor":27.0,"turns":3.0},{"damage":18.0,"enemies":"Book of Stabbing","floor":29.0,"turns":3.0},{"damage":0.0,"enemies":"Colosseum Slavers","floor":31.0,"turns":3.0},{"damage":0.0,"enemies":"Colosseum Nobs","floor":31.0,"turns":3.0},{"damage":8.0,"enemies":"Automaton","floor":33.0,"turns":9.0},{"damage":0.0,"enemies":"3 Shapes","floor":35.0,"turns":3.0},{"damage":0.0,"enemies":"3 Darklings","floor":36.0,"turns":2.0},{"damage":0.0,"enemies":"Mind Bloom Boss Battle","floor":37.0,"turns":5.0},{"damage":2.0,"enemies":"Spire Growth","floor":39.0,"turns":4.0},{"damage":0.0,"enemies":"Reptomancer","floor":40.0,"turns":5.0},{"damage":5.0,"enemies":"Maw","floor":41.0,"turns":7.0},{"damage":6,"enemies":"Giant Head","floor":42,"turns":8},{"damage":0,"enemies":"3 Darklings","floor":44,"turns":5}],"seed_played":"-2679781682747761188","potions_obtained":[{"floor":8.0,"key":"SpeedPotion"},{"floor":11.0,"key":"PowerPotion"},{"floor":13.0,"key":"Fire Potion"},{"floor":16.0,"key":"ColorlessPotion"},{"floor":27.0,"key":"Regen Potion"},{"floor":33.0,"key":"SpeedPotion"},{"floor":35.0,"key":"Swift Potion"},{"floor":44,"key":"ColorlessPotion"}],"is_trial":false,"path_per_floor":["M","?","$","M","M","E","R","E","T","R","M","E","M","M","R","B",null,"M","M","$","M","?","R","M","E","T","E","?","E","R","?","R","B",null,"M","M","?","?","M","E","M","E","T","M","R","?"],"character_chosen":"THE_AUTOMATON","items_purchased":["bronze:SpaghettiCode","Toxic Egg 2","bronze:Turbo+1","bronze:FineTuning+1"],"campfire_rested":0,"item_purchase_floors":[3,20,20,20],"current_hp_per_floor":[61,61,61,61,61,40,40,39,39,39,41,27,29,31,31,33,61,63,65,65,53,53,53,47,40,40,52,52,36,36,54,54,48,83,85,87,89,89,89,91,88,84,84,86,86,76,76,76],"gold":461,"neow_bonus":"BOSS_RELIC","is_daily":false,"chose_seed":false,"campfire_upgraded":7,"win_rate":0.0,"timestamp":1611971457,"path_taken":["M","?","$","M","M","E","R","E","T","R","M","E","M","M","R","BOSS","M","M","$","M","?","R","M","E","T","E","?","E","R","?","R","BOSS","M","M","?","?","?","E","?","E","T","M","R","?"],"items_purchased_type":["Card","Relic","Card","Card"],"build_version":"2020-12-22","purchased_purges":0,"victory":false,"max_hp_per_floor":[70,70,70,70,70,70,70,70,70,70,70,70,70,70,70,70,70,70,70,70,70,70,70,70,70,70,80,80,80,80,94,94,94,94,94,94,94,94,94,94,94,94,94,94,94,94,94,94],"card_choices":[{"not_picked":["bronze:Separator","bronze:Boost"],"picked":"bronze:InfiniteBeams","floor":1.0},{"not_picked":["bronze:Terminator","bronze:Flail"],"picked":"bronze:Overheat","floor":4.0},{"not_picked":["bronze:BuggyMess","bronze:DelayedSlice"],"picked":"bronze:Turbo","floor":5.0},{"not_picked":["bronze:Frontload","bronze:WildBeam","bronze:Iterate"],"picked":"SKIP","floor":6.0},{"not_picked":["bronze:BitShift","bronze:DelayedGuard"],"picked":"bronze:Shield","floor":8.0},{"not_picked":["bronze:DelayedGuard","bronze:Backtrace","bronze:WildBeam"],"picked":"SKIP","floor":11.0},{"not_picked":["bronze:Overheat","bronze:Refactor"],"picked":"bronze:ForceShield","floor":12.0},{"not_picked":["bronze:BuggyMess","bronze:Overheat"],"picked":"bronze:ForLoop","floor":13.0},{"not_picked":["bronze:FineTuning","bronze:BugBarrage"],"picked":"bronze:Philosophize","floor":14.0},{"not_picked":["bronze:InfiniteLoop","bronze:AlphaBuild"],"picked":"bronze:FindAndReplace","floor":16.0},{"not_picked":["bronze:CutThrough+1","bronze:Boost"],"picked":"bronze:DelayedSlice","floor":18.0},{"not_picked":["bronze:Deprecate","bronze:ForceShield"],"picked":"bronze:FineTuning+1","floor":19.0},{"not_picked":["bronze:Branch","bronze:Fortify","bronze:Flail"],"picked":"SKIP","floor":21.0},{"not_picked":["bronze:FineTuning+1","bronze:Overheat"],"picked":"bronze:DelayedGuard+1","floor":24.0},{"not_picked":["bronze:Branch+1","bronze:FollowUp"],"picked":"bronze:ForLoop+1","floor":25.0},{"not_picked":["bronze:Iterate+1","bronze:BurnOut","bronze:InfiniteLoop"],"picked":"SKIP","floor":27.0},{"not_picked":["bronze:CutThrough","bronze:Repulsor+1"],"picked":"bronze:ForceShield+1","floor":29.0},{"not_picked":["bronze:Iterate+1","bronze:Turbo+1"],"picked":"bronze:Shield+1","floor":31.0},{"not_picked":["bronze:HyperBeam+1","bronze:ShipIt+1"],"picked":"bronze:FindAndReplace+1","floor":33.0},{"not_picked":["bronze:DelayedSlice+1","bronze:WildBeam+1","bronze:WhirlingStrike+1"],"picked":"SKIP","floor":35.0},{"not_picked":["bronze:Allocate+1","bronze:Overheat+1","bronze:NullPointer+1"],"picked":"SKIP","floor":36.0},{"not_picked":["bronze:Overheat+1","bronze:Deprecate+1","bronze:ForceShield+1"],"picked":"SKIP","floor":39.0},{"not_picked":["bronze:ForLoop+1","bronze:Repair+1","bronze:InfiniteLoop+1"],"picked":"SKIP","floor":40.0},{"not_picked":["bronze:Overheat+1","bronze:DelayedSlice+1","bronze:OilSpill+1"],"picked":"SKIP","floor":41.0},{"not_picked":["bronze:DarkDash+1","bronze:ItsAFeature","bronze:ForLoop+1"],"picked":"SKIP","floor":42},{"not_picked":["bronze:FollowUp+1","bronze:BronzeArmor+1"],"picked":"bronze:Deprecate+1","floor":44},{"not_picked":["HandOfGreed+1","Secret Weapon+1"],"picked":"Dark Shackles+1","floor":46},{"not_picked":["Finesse+1","PanicButton+1"],"picked":"Enlightenment+1","floor":46},{"not_picked":["Swift Strike+1","Finesse+1"],"picked":"Impatience+1","floor":46}],"player_experience":2435249,"relics_obtained":[{"floor":0.0,"key":"Anchor"},{"floor":0.0,"key":"Letter Opener"},{"floor":0.0,"key":"bronze:Timepiece"},{"floor":6.0,"key":"Blood Vial"},{"floor":8.0,"key":"Ancient Tea Set"},{"floor":9.0,"key":"Potion Belt"},{"floor":12.0,"key":"Shuriken"},{"floor":26.0,"key":"Mummified Hand"},{"floor":27.0,"key":"Pear"},{"floor":29.0,"key":"Bag of Preparation"},{"floor":31.0,"key":"Mango"},{"floor":31.0,"key":"Molten Egg 2"},{"floor":37.0,"key":"Lizard Tail"},{"floor":40.0,"key":"Regal Pillow"},{"floor":42,"key":"MealTicket"}],"event_choices":[{"damage_healed":0.0,"max_hp_gain":0.0,"max_hp_loss":0.0,"gold_gain":0.0,"event_name":"Addict","player_choice":"Obtained Relic","floor":28.0,"gold_loss":85.0,"damage_taken":0.0,"relics_obtained":["Bag of Marbles"]},{"damage_healed":0.0,"max_hp_gain":0.0,"max_hp_loss":0.0,"gold_gain":0.0,"event_name":"Colosseum","player_choice":"Fight","floor":31.0,"gold_loss":0.0,"damage_taken":0.0},{"damage_healed":0.0,"max_hp_gain":0.0,"max_hp_loss":0.0,"gold_gain":0.0,"event_name":"Colosseum","player_choice":"Fought Nobs","floor":31.0,"gold_loss":0.0,"damage_taken":0.0},{"damage_healed":0.0,"max_hp_gain":0.0,"max_hp_loss":0.0,"gold_gain":0.0,"event_name":"MindBloom","player_choice":"Fight","floor":37.0,"gold_loss":0.0,"damage_taken":0.0},{"damage_healed":0.0,"max_hp_gain":0.0,"max_hp_loss":0.0,"gold_gain":0.0,"cards_transformed":["bronze:Replicate"],"event_name":"Transmorgrifier","player_choice":"Transformed","floor":38.0,"gold_loss":0.0,"damage_taken":0.0,"cards_obtained":["bronze:CleanCode"]},{"damage_healed":0,"gold_gain":0,"player_choice":"Memory 3","damage_taken":10,"max_hp_gain":0,"max_hp_loss":0,"event_name":"SensoryStone","floor":46,"gold_loss":0}],"is_beta":false,"boss_relics":[{"not_picked":["Velvet Choker","Sozu"],"picked":"Runic Pyramid"},{"not_picked":["Black Star","Empty Cage"],"picked":"Philosopher\u0027s Stone"}],"items_purged_floors":[],"is_endless":false,"potions_floor_spawned":[8,11,13,16,27,31,33,35,40,41,44],"ascension_level":6}}