{"host":"pp3uwnbh7ie47cnx","time":1611970252,"event":{"mods":["AchievementEnabler","Act Like it!","Aspiration","BaseMod","BetterRewards","Card Forge","Colored Powertips","Conspire","Marked Mod","Minty Spire (QoL Compilation)","Quarter Circle Forward PUNCH!","Relic Stats","Replay The Spire","StSLib","óô»ðÖ¸ÄÏ"],"gold_per_floor":[115,2263,2283,2283,2293,2321,2321,2350,2376,1697,1712,782,782,810,3111,6212,6212,6231,6250,6250,6268,5511,5541,4454,4474,4474,4474,3653,3670,3705,3725,3475,3579,3579,3595,3612,3622,3622,9000,9027,9027,8229,8308,6594,6605,6640,5071,5096,3628,3632,3632,2387,1034,1067,1069],"floor_reached":56,"language":"ZHS","playtime":7888,"items_purged":["Defend_G","Defend_G","Defend_G","Strike_G","Defend_G","Strike_G","Strike_G","Defend_G","Sickly","Survivor","conspire:Banana+1","conspire:Banana+1"],"score":1968,"play_id":"eb489d8c-846b-4c26-8474-761964d43933","local_time":"20210130093052","is_ascension_mode":true,"campfire_choices":[{"floor":7,"key":"RECALL"}],"circlet_count":0,"master_deck":["Well Laid Plans+1","Draining Mist+1","Noxious Fumes+1","Noxious Fumes+1","Sadistic Nature+1","Noxious Fumes+1","MasterReality+1","Replay:Poison Smokescreen+1","Footwork+1","Catalyst+1","Atom Bomb+1","Panache+1","Toxin Wave+1","Crippling Poison+1","Panacea+1","ReplayTheSpireMod:Necrosis+1","Crippling Poison+1","Caltrops+1","Toxin Wave+1","Poisoned Strike+1","Toxin Wave+1","Noxious Fumes+1","Catalyst","Catalyst","Bouncing Flask"],"relics":["Ring of the Snake","Hammer of Thor","Seething Fire","Anvil of the Gods","aspiration:Nostalgia","Replay:M_StaffOfTheSnake","Onion Ring","Chemical X","ReplayTheSpireMod:Shallot","Shuriken","White Beast Statue","Bag of Marbles","StoneCalendar","ReplayTheSpireMod:ShopPack","Replay:Bottled Steam","Toy Ornithopter","Cauldron","ReplayTheSpireMod:Ninjato","aspiration:HummingbirdHeart","qcfpunch:Army_Boots","Frozen Eye","Replay:Bronze Core","CultistMask","Centennial Puzzle","aspiration:VileToxins","Medical Kit","Replay:Mystery Machine","TheAbacus","Molten Egg 2","aspiration:SneckoTail","conspire:DeflatedDodgeball","MealTicket","Du-Vu Doll","Tough Bandages","Pandora\u0027s Box","Red Mask","ReplayFunnel","Ring of Chaos","ReplayTheSpireMod:Ring of Exchange","OrangePellets","Bag of Preparation","aspiration:HiddenCompartment","qcfpunch:Wild_Herbs_Ointment","conspire:SlowCooker","Pondfish Scales","Smiling Mask","Bronze Scales","qcfpunch:Black_Training_Shirt","Replay:Baseball","qcfpunch:Crimson_Sash","Regal Pillow","aspiration:RitualDagger","Replay:Bandana","Pet Ghost","SlaversCollar","Bottled Tornado","Black Star","Gremlin Food","Blue Doll","conspire:Dentures","qcfpunch:Red_Headband"],"acts_visited":["Exordium","TheCity","TheBeyond","TheEnding"],"potions_floor_usage":[],"damage_taken":[{"damage":4,"enemies":"Jaw Worm","floor":1,"turns":4},{"damage":6,"enemies":"Small Slimes","floor":3,"turns":2},{"damage":1,"enemies":"conspire:RoseBush","floor":5,"turns":2},{"damage":41,"enemies":"Lagavulin","floor":6,"turns":7},{"damage":22,"enemies":"Gremlin Nob","floor":8,"turns":4},{"damage":14,"enemies":"Large Slime","floor":11,"turns":3},{"damage":15,"enemies":"3 Sentries","floor":14,"turns":3},{"damage":12,"enemies":"The Guardian","floor":16,"turns":6},{"damage":3,"enemies":"Spheric Guardian","floor":18,"turns":3},{"damage":0,"enemies":"Chosen","floor":19,"turns":4},{"damage":21,"enemies":"conspire:HollyBat","floor":21,"turns":6},{"damage":22,"enemies":"Book of Stabbing","floor":23,"turns":4},{"damage":11,"enemies":"Centurion and Healer","floor":25,"turns":4},{"damage":0,"enemies":"Cultist and Chosen","floor":29,"turns":3},{"damage":0,"enemies":"conspire:Head Lice","floor":30,"turns":3},{"damage":11,"enemies":"conspire:HollyBat","floor":31,"turns":5},{"damage":16,"enemies":"Automaton","floor":33,"turns":5},{"damage":0,"enemies":"3 Darklings","floor":35,"turns":1},{"damage":0,"enemies":"Orb Walker","floor":36,"turns":1},{"damage":9,"enemies":"Transient","floor":37,"turns":5},{"damage":0,"enemies":"R_Hoarder","floor":40,"turns":4},{"damage":0,"enemies":"Maw","floor":45,"turns":4},{"damage":0,"enemies":"Reptomancer","floor":46,"turns":2},{"damage":0,"enemies":"R_Hoarder","floor":48,"turns":1},{"damage":12,"enemies":"conspire:OrnateMirror","floor":50,"turns":4},{"damage":3,"enemies":"Shield and Spear","floor":54,"turns":1},{"damage":16,"enemies":"The Heart","floor":55,"turns":5}],"seed_played":"-899976070535015207","potions_obtained":[{"floor":3,"key":"Milkshake"},{"floor":6,"key":"GhostInAJar"},{"floor":8,"key":"LiquidBronze"},{"floor":21,"key":"Venom Potion"},{"floor":40,"key":"Poison Potion"}],"is_trial":false,"path_per_floor":["M","$","M","?","M","E","R","E","T","R","M","R","?","E","R","B",null,"M","M","?","M","$","E","R","M","T","?","R","M","E","M","R","B",null,"M","M","M","?","?","E","?","R","T","R","M","E","$","E","R","B",null,"R","$","E","B",null],"character_chosen":"THE_SILENT","items_purchased":["Onion Ring","Chemical X","ReplayTheSpireMod:Shallot","Dagger Spray","Well Laid Plans","Bag of Marbles","StoneCalendar","ReplayTheSpireMod:ShopPack","Noxious Fumes","Sadistic Nature","Replay:Bottled Steam","Toy Ornithopter","Cauldron","aspiration:HummingbirdHeart","qcfpunch:Army_Boots","Frozen Eye","Centennial Puzzle","aspiration:VileToxins","Medical Kit","Atom Bomb","TheAbacus","Molten Egg 2","aspiration:SneckoTail","Panache","MealTicket","Du-Vu Doll","Crippling Poison","Panacea","OrangePellets","Bag of Preparation","aspiration:HiddenCompartment","Flash of Steel+1","conspire:SlowCooker","Pondfish Scales","Smiling Mask","Caltrops","Toxin Wave","conspire:Banana","qcfpunch:Black_Training_Shirt","Replay:Baseball","qcfpunch:Crimson_Sash","Poisoned Strike+1","aspiration:RitualDagger","Replay:Bandana","Pet Ghost","Noxious Fumes","SlaversCollar","Bottled Tornado","Black Star","Gremlin Food","Blue Doll","Catalyst"],"campfire_rested":0,"item_purchase_floors":[2,2,2,2,2,10,10,10,12,12,12,12,12,15,15,15,22,22,22,22,24,24,24,24,28,28,28,28,42,42,42,42,44,44,44,44,44,44,47,47,47,47,49,49,49,49,52,52,53,53,53,53],"current_hp_per_floor":[59,59,53,46,45,14,14,22,22,22,20,20,20,17,17,17,61,60,62,62,43,43,23,23,14,14,14,14,26,28,29,29,35,79,79,79,72,72,72,74,74,74,74,74,78,82,97,97,97,85,93,93,101,98,82],"gold":1069,"neow_bonus":"NOSTALGIA","is_daily":false,"chose_seed":false,"campfire_upgraded":0,"win_rate":0.0,"timestamp":1611970252,"path_taken":["M","$","M","?","M","E","R","E","T","R","M","R","?","E","R","BOSS","M","M","?","M","?","E","R","M","T","?","R","M","E","M","R","BOSS","M","M","M","?","?","E","?","R","T","R","M","E","$","E","R","BOSS","R","$","E","BOSS"],"items_purchased_type":["Relic","Relic","Relic","Card","Card","Relic","Relic","Relic","Card","Card","Relic","Relic","Relic","Relic","Relic","Relic","Relic","Relic","Relic","Card","Relic","Relic","Relic","Card","Relic","Relic","Card","Card","Relic","Relic","Relic","Card","Relic","Relic","Relic","Card","Card","Card","Relic","Relic","Relic","Card","Relic","Relic","Relic","Card","Relic","Relic","Relic","Relic","Relic","Card"],"build_version":"2020-12-22","purchased_purges":12,"victory":true,"max_hp_per_floor":[70,70,70,70,70,70,70,70,70,70,72,72,72,74,74,76,76,78,80,80,82,82,84,84,86,86,86,86,88,90,92,92,94,94,94,94,96,96,96,98,98,98,98,98,102,106,106,106,106,106,106,106,106,106,106],"relic_stats":{"Regal Pillow":0,"counters":[27,94],"StoneCalendar":[0],"Bag of Preparation":[8],"Medical Kit":[2],"Smiling Mask":825,"OrangePellets":[4],"Centennial Puzzle":[17],"Tough Bandages":[12],"TheAbacus":[72],"Shuriken":[5],"Bronze Scales":[48],"MealTicket":23,"Pandora\u0027s Box":["Finisher"],"Black Star":1,"Chemical X":[1],"obtain_stats":[{"aspiration:SneckoTail":24,"Hammer of Thor":0,"Bottled Tornado":52,"Centennial Puzzle":22,"Replay:Bronze Core":17,"MealTicket":28,"Replay:Bottled Steam":12,"conspire:Dentures":54,"aspiration:Nostalgia":0,"Ring of Chaos":41,"conspire:SlowCooker":44,"aspiration:HiddenCompartment":42,"Du-Vu Doll":28,"OrangePellets":42,"SlaversCollar":52,"Replay:Baseball":47,"ReplayTheSpireMod:Shallot":2,"Anvil of the Gods":0,"Shuriken":6,"Bronze Scales":46,"Onion Ring":2,"Molten Egg 2":24,"Pandora\u0027s Box":34,"CultistMask":20,"Black Star":53,"ReplayFunnel":40,"ReplayTheSpireMod:Ring of Exchange":41,"Regal Pillow":48,"StoneCalendar":10,"Blue Doll":53,"Bag of Preparation":42,"Replay:Mystery Machine":23,"Smiling Mask":44,"qcfpunch:Crimson_Sash":47,"Pet Ghost":49,"qcfpunch:Wild_Herbs_Ointment":43,"Frozen Eye":15,"Tough Bandages":30,"Replay:Bandana":49,"TheAbacus":24,"Red Mask":39,"Chemical X":2,"Ring of the Snake":0,"aspiration:VileToxins":22,"Gremlin Food":53,"qcfpunch:Army_Boots":15,"Replay:M_StaffOfTheSnake":0,"ReplayTheSpireMod:Ninjato":14,"qcfpunch:Black_Training_Shirt":47,"aspiration:HummingbirdHeart":15,"Seething Fire":0,"Medical Kit":22,"White Beast Statue":8,"Cauldron":12,"Pondfish Scales":44,"Bag of Marbles":10,"qcfpunch:Red_Headband":54,"aspiration:RitualDagger":49,"conspire:DeflatedDodgeball":26,"Toy Ornithopter":12,"ReplayTheSpireMod:ShopPack":10},{"aspiration:SneckoTail":12,"Hammer of Thor":0,"Bottled Tornado":25,"Centennial Puzzle":11,"Replay:Bronze Core":8,"MealTicket":13,"Replay:Bottled Steam":6,"conspire:Dentures":26,"aspiration:Nostalgia":0,"Ring of Chaos":21,"conspire:SlowCooker":21,"aspiration:HiddenCompartment":21,"Du-Vu Doll":13,"OrangePellets":21,"SlaversCollar":25,"Replay:Baseball":23,"ReplayTheSpireMod:Shallot":1,"Anvil of the Gods":0,"Shuriken":4,"Bronze Scales":23,"Onion Ring":1,"Molten Egg 2":12,"Pandora\u0027s Box":17,"CultistMask":10,"Black Star":25,"ReplayFunnel":21,"ReplayTheSpireMod:Ring of Exchange":21,"Regal Pillow":24,"StoneCalendar":5,"Blue Doll":25,"Bag of Preparation":21,"Replay:Mystery Machine":12,"Smiling Mask":21,"qcfpunch:Crimson_Sash":23,"Pet Ghost":24,"qcfpunch:Wild_Herbs_Ointment":21,"Frozen Eye":7,"Tough Bandages":15,"Replay:Bandana":24,"TheAbacus":12,"Red Mask":20,"Chemical X":1,"Ring of the Snake":0,"aspiration:VileToxins":11,"Gremlin Food":25,"qcfpunch:Army_Boots":7,"Replay:M_StaffOfTheSnake":0,"ReplayTheSpireMod:Ninjato":7,"qcfpunch:Black_Training_Shirt":23,"aspiration:HummingbirdHeart":7,"Seething Fire":0,"Medical Kit":11,"White Beast Statue":5,"Cauldron":6,"Pondfish Scales":21,"Bag of Marbles":5,"qcfpunch:Red_Headband":26,"aspiration:RitualDagger":24,"conspire:DeflatedDodgeball":13,"Toy Ornithopter":6,"ReplayTheSpireMod:ShopPack":5},{"aspiration:SneckoTail":48,"Hammer of Thor":0,"Bottled Tornado":89,"Centennial Puzzle":44,"Replay:Bronze Core":31,"MealTicket":52,"Replay:Bottled Steam":22,"conspire:Dentures":89,"aspiration:Nostalgia":0,"Ring of Chaos":79,"conspire:SlowCooker":79,"aspiration:HiddenCompartment":79,"Du-Vu Doll":52,"OrangePellets":79,"SlaversCollar":89,"Replay:Baseball":85,"ReplayTheSpireMod:Shallot":4,"Anvil of the Gods":0,"Shuriken":15,"Bronze Scales":85,"Onion Ring":4,"Molten Egg 2":48,"Pandora\u0027s Box":68,"CultistMask":38,"Black Star":89,"ReplayFunnel":79,"ReplayTheSpireMod:Ring of Exchange":79,"Regal Pillow":85,"StoneCalendar":19,"Blue Doll":89,"Bag of Preparation":79,"Replay:Mystery Machine":48,"Smiling Mask":79,"qcfpunch:Crimson_Sash":85,"Pet Ghost":85,"qcfpunch:Wild_Herbs_Ointment":79,"Frozen Eye":25,"Tough Bandages":58,"Replay:Bandana":85,"TheAbacus":48,"Red Mask":75,"Chemical X":4,"Ring of the Snake":0,"aspiration:VileToxins":44,"Gremlin Food":89,"qcfpunch:Army_Boots":25,"Replay:M_StaffOfTheSnake":0,"ReplayTheSpireMod:Ninjato":25,"qcfpunch:Black_Training_Shirt":85,"aspiration:HummingbirdHeart":25,"Seething Fire":0,"Medical Kit":44,"White Beast Statue":19,"Cauldron":22,"Pondfish Scales":79,"Bag of Marbles":19,"qcfpunch:Red_Headband":89,"aspiration:RitualDagger":85,"conspire:DeflatedDodgeball":52,"Toy Ornithopter":22,"ReplayTheSpireMod:ShopPack":19}],"Toy Ornithopter":0,"Ring of the Snake":[48]},"card_choices":[{"not_picked":["Deadly Poison","PiercingWail","Acrobatics"],"picked":"SKIP","floor":1},{"not_picked":["Underhanded Strike","ReplayTheSpireMod:Tripwire","Reflex"],"picked":"SKIP","floor":3},{"not_picked":["Malaise","Backstab"],"picked":"Draining Mist","floor":5},{"not_picked":["Slice","InnerPeace","Dash"],"picked":"SKIP","floor":6},{"not_picked":["Bane","CutThroughFate","Dagger Spray"],"picked":"SKIP","floor":8},{"not_picked":["Violence","Madness"],"picked":"conspire:Banana","floor":10},{"not_picked":["Dash","Crescendo"],"picked":"Noxious Fumes","floor":11},{"not_picked":["CutThroughFate","Deadly Poison"],"picked":"Noxious Fumes","floor":14},{"not_picked":["A Thousand Cuts","Tools of the Trade"],"picked":"MasterReality","floor":16},{"not_picked":["Blade Dance","Dagger Spray"],"picked":"Replay:Poison Smokescreen+1","floor":18},{"not_picked":["Riddle With Holes","Dodge and Roll"],"picked":"Catalyst","floor":19},{"not_picked":["Flying Knee+1","Bane","Hidden Blade+1"],"picked":"SKIP","floor":21},{"not_picked":["Doppelganger","Prepared","PiercingWail+1"],"picked":"SKIP","floor":23},{"not_picked":["Poisoned Stab+1","Prepared","Reflex"],"picked":"SKIP","floor":25},{"not_picked":["Bane+1","PiercingWail","Endless Agony+1"],"picked":"SKIP","floor":29},{"not_picked":["Backflip","Dagger Throw+1","Acrobatics+1"],"picked":"SKIP","floor":30},{"not_picked":["Hidden Blade+1","Acrobatics"],"picked":"Corpse Explosion","floor":31},{"not_picked":["Atom Bomb+1","Night Terror"],"picked":"ReplayTheSpireMod:Necrosis","floor":33},{"not_picked":["Blade Dance+1","Deflect+1","Cloak And Dagger+1"],"picked":"SKIP","floor":35},{"not_picked":["Quick Slash+1","Dagger Spray+1","PiercingWail+1"],"picked":"SKIP","floor":36},{"not_picked":["Cloak And Dagger+1","Terror"],"picked":"Crippling Poison+1","floor":37},{"not_picked":["Quick Slash+1","Atom Bomb+1","ReplayTheSpireMod:The Works+1"],"picked":"SKIP","floor":40},{"not_picked":["Acrobatics","Prepared","Hidden Blade"],"picked":"SKIP","floor":45},{"not_picked":["Deadly Poison+1","Underhanded Strike+1","Acrobatics+1"],"picked":"SKIP","floor":46},{"not_picked":["ReplayTheSpireMod:Scrap Shanks","A Thousand Cuts"],"picked":"Toxin Wave+1","floor":48},{"not_picked":["Flechettes+1","Dagger Spray+1"],"picked":"Bouncing Flask","floor":54}],"player_experience":208129,"relics_obtained":[{"floor":6,"key":"Shuriken"},{"floor":8,"key":"White Beast Statue"},{"floor":14,"key":"ReplayTheSpireMod:Ninjato"},{"floor":23,"key":"Replay:Mystery Machine"},{"floor":26,"key":"conspire:DeflatedDodgeball"},{"floor":30,"key":"Tough Bandages"},{"floor":40,"key":"ReplayFunnel"},{"floor":41,"key":"Ring of Chaos"},{"floor":41,"key":"ReplayTheSpireMod:Ring of Exchange"},{"floor":43,"key":"qcfpunch:Wild_Herbs_Ointment"},{"floor":46,"key":"Bronze Scales"},{"floor":48,"key":"Regal Pillow"},{"floor":54,"key":"conspire:Dentures"},{"floor":54,"key":"qcfpunch:Red_Headband"}],"event_choices":[{"cards_removed":["Strike_G"],"damage_healed":0,"gold_gain":0,"player_choice":"Card Removal","damage_taken":7,"max_hp_gain":0,"max_hp_loss":0,"event_name":"Golden Wing","floor":4,"gold_loss":0},{"damage_healed":0,"gold_gain":0,"player_choice":"Leave","damage_taken":0,"max_hp_gain":0,"max_hp_loss":0,"event_name":"conspire:Investor","floor":13,"gold_loss":0},{"damage_healed":0,"gold_gain":0,"player_choice":"Trade","damage_taken":0,"relics_obtained":["CultistMask"],"max_hp_gain":0,"max_hp_loss":0,"event_name":"FaceTrader","floor":20,"gold_loss":0},{"damage_healed":0,"gold_gain":0,"player_choice":"Read","damage_taken":0,"max_hp_gain":0,"max_hp_loss":0,"event_name":"The Library","floor":27,"gold_loss":0,"cards_obtained":["Toxin Wave"]},{"cards_removed":["Neutralize"],"damage_healed":0,"gold_gain":0,"player_choice":"Removed Attack","damage_taken":0,"max_hp_gain":0,"max_hp_loss":0,"event_name":"Falling","floor":38,"gold_loss":0},{"damage_healed":0,"gold_gain":0,"player_choice":"Paid","damage_taken":0,"relics_obtained":["Red Mask"],"max_hp_gain":0,"max_hp_loss":0,"event_name":"Tomb of Lord Red Mask","floor":39,"gold_loss":3622}],"is_beta":false,"boss_relics":[{"not_picked":["Cursed Key","aspiration:FutureDiary"],"picked":"Replay:Bronze Core"},{"not_picked":["Honey Jar","Busted Crown"],"picked":"Pandora\u0027s Box"}],"items_purged_floors":[2,10,12,15,22,24,28,32,42,44,47,49],"is_endless":false,"potions_floor_spawned":[3,6,8,11,14,16,18,19,21,23,25,29,30,31,33,35,36,37,40,45,46,48,54],"ascension_level":6}}