{"host":"xkmvu47k9fdstweo","time":1611986098,"event":{"mods":["BaseMod","Colored Map","Conspire","HololiveMod","Hubris","Minty Spire (QoL Compilation)","Quick Restart","Shop Mod","StSLib"],"gold_per_floor":[76,96,29,29,48,86,101,132,155,155,155,8,8,32,32,169,169,188,221,241,241,264,303,303,303,378,86,86,101,124,54,54,179,179,194,194,219,66,0,0,46,46,121,121,92,138,182,182,182,200],"floor_reached":51,"language":"ENG","playtime":1481,"items_purged":["Hololive_Strike"],"score":1360,"play_id":"10a76563-8510-425e-9acc-4fd9654bf4c5","local_time":"20210130005458","is_ascension_mode":true,"campfire_choices":[{"data":"Hololive_DDD","floor":11,"key":"SMITH"},{"floor":13,"key":"REST"},{"data":"Hololive_CallShiroganeNoel","floor":15,"key":"SMITH"},{"data":"Hololive_Nanodesu","floor":24,"key":"SMITH"},{"data":"Hololive_CallTokinoSora","floor":28,"key":"SMITH"},{"data":"Hololive_CallSpadeEcho","floor":32,"key":"SMITH"},{"data":"Hololive_StrengthChampion+1","floor":44,"key":"SMITH"},{"data":"Hololive_BringToTrial","floor":49,"key":"SMITH"}],"circlet_count":0,"master_deck":["Hololive_Defend+1","Hololive_Defend+1","Hololive_SoulCatcher+1","Hololive_CallNekomataOkayu+1","Hololive_CallShiranuiFlare+1","Hololive_CallYozoraMel+1","Hololive_CallAZKi+1","Hololive_CallTokoyamiTowa+1","Hololive_CallOzoraSubaru+1","Hololive_CallShiroganeNoel+1","Hololive_CallOkamiMio+1","Hololive_RevenueBasedLive+1","Hololive_CallHimemoriLuna+1","Hololive_CallShirakamiFubuki+1","Hololive_DDD+1","Hololive_HuntDinosaur+1","Hololive_CocoNews+1","Hololive_Nanodesu+1","Hololive_CallKiryuuCoco+1","Hololive_CocoNews+1","Hololive_HuntDinosaur+1","Hololive_CallAkaiHaato+1","Hololive_FlyingPonyTail+1","Hololive_CallAyundaRisu+1","Hololive_StarCraft+1","Hololive_CallTokinoSora+1","Hololive_CallYuzukiChoco+1","Hololive_StrengthChampion+2","Hololive_CallSpadeEcho+1","Hololive_DDD+1","Hololive_CallYukihanaLamy+1","Hololive_Thief+1","Hololive_CallManoAloe+1","Hololive_BringToTrial+1","Hololive_CallAkiRosenthal+1","Hololive_Spy+1"],"relics":["Hololive_TheStar","NeowsBlessing","Golden Idol","conspire:DecoderRing","conspire:Dentures","Bag of Marbles","Omamori","Cursed Key","hubris:DeckOfHolding","Bottled Flame","hubris:Backtick","Mummified Hand","PreservedInsect","Red Mask","Mark of the Bloom","The Courier","Ornamental Fan","HornCleat","Centennial Puzzle"],"acts_visited":["Exordium","TheCity","TheBeyond"],"potions_floor_usage":[7,14,23,47],"damage_taken":[{"damage":0,"enemies":"Cultist","floor":1,"turns":1},{"damage":0,"enemies":"2 Louse","floor":2,"turns":2},{"damage":0,"enemies":"Jaw Worm","floor":5,"turns":1},{"damage":0,"enemies":"Gremlin Nob","floor":6,"turns":3},{"damage":4,"enemies":"Gremlin Gang","floor":7,"turns":4},{"damage":0,"enemies":"Lagavulin","floor":8,"turns":4},{"damage":0,"enemies":"conspire:2 RoseBushes","floor":14,"turns":1},{"damage":0,"enemies":"Hexaghost","floor":16,"turns":8},{"damage":0,"enemies":"Shell Parasite","floor":18,"turns":3},{"damage":0,"enemies":"2 Thieves","floor":19,"turns":4},{"damage":0,"enemies":"Snake Plant","floor":20,"turns":4},{"damage":0,"enemies":"Cultist and Chosen","floor":22,"turns":3},{"damage":0,"enemies":"Gremlin Leader","floor":23,"turns":4},{"damage":0,"enemies":"Shelled Parasite and Fungi","floor":29,"turns":3},{"damage":0,"enemies":"Snecko","floor":30,"turns":3},{"damage":0,"enemies":"conspire:MysteriousRune","floor":33,"turns":6},{"damage":0,"enemies":"3 Shapes","floor":35,"turns":3},{"damage":0,"enemies":"3 Darklings","floor":37,"turns":3},{"damage":0,"enemies":"Nemesis","floor":41,"turns":5},{"damage":0,"enemies":"Transient","floor":46,"turns":5},{"damage":0,"enemies":"Reptomancer","floor":47,"turns":4},{"damage":0,"enemies":"hubris:GrandSnecko","floor":50,"turns":9}],"seed_played":"1407835688707502472","potions_obtained":[{"floor":1,"key":"Block Potion"},{"floor":6,"key":"SmokeBomb"},{"floor":8,"key":"Explosive Potion"},{"floor":22,"key":"Swift Potion"},{"floor":29,"key":"EssenceOfSteel"},{"floor":30,"key":"AttackPotion"},{"floor":46,"key":"Dexterity Potion"}],"is_trial":false,"path_per_floor":["M","M","$","?","M","E","M","E","T","?","R","$","R","M","R","B",null,"M","M","M","?","M","E","R","?","T","$","R","M","M","$","R","B",null,"M","?","M","$","?","?","E","?","T","R","$","M","E","?","R","B",null],"character_chosen":"Hololive_HololiveCharacter","items_purchased":["Hololive_CallOkamiMio","Omamori","Hololive_StarCraft","Hololive_CallTokinoSora","Hololive_CallSpadeEcho","PreservedInsect","Hololive_BringToTrial"],"campfire_rested":1,"item_purchase_floors":[3,12,27,27,31,38,45],"current_hp_per_floor":[35,35,35,27,27,27,23,23,23,23,23,23,33,33,33,33,35,35,35,35,35,35,35,35,35,35,35,35,35,35,35,35,35,35,35,35,35,35,35,35,35,35,35,35,35,35,35,35,35,35],"gold":200,"neow_bonus":"THREE_ENEMY_KILL","is_daily":false,"chose_seed":false,"campfire_upgraded":7,"win_rate":0.0,"timestamp":1611986098,"path_taken":["M","M","$","?","M","E","M","E","T","?","R","$","R","M","R","BOSS","M","?","M","?","?","E","R","?","T","$","R","M","?","$","R","BOSS","M","?","?","$","?","?","E","?","T","R","$","M","E","?","R","BOSS"],"items_purchased_type":["Card","Relic","Card","Card","Card","Relic","Card"],"build_version":"2020-12-22","purchased_purges":1,"victory":true,"max_hp_per_floor":[35,35,35,35,35,35,35,35,35,35,35,35,35,35,35,35,35,35,35,35,35,35,35,35,35,35,35,35,35,35,35,35,35,35,35,35,35,35,35,35,35,35,35,35,35,35,35,35,35,35],"card_choices":[{"not_picked":["Hololive_CallCivia","Hololive_StrengthChampion","Hololive_CallManoAloe"],"picked":"Hololive_CallOzoraSubaru","floor":1},{"not_picked":["Hololive_StrengthChampion","Hololive_Psychosis","Hololive_CocoNews"],"picked":"Hololive_CallShiroganeNoel","floor":2},{"not_picked":["Hololive_CallRoboco","Hololive_Drill","Hololive_CallShiroganeNoel"],"picked":"Hololive_RevenueBasedLive","floor":5},{"not_picked":["Hololive_CallArtia","Hololive_RevenueBasedLive","Hololive_CallAyundaRisu"],"picked":"Hololive_CallHimemoriLuna","floor":6},{"not_picked":["Hololive_LuckPotion","Hololive_OvertimeWork","Hololive_CallFriendA"],"picked":"Hololive_CallShirakamiFubuki","floor":7},{"not_picked":["Hololive_Rebound","Hololive_Spy","Hololive_StrengthChampion"],"picked":"Hololive_DDD","floor":8},{"not_picked":["Hololive_Psychosis","Hololive_Breathe","Hololive_RevenueBasedLive"],"picked":"Hololive_CocoNews","floor":14},{"not_picked":["Hololive_DiamondStrike","Hololive_ASMR","Hololive_WolfAndLamb"],"picked":"Hololive_Nanodesu","floor":16},{"not_picked":["Hololive_Drill","Hololive_HuntDinosaur","Hololive_StrengthChampion"],"picked":"Hololive_CallKiryuuCoco","floor":18},{"not_picked":["Hololive_LuckPotion+1","Hololive_RevenueBasedLive+1","Hololive_Yoholoon"],"picked":"Hololive_CocoNews+1","floor":19},{"not_picked":["Hololive_RevenueBasedLive+1","Hololive_Trident","Hololive_Breathe"],"picked":"Hololive_HuntDinosaur+1","floor":20},{"not_picked":["Hololive_Trident","Hololive_Drill","Hololive_Teleport"],"picked":"Hololive_CallAkaiHaato+1","floor":22},{"not_picked":["Hololive_ILoveYou+1","Hololive_CallTsunomakiWatame","Hololive_Trident"],"picked":"Hololive_FlyingPonyTail+1","floor":23},{"not_picked":["Hololive_Yoholoon","Hololive_RevenueBasedLive+1","Hololive_CallTokinoSora"],"picked":"Hololive_CallYuzukiChoco","floor":29},{"not_picked":["Hololive_Drill","Hololive_LuckPotion","Hololive_FlyingPonyTail+1"],"picked":"Hololive_StrengthChampion","floor":30},{"not_picked":["Hololive_BeCareful","Hololive_ScarfAndHalo","Hololive_HighAtkLowDef"],"picked":"Hololive_DDD","floor":33},{"not_picked":["Hololive_HuntDinosaur+1","Hololive_OvertimeWork+1","Hololive_Breathe"],"picked":"Hololive_CallYukihanaLamy+1","floor":35},{"not_picked":["Hololive_StrengthChampion+1","Hololive_Drill+1","Hololive_Psychosis"],"picked":"Hololive_Thief","floor":37},{"not_picked":["Hololive_Drill+1","Hololive_CallShiroganeNoel","Hololive_RevenueBasedLive+1"],"picked":"Hololive_CallManoAloe+1","floor":41},{"not_picked":["Hololive_CallUruhaRushia+1","Hololive_CallMoonaHoshinova+1","Hololive_CallFriendA+1"],"picked":"Hololive_CallAkiRosenthal+1","floor":46},{"not_picked":["Hololive_CocoNews+1","Hololive_LuckPotion+1","Hololive_Teleport+1"],"picked":"Hololive_Spy+1","floor":47}],"player_experience":322258,"relics_obtained":[{"floor":6,"key":"conspire:DecoderRing"},{"floor":8,"key":"conspire:Dentures"},{"floor":9,"key":"Bag of Marbles"},{"floor":23,"key":"hubris:DeckOfHolding"},{"floor":26,"key":"Bottled Flame"},{"floor":41,"key":"The Courier"},{"floor":43,"key":"Ornamental Fan"},{"floor":47,"key":"HornCleat"},{"floor":48,"key":"Centennial Puzzle"}],"event_choices":[{"damage_healed":0,"gold_gain":0,"player_choice":"Take Damage","damage_taken":8,"relics_obtained":["Golden Idol"],"max_hp_gain":0,"max_hp_loss":0,"event_name":"Golden Idol","floor":4,"gold_loss":0},{"damage_healed":0,"gold_gain":0,"player_choice":"1 cards matched","damage_taken":0,"max_hp_gain":0,"max_hp_loss":0,"event_name":"Match and Keep!","floor":10,"gold_loss":0,"cards_obtained":["Hololive_HuntDinosaur"]},{"damage_healed":0,"gold_gain":0,"player_choice":"Forge","damage_taken":0,"max_hp_gain":0,"max_hp_loss":0,"event_name":"Accursed Blacksmith","floor":21,"gold_loss":0,"cards_upgraded":["Hololive_CallOkamiMio"]},{"damage_healed":0,"gold_gain":0,"cards_transformed":["Hololive_Strike"],"player_choice":"Transformed","damage_taken":0,"max_hp_gain":0,"max_hp_loss":0,"event_name":"Transmorgrifier","floor":25,"gold_loss":0,"cards_obtained":["Hololive_CallAyundaRisu"]},{"damage_healed":0,"gold_gain":0,"player_choice":"Upgraded","damage_taken":0,"max_hp_gain":0,"max_hp_loss":0,"event_name":"Upgrade Shrine","floor":36,"gold_loss":0,"cards_upgraded":["Hololive_CallNekomataOkayu"]},{"damage_healed":0,"gold_gain":0,"player_choice":"Paid","damage_taken":0,"relics_obtained":["Red Mask"],"max_hp_gain":0,"max_hp_loss":0,"event_name":"Tomb of Lord Red Mask","floor":39,"gold_loss":66},{"damage_healed":0,"gold_gain":0,"player_choice":"Upgrade","damage_taken":0,"relics_obtained":["Mark of the Bloom"],"max_hp_gain":0,"max_hp_loss":0,"event_name":"MindBloom","floor":40,"gold_loss":0,"cards_upgraded":["Hololive_Defend","Hololive_Defend","Hololive_SoulCatcher","Hololive_CallShiranuiFlare","Hololive_CallYozoraMel","Hololive_CallAZKi","Hololive_CallTokoyamiTowa","Hololive_CallOzoraSubaru","Hololive_RevenueBasedLive","Hololive_CallHimemoriLuna","Hololive_CallShirakamiFubuki","Hololive_HuntDinosaur","Hololive_CocoNews","Hololive_CallKiryuuCoco","Hololive_CallAyundaRisu","Hololive_StarCraft","Hololive_CallYuzukiChoco","Hololive_StrengthChampion","Hololive_DDD","Hololive_Thief"]},{"damage_healed":0,"gold_gain":0,"player_choice":"Leave","damage_taken":0,"max_hp_gain":0,"max_hp_loss":0,"event_name":"conspire:Investor","floor":42,"gold_loss":0},{"damage_healed":0,"gold_gain":0,"player_choice":"Relic","damage_taken":0,"max_hp_gain":0,"max_hp_loss":0,"event_name":"Wheel of Change","floor":48,"gold_loss":0}],"is_beta":false,"boss_relics":[{"not_picked":["Hololive_TopUpMoneyS","hubris:RunicObelisk"],"picked":"Cursed Key"},{"not_picked":["Pandora\u0027s Box","Astrolabe"],"picked":"hubris:Backtick"}],"items_purged_floors":[27],"is_endless":false,"potions_floor_spawned":[1,6,8,22,29,30,37,46],"ascension_level":5}}