{"host":"3goc4eg48gs58qxk","time":1611992544,"event":{"mods":["BaseMod","Better Note","Downfall","Minty Spire (QoL Compilation)","StSLib","TestMod","Waifu the Spire"],"gold_per_floor":[99,99,99,99,99,99,146,56,56,41,41,191,191,191,209,314,314,214,214,214],"floor_reached":18,"language":"ZHS","playtime":803,"items_purged":["champ:Strike"],"score":142,"play_id":"7c1d220d-9794-41d5-9430-516269a03deb","local_time":"20210130154224","is_ascension_mode":false,"campfire_choices":[{"data":"champ:Taunt","floor":1,"key":"SMITH"},{"data":"champ:Lariat","floor":6,"key":"SMITH"},{"data":"champ:EnragedBash","floor":11,"key":"SMITH"},{"floor":13,"key":"RECALL"}],"circlet_count":0,"master_deck":["champ:Strike","champ:Strike","champ:Strike","champ:Defend","champ:Defend","champ:Defend","champ:Defend","champ:Execute","champ:Taunt+1","champ:EnGarde","champ:Lariat+1","champ:ArenaPreparation","champ:EnragedBash+1","downfall:Icky","champ:VampiricStrike"],"relics":["champ:ChampionCrown","testmod-TestBox","testmod-TurbochargingSystem","downfall:HeartsMalice","testmod-Motorcycle","testmod-BatchProcessingSystem","downfall:HeartBlessingRed"],"acts_visited":["Exordium","TheCity"],"potions_floor_usage":[16],"damage_taken":[{"damage":0,"enemies":"Jaw Worm","floor":2,"turns":1},{"damage":0,"enemies":"Cultist","floor":4,"turns":1},{"damage":0,"enemies":"Small Slimes","floor":5,"turns":1},{"damage":45,"enemies":"downfall:FleeingMerchant","floor":8,"turns":4},{"damage":20,"enemies":"downfall:FleeingMerchant","floor":10,"turns":4},{"damage":25,"enemies":"3 Louse","floor":15,"turns":3},{"damage":124,"enemies":"IC_STATUS_ARCHETYPE","floor":16,"turns":11}],"seed_played":"5028547187142011074","potions_obtained":[{"floor":15,"key":"ColorlessPotion"},{"floor":16,"key":"champ:CounterPotion"}],"is_trial":false,"path_per_floor":["R","M","?","M","M","R","T","$","T","$","R","?","R","?","M","B",null,"R"],"character_chosen":"THE_CHAMP","items_purchased":[],"campfire_rested":0,"item_purchase_floors":[],"current_hp_per_floor":[90,90,90,90,90,90,90,90,90,90,90,90,90,90,80,26,90,90,90,90],"gold":214,"neow_bonus":"THREE_ENEMY_KILL","is_daily":false,"chose_seed":false,"campfire_upgraded":3,"win_rate":0.0,"timestamp":1611992544,"path_taken":["R","M","?","?","M","R","T","$","?","$","R","?","R","?","M","BOSS","R"],"items_purchased_type":[],"build_version":"2020-12-22","purchased_purges":1,"victory":false,"max_hp_per_floor":[90,90,90,90,90,90,90,90,90,90,90,90,90,90,90,90,90,90,90,90],"card_choices":[{"not_picked":["champ:PreciseThrust","champ:Shatter"],"picked":"champ:EnGarde","floor":2},{"not_picked":["champ:Circumvent","champ:StanceDance"],"picked":"champ:Lariat","floor":4},{"not_picked":["champ:RisingSlash","champ:CrownThrow"],"picked":"champ:ArenaPreparation","floor":5},{"not_picked":["champ:PreemptiveStrike","champ:RecklessLeap"],"picked":"champ:EnragedBash","floor":8},{"not_picked":["champ:ShieldWall","champ:FocusedBerserking","champ:StanceDance"],"picked":"SKIP","floor":10},{"not_picked":["champ:BladeFlurry","champ:EndlessRage","champ:ArenaPreparation"],"picked":"SKIP","floor":15},{"not_picked":["champ:MurderStrike","champ:DancingMaster"],"picked":"champ:VampiricStrike","floor":16}],"player_experience":476433,"relics_obtained":[{"floor":9,"key":"testmod-Motorcycle"}],"event_choices":[{"damage_healed":0,"gold_gain":0,"player_choice":"Ignored","damage_taken":0,"max_hp_gain":0,"max_hp_loss":0,"event_name":"给自己的盒子","floor":14,"gold_loss":0}],"is_beta":false,"boss_relics":[{"not_picked":["Snecko Eye","Astrolabe"],"picked":"testmod-BatchProcessingSystem"}],"items_purged_floors":[8],"is_endless":false,"potions_floor_spawned":[15,16],"ascension_level":0}}