{"host":"l3qq6dhgi17n1wbp","time":1611990508,"event":{"mods":["BaseMod","Colored Map","Minty Spire (QoL Compilation)","SuperFastMode"],"gold_per_floor":[118,136,311,42,59,59,87,37,37,70,70,30,30,57,57,154,154,165,46,65,65,82,114,114,140,214,246,277,29,48,48,48,145,145,161,161,206,206,226,226,576,609,658,658,686,686,705,716,716,716],"floor_reached":51,"language":"KOR","playtime":1331,"items_purged":["Strike_G"],"score":1035,"play_id":"637b9950-0c11-4644-8574-f7620b3ed8aa","local_time":"20210130160828","is_ascension_mode":true,"campfire_choices":[{"data":"Metamorphosis","floor":6,"key":"SMITH"},{"data":"Cloak And Dagger","floor":11,"key":"SMITH"},{"data":"Cloak And Dagger","floor":13,"key":"SMITH"},{"floor":15,"key":"REST"},{"data":"Blade Dance","floor":24,"key":"SMITH"},{"floor":32,"key":"REST"},{"data":"Storm of Steel","floor":40,"key":"SMITH"},{"floor":44,"key":"REST"},{"data":"Venomology","floor":46,"key":"SMITH"},{"data":"Cloak And Dagger","floor":49,"key":"SMITH"}],"circlet_count":0,"master_deck":["Strike_G+1","Strike_G+1","Strike_G+1","Defend_G+1","Defend_G+1","Defend_G+1","Defend_G+1","Defend_G+1","Survivor","Neutralize","Cloak And Dagger+1","Cloak And Dagger+1","Backstab","Metamorphosis+1","Backstab","Venomology+1","Backstab+1","Blade Dance+1","Acrobatics+1","Slice","Backstab","Storm of Steel+1","Backstab+1","Backstab","Prepared+1","PiercingWail","Backstab+1","Cloak And Dagger+1","Backflip+1"],"relics":["Ring of the Serpent","NeowsBlessing","Gambling Chip","The Courier","Blood Vial","Pantograph","WristBlade","Oddly Smooth Stone","Enchiridion","Ninja Scroll","Prayer Wheel","Mummified Hand","MawBank","Matryoshka","Turnip","Old Coin","Anchor","Kunai","Boot","Pocketwatch"],"acts_visited":["Exordium","TheCity","TheBeyond"],"potions_floor_usage":[16,28,30,33,33,42,50,50,50,50,50,50,50],"damage_taken":[{"damage":0,"enemies":"Small Slimes","floor":1,"turns":1},{"damage":0,"enemies":"Jaw Worm","floor":2,"turns":1},{"damage":0,"enemies":"2 Louse","floor":5,"turns":1},{"damage":12,"enemies":"Lagavulin","floor":7,"turns":5},{"damage":14,"enemies":"Gremlin Nob","floor":10,"turns":3},{"damage":4,"enemies":"3 Sentries","floor":14,"turns":3},{"damage":34,"enemies":"Hexaghost","floor":16,"turns":10},{"damage":6,"enemies":"3 Byrds","floor":18,"turns":3},{"damage":0,"enemies":"Chosen","floor":20,"turns":3},{"damage":17,"enemies":"Shelled Parasite and Fungi","floor":22,"turns":3},{"damage":0,"enemies":"Slavers","floor":23,"turns":4},{"damage":10,"enemies":"Book of Stabbing","floor":25,"turns":2},{"damage":4,"enemies":"Slavers","floor":27,"turns":4},{"damage":6,"enemies":"Snake Plant","floor":28,"turns":2},{"damage":0,"enemies":"Centurion and Healer","floor":30,"turns":1},{"damage":58,"enemies":"Collector","floor":33,"turns":7},{"damage":2,"enemies":"3 Shapes","floor":35,"turns":3},{"damage":5,"enemies":"2 Orb Walkers","floor":37,"turns":4},{"damage":0,"enemies":"Orb Walker","floor":39,"turns":1},{"damage":0,"enemies":"Mind Bloom Boss Battle","floor":41,"turns":2},{"damage":40,"enemies":"Reptomancer","floor":42,"turns":4},{"damage":0,"enemies":"Nemesis","floor":45,"turns":2},{"damage":0,"enemies":"Maw","floor":47,"turns":4},{"damage":0,"enemies":"Jaw Worm Horde","floor":48,"turns":2},{"damage":68,"enemies":"Time Eater","floor":50,"turns":11}],"seed_played":"-8123119061420650686","potions_obtained":[{"floor":2,"key":"DuplicationPotion"},{"floor":5,"key":"Energy Potion"},{"floor":12,"key":"AttackPotion"},{"floor":16,"key":"SmokeBomb"},{"floor":25,"key":"SteroidPotion"},{"floor":30,"key":"SmokeBomb"},{"floor":33,"key":"SneckoOil"},{"floor":39,"key":"ColorlessPotion"},{"floor":41,"key":"EntropicBrew"},{"floor":45,"key":"Dexterity Potion"},{"floor":47,"key":"PowerPotion"}],"is_trial":false,"path_per_floor":["M","M","?","$","M","R","E","?","T","E","R","?","R","E","R","B",null,"M","$","M","?","M","E","R","E","T","E","M","$","M","?","R","B",null,"M","?","?","?","M","R","?","E","T","R","E","R","M","M","R","B",null],"character_chosen":"THE_SILENT","items_purchased":["Backstab","Metamorphosis","Oddly Smooth Stone","Matryoshka"],"campfire_rested":3,"item_purchase_floors":[4,4,19,29],"current_hp_per_floor":[70,70,70,70,70,70,58,58,58,44,44,44,44,42,63,36,70,64,64,66,50,35,37,37,29,29,27,23,23,25,25,46,12,70,68,68,65,65,67,67,70,30,30,51,53,53,55,57,57,2],"gold":716,"neow_bonus":"THREE_ENEMY_KILL","is_daily":false,"chose_seed":false,"campfire_upgraded":7,"win_rate":0.0,"timestamp":1611990508,"path_taken":["M","M","?","$","M","R","E","?","T","E","R","?","R","E","R","BOSS","M","?","?","?","M","E","R","E","T","E","M","$","M","?","R","BOSS","M","?","?","?","M","R","?","E","T","R","E","R","M","?","R","BOSS"],"items_purchased_type":["Card","Card","Relic","Relic"],"build_version":"2020-12-22","purchased_purges":1,"victory":true,"max_hp_per_floor":[70,70,70,70,70,70,70,70,70,70,70,70,70,70,70,70,70,70,70,70,70,70,70,70,70,70,70,70,70,70,70,70,70,70,70,70,70,70,70,70,70,70,70,70,70,70,70,70,70,70],"card_choices":[{"not_picked":["Poisoned Stab","Blur"],"picked":"Cloak And Dagger","floor":1},{"not_picked":["Blade Dance","Flying Knee"],"picked":"Cloak And Dagger","floor":2},{"not_picked":["Underhanded Strike","Poisoned Stab"],"picked":"Backstab","floor":5},{"not_picked":["Underhanded Strike","All Out Attack","Outmaneuver"],"picked":"SKIP","floor":7},{"not_picked":["Flechettes","Eviscerate","Sucker Punch"],"picked":"SKIP","floor":10},{"not_picked":["Burst","Dagger Throw","Sucker Punch"],"picked":"SKIP","floor":14},{"not_picked":["Burst","Night Terror"],"picked":"Venomology","floor":16},{"not_picked":["Quick Slash","Flying Knee+1","Prepared"],"picked":"SKIP","floor":18},{"not_picked":["Poisoned Stab","Slice"],"picked":"Backstab+1","floor":20},{"not_picked":["Skewer","Backflip"],"picked":"Blade Dance","floor":22},{"not_picked":["Sucker Punch","Deadly Poison","Eviscerate"],"picked":"SKIP","floor":23},{"not_picked":["Deflect","Skewer","Dash"],"picked":"SKIP","floor":25},{"not_picked":["Calculated Gamble","Cloak And Dagger"],"picked":"Acrobatics+1","floor":27},{"not_picked":["Choke","Dagger Spray"],"picked":"Slice","floor":28},{"not_picked":["Leg Sweep","Underhanded Strike","Prepared"],"picked":"SKIP","floor":28},{"not_picked":["Unload","Leg Sweep"],"picked":"Backstab","floor":30},{"not_picked":["Dagger Throw+1","Outmaneuver","Choke"],"picked":"SKIP","floor":30},{"not_picked":["Unload","Venomology"],"picked":"Storm of Steel","floor":33},{"not_picked":["Flechettes+1","Poisoned Stab"],"picked":"Backstab+1","floor":35},{"not_picked":["Flying Knee","Quick Slash+1"],"picked":"Backstab","floor":35},{"not_picked":["Deflect+1","Dagger Throw+1"],"picked":"Prepared+1","floor":37},{"not_picked":["Choke+1","Dash"],"picked":"PiercingWail","floor":39},{"not_picked":["Glass Knife","Deflect","Quick Slash"],"picked":"SKIP","floor":39},{"not_picked":["Deflect+1","Skewer+1"],"picked":"Backstab+1","floor":41},{"not_picked":["Deflect","Poisoned Stab","Dagger Spray"],"picked":"SKIP","floor":42},{"not_picked":["Dodge and Roll+1","Dagger Throw","Bane+1"],"picked":"SKIP","floor":45},{"not_picked":["Masterful Stab","Poisoned Stab"],"picked":"Cloak And Dagger","floor":47},{"not_picked":["Riddle With Holes","Well Laid Plans","Outmaneuver+1"],"picked":"SKIP","floor":47},{"not_picked":["Dagger Spray+1","Bullet Time"],"picked":"Backflip+1","floor":48},{"not_picked":["Leg Sweep+1","All Out Attack","Outmaneuver+1"],"picked":"SKIP","floor":48}],"player_experience":225752,"relics_obtained":[{"floor":7,"key":"Gambling Chip"},{"floor":9,"key":"The Courier"},{"floor":10,"key":"Blood Vial"},{"floor":14,"key":"Pantograph"},{"floor":21,"key":"Enchiridion"},{"floor":23,"key":"Ninja Scroll"},{"floor":25,"key":"Prayer Wheel"},{"floor":26,"key":"Mummified Hand"},{"floor":27,"key":"MawBank"},{"floor":37,"key":"Turnip"},{"floor":41,"key":"Old Coin"},{"floor":42,"key":"Anchor"},{"floor":43,"key":"Kunai"},{"floor":43,"key":"Boot"},{"floor":45,"key":"Pocketwatch"}],"event_choices":[{"damage_healed":0,"gold_gain":175,"player_choice":"AGREE","damage_taken":0,"max_hp_gain":0,"max_hp_loss":0,"event_name":"Liars Game","floor":3,"gold_loss":0,"cards_obtained":["Doubt"]},{"cards_removed":["Doubt"],"damage_healed":0,"gold_gain":0,"player_choice":"Card Removal","damage_taken":0,"max_hp_gain":0,"max_hp_loss":0,"event_name":"The Cleric","floor":8,"gold_loss":50},{"damage_healed":0,"gold_gain":0,"player_choice":"Bought 3 Potions","damage_taken":0,"max_hp_gain":0,"max_hp_loss":0,"event_name":"The Woman in Blue","floor":12,"gold_loss":0},{"damage_healed":0,"gold_gain":0,"player_choice":"Obtained Book","damage_taken":16,"max_hp_gain":0,"max_hp_loss":0,"event_name":"Cursed Tome","floor":21,"gold_loss":0},{"damage_healed":0,"gold_gain":0,"player_choice":"Simplicity","damage_taken":0,"max_hp_gain":0,"max_hp_loss":0,"event_name":"Back to Basics","floor":31,"gold_loss":0,"cards_upgraded":["Strike_G","Strike_G","Strike_G","Strike_G","Defend_G","Defend_G","Defend_G","Defend_G","Defend_G"]},{"cards_removed":["Strike_G"],"damage_healed":0,"gold_gain":0,"player_choice":"Removed Attack","damage_taken":0,"max_hp_gain":0,"max_hp_loss":0,"event_name":"Falling","floor":36,"gold_loss":0},{"damage_healed":0,"gold_gain":0,"player_choice":"Fight","damage_taken":0,"max_hp_gain":0,"max_hp_loss":0,"event_name":"Mysterious Sphere","floor":37,"gold_loss":0},{"damage_healed":0,"gold_gain":0,"player_choice":"Ignored","damage_taken":0,"max_hp_gain":0,"max_hp_loss":0,"event_name":"Tomb of Lord Red Mask","floor":38,"gold_loss":0},{"damage_healed":0,"gold_gain":0,"player_choice":"Fight","damage_taken":0,"max_hp_gain":0,"max_hp_loss":0,"event_name":"MindBloom","floor":41,"gold_loss":0}],"is_beta":false,"boss_relics":[{"not_picked":["Busted Crown","Snecko Eye"],"picked":"WristBlade"},{"not_picked":["Velvet Choker","Philosopher\u0027s Stone"],"picked":"Ring of the Serpent"}],"items_purged_floors":[29],"is_endless":false,"potions_floor_spawned":[2,5,16,23,25,30,33,39,41,45,47],"ascension_level":4}}