{"host":"uv5ws9rdk87e8i5k","time":1611979748,"event":{"mods":["AchievementEnabler","BaseMod","Colored Map","Minty Spire (QoL Compilation)","Permanent Neow","Quick Restart","StSLib","SuperFastMode","The Necromancer"],"gold_per_floor":[118,130,205,221,235,261,261,261,261,271,271,303,315,333,333,333,333],"floor_reached":16,"language":"ENG","playtime":435,"items_purged":[],"score":165,"play_id":"8093ad84-ae09-4163-9d9a-07a021eff278","local_time":"20210129220908","is_ascension_mode":true,"campfire_choices":[{"data":"Bouncing Flask","floor":7,"key":"SMITH"},{"data":"PiercingWail","floor":15,"key":"SMITH"}],"circlet_count":0,"master_deck":["Strike_G","Strike_G","Strike_G","Strike_G","Defend_G","Defend_G","Defend_G","Defend_G","Defend_G","Survivor","Neutralize","Bouncing Flask+1","Blur","Deadly Poison","Bane","Prepared","Poisoned Stab","Deadly Poison","PiercingWail+1","Poisoned Stab"],"relics":["Ring of the Snake","Boot","Eternal Feather","Anchor","PreservedInsect"],"acts_visited":["Exordium"],"potions_floor_usage":[5,6,10,10,12,12,16],"damage_taken":[{"damage":0.0,"enemies":"Jaw Worm","floor":1.0,"turns":4.0},{"damage":0.0,"enemies":"Small Slimes","floor":2.0,"turns":4.0},{"damage":0.0,"enemies":"Cultist","floor":4.0,"turns":3.0},{"damage":5,"enemies":"Exordium Wildlife","floor":5,"turns":5},{"damage":6,"enemies":"Lagavulin","floor":6,"turns":5},{"damage":0,"enemies":"3 Louse","floor":10,"turns":1},{"damage":16,"enemies":"3 Sentries","floor":12,"turns":6},{"damage":1,"enemies":"Red Slaver","floor":13,"turns":3},{"damage":5,"enemies":"Gremlin Gang","floor":14,"turns":7},{"damage":40,"enemies":"Slime Boss","floor":16,"turns":8}],"seed_played":"-5483859791449951334","potions_obtained":[{"floor":1.0,"key":"Dexterity Potion"},{"floor":4.0,"key":"Poison Potion"},{"floor":6,"key":"EntropicBrew"},{"floor":14,"key":"GamblersBrew"}],"is_trial":false,"path_per_floor":["M","M","?","M","M","E","R","?","T","M","?","E","M","M","R","B"],"character_chosen":"THE_SILENT","items_purchased":[],"campfire_rested":0,"item_purchase_floors":[],"current_hp_per_floor":[63,63,52,52,47,41,41,34,34,34,34,33,32,27,39,0,0],"gold":333,"neow_bonus":"THREE_CARDS","is_daily":false,"chose_seed":false,"campfire_upgraded":2,"win_rate":0.0,"timestamp":1611979748,"path_taken":["M","M","?","M","M","E","R","?","T","M","?","E","M","M","R","BOSS"],"items_purchased_type":[],"build_version":"2020-12-22","purchased_purges":0,"victory":false,"max_hp_per_floor":[70,70,70,70,70,70,70,70,70,70,70,70,70,70,70,70,70],"card_choices":[{"not_picked":["Outmaneuver","Flying Knee"],"picked":"Bouncing Flask","floor":0.0},{"not_picked":["Skewer","Acrobatics"],"picked":"Blur","floor":1.0},{"not_picked":["Caltrops","Dodge and Roll"],"picked":"Deadly Poison","floor":2.0},{"not_picked":["Infinite Blades","Masterful Stab"],"picked":"Bane","floor":4.0},{"not_picked":["Expertise","Dodge and Roll"],"picked":"Prepared","floor":5},{"not_picked":["Blade Dance","Quick Slash"],"picked":"Poisoned Stab","floor":6},{"not_picked":["Dagger Throw","Infinite Blades"],"picked":"Deadly Poison","floor":10},{"not_picked":["Eviscerate","Distraction","Dagger Throw"],"picked":"SKIP","floor":12},{"not_picked":["Masterful Stab","Well Laid Plans","Sucker Punch"],"picked":"SKIP","floor":13},{"not_picked":["Blade Dance","Envenom"],"picked":"Poisoned Stab","floor":14}],"player_experience":306674,"relics_obtained":[{"floor":6,"key":"Boot"},{"floor":9,"key":"Anchor"},{"floor":12,"key":"PreservedInsect"}],"event_choices":[{"damage_healed":0.0,"max_hp_gain":0.0,"max_hp_loss":0.0,"gold_gain":75.0,"event_name":"World of Goop","player_choice":"Gather Gold","floor":3.0,"gold_loss":0.0,"damage_taken":11.0},{"damage_healed":0,"gold_gain":0,"player_choice":"Success","damage_taken":7,"relics_obtained":["Eternal Feather"],"max_hp_gain":0,"max_hp_loss":0,"event_name":"Scrap Ooze","floor":8,"gold_loss":0},{"damage_healed":0,"gold_gain":0,"cards_transformed":["Strike_G"],"player_choice":"Transformed","damage_taken":0,"max_hp_gain":0,"max_hp_loss":0,"event_name":"Transmorgrifier","floor":11,"gold_loss":0,"cards_obtained":["PiercingWail"]}],"is_beta":false,"boss_relics":[],"items_purged_floors":[],"is_endless":false,"potions_floor_spawned":[1,4,6,14],"killed_by":"Slime Boss","ascension_level":9}}