{"host":"9l1knhxfturzliqa","time":1611975491,"event":{"mods":["BaseMod","Colored Map","Colored Powertips","DeckTracker","Highlight Path","Keyboard Shortcuts","Minty Spire (QoL Compilation)","Random Character Button"],"gold_per_floor":[113,113,133,150,166,166,183,183,208,208,208,234,79,113,113,211,261,275,304,319,71,82,82,117,117,143,143,157,177,193,227,227,329,329,344,394,411,427,472,502,502,532,582,582,582,607,829,842,842,842,842,842,42,74,74],"floor_reached":56,"language":"KOR","playtime":4413,"items_purged":["Strike_P","Defend_P","Consecrate"],"score":1711,"play_id":"64a17d96-8eca-4a58-9689-c8a6a98d52e2","local_time":"20210130115811","is_ascension_mode":true,"campfire_choices":[{"data":"Eruption","floor":6.0,"key":"SMITH"},{"data":"Meditate","floor":8.0,"key":"SMITH"},{"data":"FearNoEvil","floor":11.0,"key":"SMITH"},{"data":"Adaptation","floor":15.0,"key":"SMITH"},{"data":"MentalFortress","floor":23.0,"key":"SMITH"},{"data":"Strike_P","floor":32.0,"key":"PURGE"},{"data":"Defend_P+1","floor":41.0,"key":"PURGE"},{"floor":44.0,"key":"REST"},{"floor":49,"key":"RECALL"},{"data":"Judgement","floor":52,"key":"PURGE"}],"circlet_count":0,"master_deck":["Eruption+1","Vigilance+1","FearNoEvil+1","Meditate+1","EmptyFist","MentalFortress+1","Adaptation+1","FlurryOfBlows+1","InnerPeace+1","MentalFortress+1","Ragnarok+1","Panache"],"relics":["HolyWater","Juzu Bracelet","Bag of Marbles","Oddly Smooth Stone","Tiny House","Red Mask","Strawberry","Anchor","Tiny Chest","Peace Pipe","Lantern","Girya","Bird Faced Urn","Happy Flower","Eternal Feather","TeardropLocket","Akabeko","War Paint","ClockworkSouvenir","Whetstone"],"acts_visited":["Exordium","TheCity","TheBeyond","TheEnding"],"potions_floor_usage":[55,55,55],"damage_taken":[{"damage":0.0,"enemies":"Jaw Worm","floor":1.0,"turns":5.0},{"damage":0.0,"enemies":"Cultist","floor":3.0,"turns":2.0},{"damage":0.0,"enemies":"Small Slimes","floor":4.0,"turns":2.0},{"damage":0.0,"enemies":"3 Louse","floor":5.0,"turns":2.0},{"damage":6.0,"enemies":"Blue Slaver","floor":7.0,"turns":4.0},{"damage":0.0,"enemies":"Gremlin Nob","floor":12.0,"turns":2.0},{"damage":0.0,"enemies":"Lagavulin","floor":14.0,"turns":4.0},{"damage":2.0,"enemies":"The Guardian","floor":16.0,"turns":7.0},{"damage":5.0,"enemies":"2 Thieves","floor":18.0,"turns":2.0},{"damage":0.0,"enemies":"Masked Bandits","floor":19.0,"turns":3.0},{"damage":8.0,"enemies":"Spheric Guardian","floor":20.0,"turns":4.0},{"damage":0.0,"enemies":"Cultist and Chosen","floor":22.0,"turns":3.0},{"damage":6.0,"enemies":"Slavers","floor":24.0,"turns":5.0},{"damage":0.0,"enemies":"Snake Plant","floor":28.0,"turns":3.0},{"damage":0.0,"enemies":"Shelled Parasite and Fungi","floor":29.0,"turns":1.0},{"damage":0.0,"enemies":"Cultist and Chosen","floor":30.0,"turns":4.0},{"damage":3.0,"enemies":"Book of Stabbing","floor":31.0,"turns":4.0},{"damage":9.0,"enemies":"Automaton","floor":33.0,"turns":6.0},{"damage":0.0,"enemies":"3 Shapes","floor":35.0,"turns":3.0},{"damage":29.0,"enemies":"Mind Bloom Boss Battle","floor":36.0,"turns":4.0},{"damage":0.0,"enemies":"3 Darklings","floor":37.0,"turns":2.0},{"damage":0.0,"enemies":"Transient","floor":38.0,"turns":5.0},{"damage":17.0,"enemies":"2 Orb Walkers","floor":39.0,"turns":4.0},{"damage":24.0,"enemies":"Reptomancer","floor":40.0,"turns":9.0},{"damage":16.0,"enemies":"Nemesis","floor":42.0,"turns":7.0},{"damage":0.0,"enemies":"Giant Head","floor":46.0,"turns":4.0},{"damage":0,"enemies":"Sphere and 2 Shapes","floor":48,"turns":1},{"damage":14,"enemies":"Time Eater","floor":50,"turns":7},{"damage":0,"enemies":"Shield and Spear","floor":54,"turns":3},{"damage":45,"enemies":"The Heart","floor":55,"turns":6}],"seed_played":"2178875914809303465","potions_obtained":[{"floor":1.0,"key":"Fire Potion"},{"floor":4.0,"key":"SteroidPotion"},{"floor":5.0,"key":"ColorlessPotion"},{"floor":12.0,"key":"BottledMiracle"},{"floor":14.0,"key":"BlessingOfTheForge"},{"floor":17.0,"key":"DistilledChaos"},{"floor":19.0,"key":"SneckoOil"},{"floor":20.0,"key":"Weak Potion"},{"floor":24.0,"key":"BlessingOfTheForge"},{"floor":28.0,"key":"EssenceOfSteel"},{"floor":31.0,"key":"Regen Potion"},{"floor":33.0,"key":"CultistPotion"},{"floor":36.0,"key":"LiquidBronze"},{"floor":38.0,"key":"Ancient Potion"},{"floor":42.0,"key":"SmokeBomb"},{"floor":46.0,"key":"Ambrosia"}],"is_trial":false,"path_per_floor":["M","?","M","M","M","R","M","R","T","?","R","E","$","E","R","B",null,"M","?","M","$","M","R","E","?","T","T","M","M","M","E","R","B",null,"M","?","M","M","?","E","R","E","T","R","T","E","?","M","R","B",null,"R","$","E","B",null],"character_chosen":"WATCHER","items_purchased":["MentalFortress","Strawberry","Ragnarok","War Paint","ClockworkSouvenir","StancePotion","Panache"],"campfire_rested":1,"item_purchase_floors":[13,21,53,53,53,53,53],"current_hp_per_floor":[65,65,65,65,65,65,59,59,59,64,64,64,64,64,64,62,78,73,73,65,72,72,72,66,66,66,66,66,66,66,63,63,54,80,80,51,51,66,49,31,31,21,21,53,53,59,59,61,67,59,82,88,88,89,46],"gold":74,"neow_bonus":"REMOVE_CARD","is_daily":false,"chose_seed":false,"campfire_upgraded":5,"win_rate":0.0,"timestamp":1611975491,"path_taken":["M","?","M","?","?","R","M","R","T","?","R","E","$","E","R","BOSS","M","?","M","$","M","R","E","?","T","?","M","M","M","E","R","BOSS","M","?","M","M","?","E","R","E","T","R","?","E","?","M","R","BOSS","R","$","E","BOSS"],"items_purchased_type":["Card","Relic","Card","Relic","Relic","Potion","Card"],"build_version":"2020-12-22","purchased_purges":3,"victory":true,"max_hp_per_floor":[72,72,72,72,72,72,72,72,72,77,77,77,77,77,77,77,82,82,82,82,89,89,89,89,89,89,89,89,89,89,89,89,89,89,89,89,89,89,89,89,89,89,89,89,89,89,89,89,89,89,89,89,89,89,89],"card_choices":[{"not_picked":["WaveOfTheHand","Collect"],"picked":"FearNoEvil","floor":1.0},{"not_picked":["Swivel","WindmillStrike"],"picked":"Meditate","floor":3.0},{"not_picked":["JustLucky","ClearTheMind","FollowUp"],"picked":"SKIP","floor":4.0},{"not_picked":["ReachHeaven","FlurryOfBlows"],"picked":"EmptyFist","floor":5.0},{"not_picked":["FlyingSleeves","ForeignInfluence","Consecrate"],"picked":"SKIP","floor":7.0},{"not_picked":["JustLucky","Crescendo","Nirvana"],"picked":"SKIP","floor":12.0},{"not_picked":["ClearTheMind","DeceiveReality"],"picked":"Adaptation","floor":14.0},{"not_picked":["Vengeance","EmptyFist","Nirvana"],"picked":"SKIP","floor":18.0},{"not_picked":["JustLucky","ClearTheMind"],"picked":"FlurryOfBlows","floor":19.0},{"not_picked":["BattleHymn","ThirdEye","JustLucky"],"picked":"SKIP","floor":20.0},{"not_picked":["Meditate","Crescendo","Wireheading"],"picked":"SKIP","floor":22.0},{"not_picked":["Evaluate","SpiritShield","SashWhip+1"],"picked":"SKIP","floor":24.0},{"not_picked":["ClearTheMind+1","FlurryOfBlows","Protect"],"picked":"SKIP","floor":28.0},{"not_picked":["FlyingSleeves","SashWhip","Sanctity+1"],"picked":"SKIP","floor":29.0},{"not_picked":["CutThroughFate","Crescendo","SandsOfTime"],"picked":"SKIP","floor":30.0},{"not_picked":["Halt","FollowUp+1","Evaluate+1"],"picked":"SKIP","floor":31.0},{"not_picked":["Crescendo+1","Nirvana"],"picked":"InnerPeace","floor":35.0},{"not_picked":["FlyingSleeves+1","Halt+1"],"picked":"MentalFortress+1","floor":37.0},{"not_picked":["Crescendo+1","Protect+1","MentalFortress+1"],"picked":"SKIP","floor":38.0},{"not_picked":["Nirvana","Prostrate","EmptyFist+1"],"picked":"SKIP","floor":40.0},{"not_picked":["LikeWater","PathToVictory+1","Prostrate+1"],"picked":"SKIP","floor":42.0},{"not_picked":["LessonLearned","BowlingBash","EmptyFist"],"picked":"SKIP","floor":46.0},{"not_picked":["SashWhip","Nirvana+1","EmptyFist+1"],"picked":"SKIP","floor":48},{"not_picked":["CutThroughFate","PathToVictory","EmptyFist+1"],"picked":"SKIP","floor":54}],"player_experience":550991,"relics_obtained":[{"floor":9.0,"key":"Juzu Bracelet"},{"floor":12.0,"key":"Bag of Marbles"},{"floor":14.0,"key":"Oddly Smooth Stone"},{"floor":19.0,"key":"Red Mask"},{"floor":24.0,"key":"Anchor"},{"floor":26.0,"key":"Tiny Chest"},{"floor":27.0,"key":"Peace Pipe"},{"floor":31.0,"key":"Lantern"},{"floor":36.0,"key":"Girya"},{"floor":39.0,"key":"Bird Faced Urn"},{"floor":40.0,"key":"Happy Flower"},{"floor":42.0,"key":"Eternal Feather"},{"floor":45.0,"key":"TeardropLocket"},{"floor":46.0,"key":"Akabeko"},{"floor":54,"key":"Whetstone"}],"event_choices":[{"cards_removed":["Defend_P"],"damage_healed":0.0,"max_hp_gain":0.0,"max_hp_loss":0.0,"gold_gain":0.0,"event_name":"Bonfire Elementals","player_choice":"Offered Basic","floor":2.0,"gold_loss":0.0,"damage_taken":0.0},{"damage_healed":0.0,"max_hp_gain":5.0,"max_hp_loss":0.0,"gold_gain":0.0,"event_name":"Big Fish","player_choice":"Donut","floor":10.0,"gold_loss":0.0,"damage_taken":0.0},{"damage_healed":0.0,"max_hp_gain":0.0,"max_hp_loss":0.0,"gold_gain":0.0,"event_name":"Masked Bandits","player_choice":"Fought Bandits","floor":19.0,"gold_loss":0.0,"damage_taken":0.0},{"damage_healed":0.0,"max_hp_gain":0.0,"max_hp_loss":0.0,"gold_gain":0.0,"cards_transformed":["Strike_P","Defend_P"],"event_name":"Drug Dealer","player_choice":"Became Test Subject","floor":25.0,"gold_loss":0.0,"damage_taken":0.0,"cards_obtained":["Consecrate","Judgement"]},{"damage_healed":0.0,"max_hp_gain":0.0,"max_hp_loss":0.0,"gold_gain":0.0,"event_name":"MindBloom","player_choice":"Fight","floor":36.0,"gold_loss":0.0,"damage_taken":0.0},{"damage_healed":0.0,"max_hp_gain":0.0,"max_hp_loss":0.0,"gold_gain":0.0,"event_name":"Mysterious Sphere","player_choice":"Fight","floor":39.0,"gold_loss":0.0,"damage_taken":0.0},{"damage_healed":0.0,"max_hp_gain":0.0,"max_hp_loss":0.0,"gold_gain":222.0,"event_name":"Tomb of Lord Red Mask","player_choice":"Wore Mask","floor":47.0,"gold_loss":0.0,"damage_taken":0.0}],"is_beta":false,"boss_relics":[{"not_picked":["Pandora\u0027s Box","Snecko Eye"],"picked":"Tiny House"},{"not_picked":["Cursed Key","Fusion Hammer"],"picked":"HolyWater"}],"items_purged_floors":[13,21,53],"is_endless":false,"potions_floor_spawned":[1,4,5,12,14,19,20,24,28,31,33,36,38,42,46,54],"ascension_level":6}}