{"host":"kpyf5rnb72uwap8k","time":1611995567,"event":{"mods":["AchievementEnabler","BaseMod","Colored Map","Colored Powertips","DeckTracker","Minty Spire (QoL Compilation)","Permanent Neow","Quick Restart","StSLib","SuperFastMode"],"gold_per_floor":[118,130,55,66,66,107,107,129,129,129,79,79,91,120,120,229,238,250,73,97,31,51,51,79,95,95,95,95,130,130,130],"floor_reached":30,"language":"KOR","playtime":1053,"items_purged":["Strike_G","Strike_G"],"score":297,"play_id":"176ef256-d7df-4df0-b5df-4b89c44c4980","local_time":"20210130173247","is_ascension_mode":true,"campfire_choices":[{"floor":7.0,"key":"REST"},{"floor":10.0,"key":"REST"},{"data":"Leg Sweep","floor":15.0,"key":"SMITH"},{"floor":23.0,"key":"REST"}],"circlet_count":0,"master_deck":["Strike_G","Strike_G","Defend_G","Defend_G","Defend_G","Defend_G","Defend_G","Survivor","Neutralize","Swift Strike","Quick Slash","Dagger Throw","Leg Sweep+1","Flying Knee","Underhanded Strike","Grand Finale","CurseOfTheBell","Leg Sweep+1","Footwork"],"relics":["Ring of the Snake","CeramicFish","Matryoshka","Calling Bell","Tiny Chest","Mummified Hand","StoneCalendar","Pocketwatch","Lantern","Singing Bowl","Gambling Chip"],"acts_visited":["Exordium","TheCity"],"potions_floor_usage":[29,29,29],"damage_taken":[{"damage":5.0,"enemies":"Cultist","floor":1.0,"turns":4.0},{"damage":1.0,"enemies":"Jaw Worm","floor":2.0,"turns":2.0},{"damage":1.0,"enemies":"Small Slimes","floor":4.0,"turns":4.0},{"damage":26.0,"enemies":"3 Sentries","floor":6.0,"turns":11.0},{"damage":8.0,"enemies":"3 Louse","floor":8.0,"turns":4.0},{"damage":0.0,"enemies":"Red Slaver","floor":13.0,"turns":3.0},{"damage":0.0,"enemies":"Blue Slaver","floor":14.0,"turns":4.0},{"damage":21.0,"enemies":"Hexaghost","floor":16.0,"turns":11.0},{"damage":9.0,"enemies":"2 Thieves","floor":18.0,"turns":3.0},{"damage":11.0,"enemies":"Shell Parasite","floor":20.0,"turns":7.0},{"damage":15.0,"enemies":"Snake Plant","floor":22.0,"turns":7.0},{"damage":5.0,"enemies":"Book of Stabbing","floor":24.0,"turns":8.0},{"damage":19.0,"enemies":"Shelled Parasite and Fungi","floor":25.0,"turns":14.0},{"damage":80,"enemies":"Gremlin Leader","floor":29,"turns":10},{"damage":17,"enemies":"3 Cultists","floor":30,"turns":4}],"seed_played":"4997015947919521513","potions_obtained":[{"floor":1.0,"key":"BlessingOfTheForge"},{"floor":12.0,"key":"AttackPotion"},{"floor":12.0,"key":"Ancient Potion"},{"floor":12.0,"key":"Explosive Potion"},{"floor":14.0,"key":"FearPotion"},{"floor":18.0,"key":"Strength Potion"},{"floor":24.0,"key":"ColorlessPotion"}],"is_trial":false,"path_per_floor":["M","M","$","M","?","E","R","M","T","R","?","?","M","M","R","B",null,"M","$","M","$","M","R","E","M","T","$","?","E","M"],"character_chosen":"THE_SILENT","items_purchased":["Regen Potion","Footwork"],"campfire_rested":3,"item_purchase_floors":[19,21],"current_hp_per_floor":[65,64,64,63,68,42,64,56,56,75,75,75,75,75,75,54,75,66,66,55,55,40,62,57,38,38,38,75,10,0,0],"gold":130,"neow_bonus":"RANDOM_COLORLESS","is_daily":false,"chose_seed":false,"campfire_upgraded":1,"win_rate":0.0,"timestamp":1611995567,"path_taken":["M","M","$","?","?","E","R","M","T","R","?","?","?","M","R","BOSS","M","$","M","$","M","R","E","M","T","$","?","E","?"],"items_purchased_type":["Potion","Card"],"build_version":"2020-12-22","purchased_purges":2,"victory":false,"max_hp_per_floor":[70,70,70,70,75,75,75,75,75,75,75,75,75,75,75,75,75,75,75,75,75,75,75,75,75,75,75,75,75,75,75],"card_choices":[{"not_picked":["Trip","Dark Shackles"],"picked":"Swift Strike","floor":0.0},{"not_picked":["Concentrate","Tactician"],"picked":"Quick Slash","floor":1.0},{"not_picked":["Blade Dance","PiercingWail"],"picked":"Dagger Throw","floor":2.0},{"not_picked":["PiercingWail","Accuracy"],"picked":"Leg Sweep","floor":4.0},{"not_picked":["Wraith Form v2","Tactician"],"picked":"Masterful Stab","floor":6.0},{"not_picked":["Predator","Cloak And Dagger"],"picked":"Flying Knee","floor":8.0},{"not_picked":["Outmaneuver","Blade Dance","Deadly Poison"],"picked":"SKIP","floor":13.0},{"not_picked":["Outmaneuver","Slice"],"picked":"Underhanded Strike","floor":14.0},{"not_picked":["Glass Knife","Wraith Form v2"],"picked":"Grand Finale","floor":16.0},{"not_picked":["Caltrops+1","Blade Dance","Bouncing Flask"],"picked":"SKIP","floor":18.0},{"not_picked":["Terror","Dagger Spray+1"],"picked":"Leg Sweep+1","floor":20.0},{"not_picked":["Deflect","Bane","Underhanded Strike"],"picked":"SKIP","floor":22.0},{"not_picked":["Reflex+1","Expertise+1","Crippling Poison"],"picked":"SKIP","floor":24.0},{"not_picked":["Prepared+1","Concentrate","Catalyst"],"picked":"SKIP","floor":25.0},{"not_picked":["Distraction","Bane","Quick Slash"],"picked":"SKIP","floor":29}],"player_experience":241569,"relics_obtained":[{"floor":6.0,"key":"CeramicFish"},{"floor":9.0,"key":"Matryoshka"},{"floor":17.0,"key":"Tiny Chest"},{"floor":17.0,"key":"Mummified Hand"},{"floor":17.0,"key":"StoneCalendar"},{"floor":24.0,"key":"Pocketwatch"},{"floor":26.0,"key":"Lantern"},{"floor":26.0,"key":"Singing Bowl"},{"floor":29,"key":"Gambling Chip"}],"event_choices":[{"damage_healed":0.0,"max_hp_gain":5.0,"max_hp_loss":0.0,"gold_gain":0.0,"event_name":"Big Fish","player_choice":"Donut","floor":5.0,"gold_loss":0.0,"damage_taken":0.0},{"cards_removed":["Strike_G"],"damage_healed":0.0,"max_hp_gain":0.0,"max_hp_loss":0.0,"gold_gain":0.0,"event_name":"The Cleric","player_choice":"Card Removal","floor":11.0,"gold_loss":50.0,"damage_taken":0.0},{"damage_healed":0.0,"max_hp_gain":0.0,"max_hp_loss":0.0,"gold_gain":0.0,"event_name":"Lab","player_choice":"Got Potions","floor":12.0,"gold_loss":0.0,"damage_taken":0.0},{"cards_removed":["Masterful Stab"],"damage_healed":37.0,"max_hp_gain":0.0,"max_hp_loss":0.0,"gold_gain":0.0,"event_name":"Bonfire Elementals","player_choice":"Offered Uncommon","floor":28.0,"gold_loss":0.0,"damage_taken":0.0}],"is_beta":false,"boss_relics":[{"not_picked":["WristBlade","SacredBark"],"picked":"Calling Bell"}],"items_purged_floors":[3,19],"is_endless":false,"potions_floor_spawned":[1,13,14,18,24],"killed_by":"3 Cultists","ascension_level":2}}