{"host":"yx5rao87132cy5xq","time":1611984836,"event":{"mods":["2.2 Compatiblity","AchievementEnabler","BaseMod","Bestiary","Colored Map","Colored Powertips","Minty Spire (QoL Compilation)","Quick Restart","Relic Stats","Slay-I","SuperFastMode"],"gold_per_floor":[112,130,130,130,146,146,64,98,98,167,167,181,214,140,140,235,235,251,176,176,101,101,101,128,128,128],"floor_reached":25,"language":"ENG","playtime":1160,"items_purged":[],"score":359,"play_id":"e9639659-bc93-4258-86d6-430abd22cc20","local_time":"20210130063356","is_ascension_mode":true,"campfire_choices":[{"data":"Cleave","floor":6.0,"key":"SMITH"},{"floor":11.0,"key":"REST"},{"floor":15.0,"key":"REST"},{"floor":23,"key":"REST"}],"circlet_count":0,"master_deck":["AscendersBane","Defend_R+1","Defend_R+1","Defend_R+1","Defend_R+1","Bash+1","True Grit+1","Flex","Cleave+1","Uppercut","Inflame","Shockwave","Armaments","Cleave","Impervious","Shrug It Off+1","Second Wind+1","Armaments+1","Headbutt","Anger+1","Dark Embrace","Barricade"],"relics":["Burning Blood","Golden Idol","Sundial","StrikeDummy","Tiny Chest","Astrolabe","Bronze Scales"],"acts_visited":["Exordium","TheCity"],"potions_floor_usage":[],"damage_taken":[{"damage":10.0,"enemies":"Small Slimes","floor":1.0,"turns":3.0},{"damage":5.0,"enemies":"Jaw Worm","floor":2.0,"turns":3.0},{"damage":0.0,"enemies":"2 Louse","floor":5.0,"turns":3.0},{"damage":41.0,"enemies":"Lagavulin","floor":8.0,"turns":6.0},{"damage":3.0,"enemies":"Looter","floor":12.0,"turns":3.0},{"damage":5.0,"enemies":"3 Sentries","floor":13.0,"turns":8.0},{"damage":36.0,"enemies":"Slime Boss","floor":16.0,"turns":9.0},{"damage":58.0,"enemies":"Spheric Guardian","floor":18.0,"turns":10.0},{"damage":3,"enemies":"2 Thieves","floor":21,"turns":5},{"damage":42,"enemies":"Slavers","floor":25,"turns":3}],"seed_played":"7901537245681935095","potions_obtained":[{"floor":1.0,"key":"DistilledChaos"},{"floor":2.0,"key":"FearPotion"},{"floor":8.0,"key":"HeartOfIron"},{"floor":16.0,"key":"LiquidBronze"}],"is_trial":false,"path_per_floor":["M","M","?","?","M","R","$","E","T","?","R","M","E","$","R","B",null,"M","?","?","M","?","R","T","E"],"character_chosen":"IRONCLAD","items_purchased":["Uppercut","Armaments","Cleave"],"campfire_rested":3,"item_purchase_floors":[7,14,14],"current_hp_per_floor":[64,65,39,39,45,45,45,10,10,10,32,35,36,36,58,28,63,11,11,11,14,14,36,36,0,0],"gold":128,"neow_bonus":"UPGRADE_CARD","is_daily":false,"chose_seed":false,"campfire_upgraded":1,"win_rate":0.0,"timestamp":1611984836,"path_taken":["M","M","?","?","M","R","$","E","T","?","R","M","E","$","R","BOSS","M","?","?","M","?","R","?","E"],"items_purchased_type":["Card","Card","Card"],"build_version":"2020-12-22","purchased_purges":0,"victory":false,"max_hp_per_floor":[75,75,75,75,75,75,75,75,75,75,75,75,75,75,75,75,75,75,75,75,75,75,75,75,75,75],"relic_stats":{"counters":[10,53],"Golden Idol":42,"Sundial":[4],"Astrolabe":["Shrug It Off","Second Wind","Armaments"],"Bronze Scales":[21],"Tiny Chest":1,"obtain_stats":[{"Golden Idol":3,"Sundial":8,"Astrolabe":17,"Bronze Scales":24,"Tiny Chest":13,"StrikeDummy":9,"Burning Blood":0},{"Golden Idol":2,"Sundial":4,"Astrolabe":7,"Bronze Scales":9,"Tiny Chest":6,"StrikeDummy":4,"Burning Blood":0},{"Golden Idol":6,"Sundial":15,"Astrolabe":35,"Bronze Scales":50,"Tiny Chest":26,"StrikeDummy":15,"Burning Blood":0}],"Burning Blood":54},"card_choices":[{"not_picked":["Blood for Blood","Body Slam"],"picked":"True Grit","floor":1.0},{"not_picked":["Pummel","Dark Embrace"],"picked":"Flex","floor":2.0},{"not_picked":["True Grit","Flex"],"picked":"Cleave","floor":5.0},{"not_picked":["Evolve","Double Tap"],"picked":"Second Wind","floor":8.0},{"not_picked":["Dropkick","Rage"],"picked":"Inflame","floor":12.0},{"not_picked":["Combust","Clothesline"],"picked":"Shockwave","floor":13.0},{"not_picked":["Offering","Juggernaut"],"picked":"Impervious","floor":16.0},{"not_picked":["Shrug It Off","Warcry"],"picked":"Headbutt","floor":18.0},{"not_picked":["Havoc","Body Slam"],"picked":"Anger+1","floor":21}],"player_experience":908628,"relics_obtained":[{"floor":8.0,"key":"Sundial"},{"floor":9.0,"key":"StrikeDummy"},{"floor":13.0,"key":"Tiny Chest"},{"floor":24,"key":"Bronze Scales"}],"event_choices":[{"damage_healed":0.0,"max_hp_gain":0.0,"max_hp_loss":0.0,"gold_gain":0.0,"event_name":"Golden Idol","player_choice":"Take Damage","floor":3.0,"gold_loss":0.0,"damage_taken":26.0,"relics_obtained":["Golden Idol"]},{"damage_healed":0.0,"max_hp_gain":0.0,"max_hp_loss":0.0,"gold_gain":0.0,"event_name":"Living Wall","player_choice":"Grow","floor":4.0,"gold_loss":0.0,"damage_taken":0.0,"cards_upgraded":["True Grit"]},{"damage_healed":0.0,"max_hp_gain":0.0,"max_hp_loss":0.0,"gold_gain":69.0,"event_name":"Golden Wing","player_choice":"Gained Gold","floor":10.0,"gold_loss":0.0,"damage_taken":0.0},{"cards_removed":["Strike_R"],"damage_healed":0.0,"max_hp_gain":0.0,"max_hp_loss":0.0,"gold_gain":0.0,"event_name":"Beggar","player_choice":"Gave Gold","floor":19.0,"gold_loss":75.0,"damage_taken":0.0},{"damage_healed":0.0,"max_hp_gain":0.0,"max_hp_loss":0.0,"gold_gain":0.0,"event_name":"Back to Basics","player_choice":"Simplicity","floor":20.0,"gold_loss":0.0,"damage_taken":0.0,"cards_upgraded":["Strike_R","Defend_R","Defend_R","Defend_R","Defend_R"]},{"damage_healed":0,"gold_gain":0,"cards_transformed":["Strike_R","Second Wind"],"player_choice":"Became Test Subject","damage_taken":0,"max_hp_gain":0,"max_hp_loss":0,"event_name":"Drug Dealer","floor":22,"gold_loss":0,"cards_obtained":["Dark Embrace","Barricade"]}],"is_beta":false,"boss_relics":[{"not_picked":["Philosopher\u0027s Stone","SlaversCollar"],"picked":"Astrolabe"}],"items_purged_floors":[],"is_endless":false,"potions_floor_spawned":[1,2,8,16],"killed_by":"Slavers","ascension_level":15}}