{"host":"g01l53quoe6lrer0","time":1611971924,"event":{"mods":["2.2 Compatiblity","AchievementEnabler","BaseMod","Colored Map","Highlight Path","Keyboard Shortcuts","Minty Spire (QoL Compilation)","Permanent Neow","StSLib","SuperFastMode","everything is the same but u backflip on backflip"],"gold_per_floor":[109,109,34,34,34,34,49,49,73,73,94,110,133,157,157,281,344,368,382,282,295,295,295,316,316,316,340,58,58,258,279,279,279,279],"floor_reached":33,"language":"KOR","playtime":901,"items_purged":["Defend_P","Defend_P","Strike_P"],"score":382,"play_id":"0e29fddb-8188-48ae-8ada-0dde28747e98","local_time":"20210130105844","is_ascension_mode":true,"campfire_choices":[{"data":"Eruption","floor":6.0,"key":"SMITH"},{"data":"Evaluate","floor":8.0,"key":"SMITH"},{"data":"Vigilance","floor":10.0,"key":"SMITH"},{"floor":15.0,"key":"REST"},{"floor":23,"key":"REST"},{"floor":25,"key":"REST"},{"data":"Adaptation","floor":29,"key":"SMITH"},{"floor":32,"key":"REST"}],"circlet_count":0,"master_deck":["AscendersBane","Strike_P","Strike_P+1","Strike_P","Eruption+1","Vigilance+1","Evaluate+1","Sanctity","Adaptation+1","FlurryOfBlows"],"relics":["PureWater","Golden Idol","Pen Nib","Tiny House","Darkstone Periapt","Vajra"],"acts_visited":["Exordium","TheCity"],"potions_floor_usage":[24,31,33],"damage_taken":[{"damage":0.0,"enemies":"2 Louse","floor":1.0,"turns":3.0},{"damage":0.0,"enemies":"Jaw Worm","floor":7.0,"turns":2.0},{"damage":0.0,"enemies":"Cultist","floor":11.0,"turns":2.0},{"damage":17.0,"enemies":"Red Slaver","floor":12.0,"turns":4.0},{"damage":0.0,"enemies":"Large Slime","floor":13.0,"turns":4.0},{"damage":16.0,"enemies":"Exordium Thugs","floor":14.0,"turns":5.0},{"damage":25.0,"enemies":"The Guardian","floor":16.0,"turns":10.0},{"damage":8.0,"enemies":"2 Thieves","floor":18.0,"turns":4.0},{"damage":0.0,"enemies":"Chosen","floor":19.0,"turns":4.0},{"damage":12,"enemies":"Centurion and Healer","floor":21,"turns":5},{"damage":26,"enemies":"3 Cultists","floor":24,"turns":6},{"damage":12,"enemies":"Sentry and Sphere","floor":27,"turns":4},{"damage":5,"enemies":"Centurion and Healer","floor":31,"turns":3},{"damage":75,"enemies":"Champ","floor":33,"turns":12}],"seed_played":"-6555100128209835158","potions_obtained":[{"floor":13.0,"key":"Swift Potion"},{"floor":14.0,"key":"BottledMiracle"},{"floor":17.0,"key":"DuplicationPotion"},{"floor":18.0,"key":"Swift Potion"},{"floor":21,"key":"Ancient Potion"},{"floor":27,"key":"AttackPotion"}],"is_trial":false,"path_per_floor":["M","?","$","?","?","R","M","R","T","R","M","M","M","M","R","B",null,"M","M","$","M","?","R","M","R","T","M","$","R","?","M","R","B"],"character_chosen":"WATCHER","items_purchased":["Vajra"],"campfire_rested":4,"item_purchase_floors":[28],"current_hp_per_floor":[65,70,70,70,70,70,70,70,70,70,70,53,53,37,58,33,67,59,59,59,47,47,69,43,65,65,53,53,53,53,48,70,0,0],"gold":279,"neow_bonus":"REMOVE_CARD","is_daily":false,"chose_seed":false,"campfire_upgraded":4,"win_rate":0.0,"timestamp":1611971924,"path_taken":["M","?","$","?","?","R","M","R","T","R","M","M","M","M","R","BOSS","M","M","$","M","?","R","M","R","T","M","$","R","?","M","R","BOSS"],"items_purchased_type":["Relic"],"build_version":"2020-12-22","purchased_purges":3,"victory":false,"max_hp_per_floor":[72,77,77,77,71,71,71,71,71,71,71,71,71,71,71,71,76,76,76,76,76,76,76,76,76,76,76,76,76,76,76,76,76,76],"card_choices":[{"not_picked":["Weave","PathToVictory"],"picked":"Evaluate","floor":1.0},{"not_picked":["Collect","FollowUp","BowlingBash"],"picked":"SKIP","floor":7.0},{"not_picked":["Protect","Collect"],"picked":"Sanctity","floor":11.0},{"not_picked":["BattleHymn","ReachHeaven","EmptyBody"],"picked":"SKIP","floor":12.0},{"not_picked":["Nirvana","Consecrate","PathToVictory"],"picked":"SKIP","floor":13.0},{"not_picked":["Crescendo","CrushJoints","Prostrate"],"picked":"SKIP","floor":14.0},{"not_picked":["Weave","Evaluate","Halt"],"picked":"SKIP","floor":18.0},{"not_picked":["Fasting2","Weave+1","InnerPeace"],"picked":"SKIP","floor":19.0},{"not_picked":["SignatureMove","Protect"],"picked":"Adaptation","floor":21},{"not_picked":["BattleHymn","Weave"],"picked":"FlurryOfBlows","floor":24},{"not_picked":["FlyingSleeves","FollowUp","PathToVictory"],"picked":"SKIP","floor":27},{"not_picked":["BattleHymn","Tantrum","Consecrate"],"picked":"SKIP","floor":31}],"player_experience":328990,"relics_obtained":[{"floor":9.0,"key":"Pen Nib"},{"floor":26,"key":"Darkstone Periapt"}],"event_choices":[{"damage_healed":0.0,"max_hp_gain":5.0,"max_hp_loss":0.0,"gold_gain":0.0,"event_name":"Big Fish","player_choice":"Donut","floor":2.0,"gold_loss":0.0,"damage_taken":0.0},{"cards_removed":["Defend_P"],"damage_healed":0.0,"max_hp_gain":0.0,"max_hp_loss":0.0,"gold_gain":0.0,"event_name":"Living Wall","player_choice":"Forget","floor":4.0,"gold_loss":0.0,"damage_taken":0.0},{"damage_healed":0.0,"max_hp_gain":0.0,"max_hp_loss":6.0,"gold_gain":0.0,"event_name":"Golden Idol","player_choice":"Lose Max HP","floor":5.0,"gold_loss":0.0,"damage_taken":0.0,"relics_obtained":["Golden Idol"]},{"damage_healed":0,"gold_gain":0,"player_choice":"Ignored","damage_taken":0,"max_hp_gain":0,"max_hp_loss":0,"event_name":"Cursed Tome","floor":22,"gold_loss":0},{"damage_healed":0,"gold_gain":200,"player_choice":"Gold","damage_taken":0,"max_hp_gain":0,"max_hp_loss":0,"event_name":"Wheel of Change","floor":30,"gold_loss":0}],"is_beta":false,"boss_relics":[{"not_picked":["HolyWater","Velvet Choker"],"picked":"Tiny House"}],"items_purged_floors":[3,20,28],"is_endless":false,"potions_floor_spawned":[13,14,18,21,27],"killed_by":"Champ","ascension_level":12}}