{"host":"ew66i0vuc7r9fnl7","time":1611988675,"event":{"mods":["Arknights The Spire","BaseMod","DeckTracker","Koishi","Minty Spire (QoL Compilation)","StSLib"],"gold_per_floor":[117,66,66,66,84,84,103,122,122,122,122,122,136,153,153,248,248,248,173,173,173,202,202,202,249,319,350,350,275,275,288,288,389,389,395,395,405,405,410,410,425,445,515,515,515,530,292,341,341,311,311,311,5,30,10,10],"floor_reached":55,"language":"KOR","playtime":3030,"items_purged":["Koishi:StingingMind"],"score":781,"play_id":"1634f271-1812-407b-8d04-106fc2517d5e","local_time":"20210130153755","is_ascension_mode":false,"campfire_choices":[{"data":"Koishi:JumpScare","floor":6.0,"key":"SMITH"},{"data":"Koishi:RoseHell","floor":11.0,"key":"SMITH"},{"floor":15.0,"key":"REST"},{"data":"Koishi:GhostParty","floor":23,"key":"SMITH"},{"data":"Koishi:SubterraneanRose","floor":28,"key":"SMITH"},{"data":"Koishi:SuperEgo","floor":30,"key":"SMITH"},{"data":"Koishi:PerfectMindControl","floor":32,"key":"SMITH"},{"data":"Koishi:PerfectMindControl","floor":40,"key":"SMITH"},{"data":"Koishi:HauntingSlash","floor":45,"key":"SMITH"},{"floor":49,"key":"RECALL"},{"data":"Koishi:FleetingPhantom","floor":52,"key":"SMITH"}],"circlet_count":0,"master_deck":["Koishi:Provoke","Koishi:HauntingSlash+1","Koishi:RoseHell+1","Koishi:DNAsFlaw+1","Koishi:JumpScare+1","Koishi:RacingHeart+1","Koishi:SubterraneanRose+1","Koishi:PerfectMindControl+1","Koishi:TremblingHands","Koishi:GhostParty+1","Koishi:SuperEgo+1","Koishi:PerfectMindControl+1","Koishi:RollingInRichesHeart","Koishi:FleetingPhantom+1"],"relics":["Koishi:ImaginaryFriend","Whetstone","Pandora\u0027s Box","Red Mask","Enchiridion","Molten Egg 2","Ornamental Fan","Busted Crown","Mummified Hand","Meat on the Bone","Shuriken","Torii","Lizard Tail","Gremlin Horn"],"acts_visited":["Exordium","TheCity","TheBeyond","TheEnding"],"potions_floor_usage":[46,55,55,55],"damage_taken":[{"damage":1.0,"enemies":"Cultist","floor":1.0,"turns":3.0},{"damage":11.0,"enemies":"2 Louse","floor":5.0,"turns":3.0},{"damage":3.0,"enemies":"Small Slimes","floor":7.0,"turns":5.0},{"damage":25.0,"enemies":"Exordium Thugs","floor":8.0,"turns":5.0},{"damage":13.0,"enemies":"Lots of Slimes","floor":13.0,"turns":4.0},{"damage":5.0,"enemies":"Looter","floor":14.0,"turns":3.0},{"damage":0.0,"enemies":"The Guardian","floor":16.0,"turns":9.0},{"damage":0.0,"enemies":"Spheric Guardian","floor":18.0,"turns":1.0},{"damage":5,"enemies":"Masked Bandits","floor":22,"turns":5},{"damage":2,"enemies":"2 Thieves","floor":25,"turns":5},{"damage":10,"enemies":"Gremlin Leader","floor":27,"turns":7},{"damage":0,"enemies":"Cultist and Chosen","floor":31,"turns":6},{"damage":9,"enemies":"Automaton","floor":33,"turns":9},{"damage":28,"enemies":"3 Darklings","floor":35,"turns":4},{"damage":1,"enemies":"3 Shapes","floor":37,"turns":6},{"damage":12,"enemies":"Spire Growth","floor":39,"turns":5},{"damage":4,"enemies":"Nemesis","floor":41,"turns":6},{"damage":0,"enemies":"Sphere and 2 Shapes","floor":42,"turns":6},{"damage":0,"enemies":"Giant Head","floor":46,"turns":10},{"damage":8,"enemies":"2 Orb Walkers","floor":48,"turns":7},{"damage":12,"enemies":"Awakened One","floor":50,"turns":15},{"damage":45,"enemies":"Shield and Spear","floor":54,"turns":10},{"damage":97,"enemies":"The Heart","floor":55,"turns":11}],"seed_played":"6609799371749822620","potions_obtained":[{"floor":1.0,"key":"FearPotion"},{"floor":5.0,"key":"PowerPotion"},{"floor":8.0,"key":"Ancient Potion"},{"floor":13.0,"key":"Fire Potion"},{"floor":27,"key":"SneckoOil"},{"floor":39,"key":"Regen Potion"},{"floor":54,"key":"GamblersBrew"}],"is_trial":false,"path_per_floor":["M","$","$","?","M","R","M","M","T","?","R","?","M","M","R","B",null,"M","$","?","$","?","R","?","M","T","E","R","?","R","M","R","B",null,"M","?","M","?","M","R","E","M","T","?","R","E","$","?","R","B",null,"R","$","E","B"],"character_chosen":"KOISHI","items_purchased":["Koishi:JumpScare","Shuriken","Lizard Tail"],"campfire_rested":1,"item_purchase_floors":[2,47,53],"current_hp_per_floor":[60,60,60,48,39,39,43,23,23,23,23,23,15,17,35,49,60,60,60,60,60,58,58,42,40,40,41,41,41,41,41,41,48,60,32,32,31,31,35,35,49,57,57,57,57,57,57,49,49,37,57,57,57,39,0,0],"gold":10,"neow_bonus":"ONE_RANDOM_RARE_CARD","is_daily":false,"chose_seed":false,"campfire_upgraded":9,"win_rate":0.0,"timestamp":1611988675,"path_taken":["M","?","$","?","M","R","M","M","T","?","R","?","?","?","R","BOSS","M","$","?","$","?","R","?","M","T","E","R","?","R","M","R","BOSS","M","?","M","?","?","R","E","M","T","?","R","E","$","?","R","BOSS","R","$","E","BOSS"],"items_purchased_type":["Card","Relic","Relic"],"build_version":"2020-12-22","purchased_purges":1,"victory":false,"max_hp_per_floor":[60,60,60,60,60,60,60,60,60,60,60,60,60,60,60,60,60,60,60,60,60,60,60,60,60,60,60,60,60,60,60,60,60,60,60,57,57,57,57,57,57,57,57,57,57,57,57,57,57,57,57,57,57,57,57,57],"card_choices":[{"not_picked":["Koishi:FourthEye","Koishi:SpiritedAway"],"picked":"Koishi:DNAsFlaw","floor":1.0},{"not_picked":["Koishi:HeartfeltFancy","Koishi:SubterraneanRose"],"picked":"Koishi:RacingHeart","floor":5.0},{"not_picked":["Koishi:DreadfulBlow","Koishi:Possession"],"picked":"Koishi:Whimsy","floor":7.0},{"not_picked":["Koishi:MindStellarRelief","Koishi:EmbryosDream","Koishi:UnansweredLove"],"picked":"SKIP","floor":8.0},{"not_picked":["Koishi:SubconsciousSweep","Koishi:HeartfeltFancy","Koishi:BloodcurdlingScream"],"picked":"SKIP","floor":13.0},{"not_picked":["Koishi:Untouchable","Koishi:Vanish","Koishi:ReflexRadar"],"picked":"SKIP","floor":14.0},{"not_picked":["Koishi:Ego","Koishi:FadingMemory"],"picked":"Koishi:PerfectMindControl","floor":16.0},{"not_picked":["Koishi:EmbersOfLove+1","Koishi:PhantomStrike","Koishi:Possession"],"picked":"SKIP","floor":25},{"not_picked":["Koishi:MassHysteria+1","Koishi:JumpScare","Koishi:Catatonia+1"],"picked":"SKIP","floor":27},{"not_picked":["Koishi:BloodcurdlingScream+1","Koishi:Jaunt+1","Koishi:HeartfeltFancy"],"picked":"SKIP","floor":31},{"not_picked":["Koishi:FadingMemory","Koishi:HeartStoppingHorror"],"picked":"Koishi:RollingInRichesHeart","floor":33},{"not_picked":["Koishi:BramblyRoseGarden+1"],"picked":"SKIP","floor":35},{"not_picked":["Koishi:VengefulSpirit"],"picked":"SKIP","floor":37},{"not_picked":["Koishi:SpiritedAway+1"],"picked":"SKIP","floor":39},{"not_picked":["Koishi:ReflexRadar+1"],"picked":"SKIP","floor":41},{"not_picked":["Koishi:StrangeCloudFist+1"],"picked":"SKIP","floor":42},{"not_picked":["Koishi:DreadfulBlow+1"],"picked":"SKIP","floor":46},{"not_picked":[],"picked":"Koishi:FleetingPhantom","floor":48},{"not_picked":["Koishi:ParalyzingFear+1"],"picked":"SKIP","floor":54}],"player_experience":630891,"relics_obtained":[{"floor":9.0,"key":"Whetstone"},{"floor":22,"key":"Red Mask"},{"floor":24,"key":"Enchiridion"},{"floor":26,"key":"Molten Egg 2"},{"floor":27,"key":"Ornamental Fan"},{"floor":41,"key":"Mummified Hand"},{"floor":46,"key":"Meat on the Bone"},{"floor":48,"key":"Torii"},{"floor":54,"key":"Gremlin Horn"}],"event_choices":[{"damage_healed":0.0,"max_hp_gain":0.0,"max_hp_loss":0.0,"gold_gain":0.0,"event_name":"Shining Light","player_choice":"Entered Light","floor":4.0,"gold_loss":0.0,"damage_taken":12.0,"cards_upgraded":["Koishi:BasicDefend","Koishi:BasicStrike"]},{"damage_healed":0.0,"max_hp_gain":0.0,"max_hp_loss":0.0,"gold_gain":0.0,"event_name":"Liars Game","player_choice":"Ignored","floor":10.0,"gold_loss":0.0,"damage_taken":0.0},{"damage_healed":0.0,"max_hp_gain":0.0,"max_hp_loss":0.0,"gold_gain":0.0,"cards_transformed":["Koishi:BasicStrike"],"event_name":"Transmorgrifier","player_choice":"Transformed","floor":12.0,"gold_loss":0.0,"damage_taken":0.0,"cards_obtained":["Koishi:SubterraneanRose"]},{"damage_healed":0.0,"max_hp_gain":0.0,"max_hp_loss":0.0,"gold_gain":0.0,"event_name":"Vampires","player_choice":"Ignored","floor":20.0,"gold_loss":0.0,"damage_taken":0.0},{"damage_healed":0,"gold_gain":0,"player_choice":"Fought Bandits","damage_taken":0,"max_hp_gain":0,"max_hp_loss":0,"event_name":"Masked Bandits","floor":22,"gold_loss":0},{"damage_healed":0,"gold_gain":0,"player_choice":"Obtained Book","damage_taken":16,"max_hp_gain":0,"max_hp_loss":0,"event_name":"Cursed Tome","floor":24,"gold_loss":0},{"cards_removed":["Koishi:Whimsy"],"damage_healed":0,"gold_gain":0,"player_choice":"Gave Gold","damage_taken":0,"max_hp_gain":0,"max_hp_loss":0,"event_name":"Beggar","floor":29,"gold_loss":75},{"damage_healed":0,"gold_gain":0,"player_choice":"Max HP","damage_taken":0,"max_hp_gain":0,"max_hp_loss":3,"event_name":"Winding Halls","floor":36,"gold_loss":0},{"damage_healed":0,"gold_gain":0,"player_choice":"Upgraded","damage_taken":0,"max_hp_gain":0,"max_hp_loss":0,"event_name":"Upgrade Shrine","floor":38,"gold_loss":0,"cards_upgraded":["Koishi:DNAsFlaw"]},{"cards_removed":["Koishi:FleetingPhantom"],"damage_healed":0,"gold_gain":0,"player_choice":"Removed Skill","damage_taken":0,"max_hp_gain":0,"max_hp_loss":0,"event_name":"Falling","floor":44,"gold_loss":0},{"damage_healed":0,"gold_gain":0,"player_choice":"Fight","damage_taken":0,"max_hp_gain":0,"max_hp_loss":0,"event_name":"Mysterious Sphere","floor":48,"gold_loss":0}],"is_beta":false,"boss_relics":[{"not_picked":["Fusion Hammer","Calling Bell"],"picked":"Pandora\u0027s Box"},{"not_picked":["Coffee Dripper","Tiny House"],"picked":"Busted Crown"}],"items_purged_floors":[19],"is_endless":false,"potions_floor_spawned":[1,5,8,13,27,33,37,39,42,54],"killed_by":"The Heart","ascension_level":0}}