{"host":"o5opvvfuagqozb96","time":1611996120,"event":{"mods":["A Magickal Journey","AchievementEnabler","Bard","BaseMod","Colored Map","Colored Powertips","DeckTracker","Downfall","Infinite Spire","Marisa????????","Minty Spire (QoL Compilation)","Quick Restart","Replay The Spire","StSLib","The Bug Knight","The Cursed","The Disciple","The Gatherer","The Hierophant","The Jungle","The Mystic","The Saiyan","The Senshi","The Servant 0.9.4","The Wild Card"],"gold_per_floor":[116,135,135,27,47,47,47,78,78,78,78,78,95,108,108,210,210,220,234,250,250,250,250,262,262,262,273,299,121,141,103,103,200,200,212,262,4,4,15,49,63,63,63,63,63,63],"floor_reached":45,"language":"ENG","playtime":9260,"items_purged":["infinitespire:Pacifist","downfall:Malfunctioning"],"score":588,"play_id":"45bc579c-c866-4d2a-a88d-37576b1a13f3","local_time":"20210130004200","is_ascension_mode":false,"campfire_choices":[{"floor":6,"key":"REST"},{"floor":10,"key":"REST"},{"floor":12,"key":"REST"},{"data":"infinitespire:Punishment","floor":15,"key":"SMITH"},{"data":"Exchange","floor":23,"key":"SMITH"},{"data":"BestPractice","floor":25,"key":"SMITH"},{"data":"Revamp","floor":32,"key":"SMITH"},{"floor":42,"key":"REST"}],"circlet_count":0,"master_deck":["Strike_S","Strike_S","Strike_S","Strike_S","Defend_S","Defend_S","Defend_S","Defend_S","KidneyShot","Exchange+1","SpecialFormula","TimeWarp","Barrier+1","Ricochet","Starlight","infinitespire:Punishment+1","FastForward","InstantArmor","Advance","Dilation","Potential+1","Unruled+1","ShatteredReality+1","Replay:Fractal Strike+1","BestPractice+1","Revamp+1","ShiftingGears","Rewind","Spin+1","DualDimension","BestPractice+1","PendulumOfEternity+1","DoubleEdge+1","ShatteredReality+1","Replay:Bootleg Shield Generator","Panache+1","Replace","DualDimension","BottledTime+1"],"relics":["Uniform","infinitespire:FocusingShard","Molten Egg 2","Painkiller Herb","Bottled Flame","Strawberry","Frozen Egg 2","Sozu","WingedGreaves","Snack Pack","TungstenRod","InkBottle","HollowMod:StagPassRelic"],"acts_visited":["Exordium","Exordium","TheBeyond"],"potions_floor_usage":[40,41,41],"damage_taken":[{"damage":3,"enemies":"Small Slimes","floor":1,"turns":4},{"damage":39,"enemies":"infinitespire:Voidling","floor":2,"turns":6},{"damage":13,"enemies":"2 Louse","floor":5,"turns":3},{"damage":27,"enemies":"3 Sentries","floor":8,"turns":5},{"damage":0,"enemies":"Large Slime","floor":13,"turns":4},{"damage":8,"enemies":"Exordium Wildlife","floor":14,"turns":3},{"damage":34,"enemies":"Hexaghost","floor":16,"turns":13},{"damage":0,"enemies":"theJungle:5_Spyders","floor":18,"turns":8},{"damage":14,"enemies":"Shell Parasite","floor":19,"turns":6},{"damage":15,"enemies":"theJungle:JungleHuntersEncounter","floor":20,"turns":6},{"damage":6,"enemies":"theJungle:SlimyTreeVines","floor":24,"turns":5},{"damage":6,"enemies":"theJungle:Snecko_Cultist_And_Trap","floor":27,"turns":4},{"damage":0,"enemies":"theJungle:2_Phrogs","floor":28,"turns":5},{"damage":0,"enemies":"theJungle:Lyon","floor":30,"turns":2},{"damage":0,"enemies":"theJungle:FunGuy","floor":33,"turns":6},{"damage":0,"enemies":"Orb Walker","floor":35,"turns":1},{"damage":16,"enemies":"Mind Bloom Boss Battle","floor":36,"turns":5},{"damage":13,"enemies":"3 Darklings","floor":39,"turns":3},{"damage":73,"enemies":"Giant Head","floor":40,"turns":9},{"damage":0,"enemies":"Writhing Mass","floor":41,"turns":3},{"damage":40,"enemies":"Orin","floor":45,"turns":5}],"seed_played":"-5444883781710838588","potions_obtained":[{"floor":1,"key":"Ancient Potion"},{"floor":13,"key":"ColorlessPotion"},{"floor":16,"key":"SpeedPotion"},{"floor":20,"key":"FearPotion"},{"floor":27,"key":"hexamod:SoulburnPotion"}],"is_trial":false,"path_per_floor":["M","M","?","$","M","R","?","E","T","R","?","R","M","M","R","B",null,"?","?","?","AVR","?","T","?","T","T","?","E","T","?","T","T","B",null,"?","?","T","?","?","E","?","T","T","T","?"],"character_chosen":"THE_SERVANT","items_purchased":["Barrier+1","Ricochet","Rewind","Spin+1","BestPractice+1","Snack Pack"],"campfire_rested":4,"item_purchase_floors":[4,4,29,29,31,37],"current_hp_per_floor":[68,41,34,34,26,47,47,25,25,46,46,67,71,68,68,39,71,71,59,49,49,71,71,68,68,75,69,74,74,74,74,74,74,78,78,70,70,65,61,6,13,36,36,36,0,0],"gold":63,"neow_bonus":"TEN_PERCENT_HP_BONUS","is_daily":false,"chose_seed":false,"campfire_upgraded":4,"win_rate":0.0,"timestamp":1611996120,"path_taken":["M","M","?","$","?","R","?","E","T","R","?","R","M","M","R","BOSS","?","?","?","AVR","?","T","?","T","T","?","E","T","?","T","T","BOSS","?","?","T","?","?","E","?","T","T","?","?"],"items_purchased_type":["Card","Card","Card","Card","Card","Relic"],"build_version":"2020-12-22","purchased_purges":2,"victory":false,"max_hp_per_floor":[71,71,71,71,71,71,71,71,71,71,71,71,71,71,71,71,71,71,71,71,71,71,71,71,71,78,78,78,78,78,78,78,78,78,78,78,78,78,78,78,78,78,78,78,78,78],"card_choices":[{"not_picked":["FanOfKnives","DoubleEdge"],"picked":"SpecialFormula","floor":1},{"not_picked":["Replace","RealityMarble"],"picked":"TimeWarp","floor":2},{"not_picked":["Gouge","Ricochet"],"picked":"Starlight","floor":5},{"not_picked":["infinitespire:FinalStrike","infinitespire:TheBestDefense"],"picked":"infinitespire:Punishment","floor":7},{"not_picked":["Alleviate","Ricochet"],"picked":"FastForward","floor":8},{"not_picked":["DualDimension","Rearm"],"picked":"InstantArmor","floor":13},{"not_picked":["Read","BottledTime"],"picked":"Advance","floor":14},{"not_picked":["FlawlessForm","Duplication"],"picked":"Dilation","floor":16},{"not_picked":["RealityMarble","Revamp"],"picked":"Potential+1","floor":18},{"not_picked":["FastForward","BottledTime+1"],"picked":"Unruled+1","floor":19},{"not_picked":["Rewind","Unruled+1"],"picked":"ShatteredReality+1","floor":20},{"not_picked":["ShatteredReality+1","DualDimension+1"],"picked":"BestPractice","floor":24},{"not_picked":["Shuttle","Starlight+1"],"picked":"Revamp","floor":27},{"not_picked":["Unruled+1","Snipe+1"],"picked":"ShiftingGears","floor":28},{"not_picked":["Unruled+1","Replace+1"],"picked":"DualDimension","floor":30},{"not_picked":["Dilation","Initiator+1"],"picked":"PendulumOfEternity+1","floor":33},{"not_picked":["Revamp+1","TimeWarp+1"],"picked":"DoubleEdge+1","floor":35},{"not_picked":["Ricochet+1","Spin+1"],"picked":"ShatteredReality+1","floor":36},{"not_picked":["Replay:Sssssssssshield","Midas Touch"],"picked":"Replay:Bootleg Shield Generator","floor":38},{"not_picked":["Deep Breath","Trip"],"picked":"Panache+1","floor":38},{"not_picked":["Barrier+1","Potential+1"],"picked":"Replace","floor":39},{"not_picked":["ShatteredReality+1","DoubleEdge+1"],"picked":"DualDimension","floor":40},{"not_picked":["Spin+1","Initiator+1"],"picked":"BottledTime+1","floor":41}],"player_experience":246423,"relics_obtained":[{"floor":8,"key":"infinitespire:FocusingShard"},{"floor":9,"key":"Molten Egg 2"},{"floor":26,"key":"Strawberry"},{"floor":28,"key":"Frozen Egg 2"},{"floor":36,"key":"WingedGreaves"},{"floor":40,"key":"TungstenRod"},{"floor":43,"key":"InkBottle"},{"floor":44,"key":"HollowMod:StagPassRelic"}],"event_choices":[{"damage_healed":0,"gold_gain":0,"player_choice":"Damaged","damage_taken":7,"max_hp_gain":0,"max_hp_loss":0,"event_name":"Wheel of Change","floor":3,"gold_loss":0},{"damage_healed":22,"gold_gain":0,"player_choice":"Full Heal","damage_taken":0,"max_hp_gain":0,"max_hp_loss":0,"event_name":"Wheel of Change","floor":22,"gold_loss":0},{"damage_healed":0,"gold_gain":0,"player_choice":"Fight","damage_taken":0,"max_hp_gain":0,"max_hp_loss":0,"event_name":"MindBloom","floor":36,"gold_loss":0},{"damage_healed":0,"gold_gain":0,"player_choice":"Memory 2","damage_taken":5,"max_hp_gain":0,"max_hp_loss":0,"event_name":"SensoryStone","floor":38,"gold_loss":0},{"damage_healed":0,"gold_gain":0,"player_choice":"Fight","damage_taken":0,"max_hp_gain":0,"max_hp_loss":0,"event_name":"OrinTheCat","floor":45,"gold_loss":0}],"is_beta":false,"boss_relics":[{"not_picked":["Replay:Ancient Bell","MysterySword"],"picked":"Painkiller Herb"},{"not_picked":["Velvet Choker","Replay:Wanted Poster"],"picked":"Sozu"}],"items_purged_floors":[21,29],"is_endless":false,"potions_floor_spawned":[1,13,16,20,24,27,30,39,41],"killed_by":"Orin","ascension_level":0}}