{"host":"kw4o7b3ro2ktmmbe","time":1611980745,"event":{"mods":["BaseMod","Evolution","Minty Spire (QoL Compilation)","StSLib","The Runesmith"],"gold_per_floor":[131,143,169,181,211,223,268,299,366,396,427,470,500,512,524,536,536],"floor_reached":16,"language":"ENG","playtime":2628,"items_purged":[],"score":153,"play_id":"c3ab7a45-b895-4a62-bc05-3c9b7f9465d2","local_time":"20210130172545","is_ascension_mode":true,"campfire_choices":[{"data":"Runesmith:LithiumIon","floor":6.0,"key":"SMITH"},{"data":"Runesmith:Grindstone","floor":15.0,"key":"SMITH"}],"circlet_count":0,"master_deck":["Runesmith:Strike_RS","Runesmith:Strike_RS","Runesmith:Strike_RS","Runesmith:Defend_RS","Runesmith:Defend_RS","Runesmith:Defend_RS","Runesmith:Defend_RS","Runesmith:CraftFirestone","Runesmith:Fortify","Runesmith:LithiumIon+1","Runesmith:Grindstone+1","Runesmith:CraftIndustria","Runesmith:PoweredAnvil","Runesmith:Permafrost","Runesmith:FissionHammer","Runesmith:CraftMagma"],"relics":["Runesmith:BrokenRuby","EVO:Axolotl","MawBank","Mercury Hourglass","Oddly Smooth Stone","Omamori"],"acts_visited":["Exordium"],"potions_floor_usage":[16,16,16],"damage_taken":[{"damage":8.0,"enemies":"Small Slimes","floor":1.0,"turns":3.0},{"damage":0.0,"enemies":"2 Louse","floor":3.0,"turns":2.0},{"damage":0.0,"enemies":"Cultist","floor":5.0,"turns":4.0},{"damage":0.0,"enemies":"Lagavulin","floor":7.0,"turns":8.0},{"damage":14.0,"enemies":"Gremlin Gang","floor":8.0,"turns":5.0},{"damage":1.0,"enemies":"3 Louse","floor":10.0,"turns":3.0},{"damage":0.0,"enemies":"2 Fungi Beasts","floor":11.0,"turns":4.0},{"damage":18.0,"enemies":"3 Sentries","floor":12.0,"turns":6.0},{"damage":5.0,"enemies":"Large Slime","floor":13.0,"turns":5.0},{"damage":30,"enemies":"Slime Boss","floor":16,"turns":3}],"seed_played":"5505057167832770907","potions_obtained":[{"floor":7.0,"key":"Strength Potion"},{"floor":8.0,"key":"DuplicationPotion"},{"floor":12.0,"key":"DuplicationPotion"}],"is_trial":false,"path_per_floor":["M","?","M","?","M","R","E","M","T","M","M","E","M","$","R","B"],"character_chosen":"RUNESMITH_CLASS","items_purchased":[],"campfire_rested":0,"item_purchase_floors":[],"current_hp_per_floor":[62,62,62,62,62,62,62,48,48,47,47,29,24,24,24,0,0],"gold":536,"neow_bonus":"RANDOM_COMMON_RELIC","is_daily":false,"chose_seed":false,"campfire_upgraded":2,"win_rate":0.0,"timestamp":1611980745,"path_taken":["M","?","M","?","M","R","E","?","T","M","?","E","M","$","R","BOSS"],"items_purchased_type":[],"build_version":"2020-12-22","purchased_purges":0,"victory":false,"max_hp_per_floor":[70,70,70,70,70,70,70,70,70,70,70,70,70,70,70,70,70],"card_choices":[{"not_picked":["Runesmith:HeatExchange","Runesmith:ShiftingStrike","Runesmith:Overpower"],"picked":"SKIP","floor":1.0},{"not_picked":["Runesmith:CraftMagma","Runesmith:NegativeSpace"],"picked":"Runesmith:LithiumIon","floor":3.0},{"not_picked":["Runesmith:EarthShield","Runesmith:CraftMagma"],"picked":"Runesmith:Grindstone","floor":5.0},{"not_picked":["Runesmith:EarthShield","Runesmith:LithiumIon"],"picked":"Runesmith:CraftIndustria","floor":7.0},{"not_picked":["Runesmith:WhiteBalance","Runesmith:Reinforce"],"picked":"Runesmith:PoweredAnvil","floor":8.0},{"not_picked":["Runesmith:WhiteBalance","Runesmith:ChiselStab"],"picked":"Runesmith:Permafrost","floor":10.0},{"not_picked":["Runesmith:Reinforce","Runesmith:HeatExchange","Runesmith:MakeshiftArmor"],"picked":"SKIP","floor":11.0},{"not_picked":["Runesmith:ShiftingStrike","Runesmith:CraftVitae"],"picked":"Runesmith:FissionHammer","floor":12.0},{"not_picked":["Runesmith:RunicBlueprint","Runesmith:CraftProtectio"],"picked":"Runesmith:CraftMagma","floor":13.0}],"player_experience":1865095,"relics_obtained":[{"floor":7.0,"key":"Mercury Hourglass"},{"floor":9.0,"key":"Oddly Smooth Stone"},{"floor":12.0,"key":"Omamori"}],"event_choices":[{"damage_healed":0.0,"max_hp_gain":0.0,"max_hp_loss":0.0,"gold_gain":0.0,"event_name":"Liars Game","player_choice":"Ignored","floor":2.0,"gold_loss":0.0,"damage_taken":0.0},{"cards_removed":["Runesmith:Strike_RS"],"damage_healed":0.0,"max_hp_gain":0.0,"max_hp_loss":0.0,"gold_gain":0.0,"event_name":"Wheel of Change","player_choice":"Card Removal","floor":4.0,"gold_loss":0.0,"damage_taken":0.0}],"is_beta":false,"boss_relics":[],"items_purged_floors":[],"is_endless":false,"potions_floor_spawned":[7,8,12,13],"killed_by":"Slime Boss","ascension_level":2}}