{"host":"dcj2yvrgcvh5dl2s","time":1611976861,"event":{"mods":["BaseMod","Bestiary","Better Note","Block Reminder","Colored Powertips","Curses Come First","DeckTracker","Minty Spire (QoL Compilation)","Quick Restart","Rare Cards Sparkle","Relic Stats","StSLib"],"gold_per_floor":[110,110,26,45,65,65,98,98,170,185,195,195,195],"floor_reached":12,"language":"ENG","playtime":880,"items_purged":[],"score":160,"play_id":"d28b8ff7-90ed-4d16-8fe0-e88c78c7750a","local_time":"20210130132101","is_ascension_mode":true,"campfire_choices":[{"data":"Barricade","floor":6,"key":"SMITH"}],"circlet_count":0,"master_deck":["AscendersBane","Strike_R","Strike_R","Strike_R","Strike_R","Strike_R","Defend_R","Defend_R","Defend_R","Defend_R","Bash","Flex+1","Shrug It Off","Clothesline","Barricade+1","Uppercut","Parasite","Flex","Shrug It Off"],"relics":["Burning Blood","NeowsBlessing","Boot","Meat on the Bone"],"acts_visited":["Exordium"],"potions_floor_usage":[11,12],"damage_taken":[{"damage":0,"enemies":"Small Slimes","floor":1,"turns":1},{"damage":0,"enemies":"Jaw Worm","floor":4,"turns":1},{"damage":0,"enemies":"2 Louse","floor":5,"turns":2},{"damage":52,"enemies":"3 Sentries","floor":7,"turns":11},{"damage":25,"enemies":"Exordium Wildlife","floor":10,"turns":5},{"damage":32,"enemies":"Gremlin Gang","floor":11,"turns":4},{"damage":43,"enemies":"Lagavulin","floor":12,"turns":8}],"seed_played":"-4724298872555687984","potions_obtained":[{"floor":4,"key":"SteroidPotion"},{"floor":10,"key":"Ancient Potion"}],"is_trial":false,"path_per_floor":["M","?","$","M","M","R","E","?","T","M","M","E"],"character_chosen":"IRONCLAD","items_purchased":["Shrug It Off","Clothesline"],"campfire_rested":0,"item_purchase_floors":[3,3],"current_hp_per_floor":[74,74,74,75,75,75,29,47,47,40,26,0,0],"gold":195,"neow_bonus":"THREE_ENEMY_KILL","is_daily":false,"chose_seed":false,"campfire_upgraded":1,"win_rate":0.0,"timestamp":1611976861,"path_taken":["M","?","?","M","M","R","E","?","T","M","?","E"],"items_purchased_type":["Card","Card"],"build_version":"2020-12-22","purchased_purges":0,"victory":false,"max_hp_per_floor":[75,75,75,75,75,75,75,75,75,75,75,75,75],"relic_stats":{"counters":[7,32],"Boot":[0],"obtain_stats":[{"NeowsBlessing":0,"Boot":7,"Burning Blood":0,"Meat on the Bone":9},{"NeowsBlessing":0,"Boot":4,"Burning Blood":0,"Meat on the Bone":4},{"NeowsBlessing":0,"Boot":15,"Burning Blood":0,"Meat on the Bone":15}],"Burning Blood":25,"Meat on the Bone":24},"card_choices":[{"not_picked":["Warcry","Clash"],"picked":"Flex","floor":1},{"not_picked":["Clash","Iron Wave","Twin Strike"],"picked":"SKIP","floor":4},{"not_picked":["Iron Wave","Thunderclap"],"picked":"Barricade","floor":5},{"not_picked":["Thunderclap","Battle Trance"],"picked":"Uppercut","floor":7},{"not_picked":["Cleave","Armaments"],"picked":"Flex","floor":10},{"not_picked":["Searing Blow","Clash"],"picked":"Shrug It Off","floor":11}],"player_experience":2297744,"relics_obtained":[{"floor":7,"key":"Boot"},{"floor":9,"key":"Meat on the Bone"}],"event_choices":[{"damage_healed":0,"gold_gain":0,"player_choice":"Grow","damage_taken":0,"max_hp_gain":0,"max_hp_loss":0,"event_name":"Living Wall","floor":2,"gold_loss":0,"cards_upgraded":["Flex"]},{"damage_healed":18,"gold_gain":0,"player_choice":"Healed and dodged fight","damage_taken":0,"max_hp_gain":0,"max_hp_loss":0,"event_name":"Mushrooms","floor":8,"gold_loss":0,"cards_obtained":["Parasite"]}],"is_beta":false,"boss_relics":[],"items_purged_floors":[],"is_endless":false,"potions_floor_spawned":[4,10],"killed_by":"Lagavulin","ascension_level":20}}