{"host":"lv7etzzgwahaenh9","time":1611979447,"event":{"mods":["AchievementEnabler","BaseMod","Colored Map","Colored Powertips","Highlight Path","Minty Spire (QoL Compilation)","Permanent Neow","Quick Restart","Random Character Button","StSLib"],"gold_per_floor":[19,38,58,70,89,89,89,89,89,151,167,196,196,229,229,334,334,351,8,8,27,46,46,61,61,85,113,113,11,40,73,73,73,73],"floor_reached":33,"language":"ENG","playtime":1579,"items_purged":[],"score":446,"play_id":"4a3d2107-8359-437d-9f6c-8888eea9b555","local_time":"20210129200407","is_ascension_mode":true,"campfire_choices":[{"data":"Zap","floor":6.0,"key":"SMITH"},{"data":"Dualcast","floor":8.0,"key":"SMITH"},{"floor":13.0,"key":"REST"},{"floor":15.0,"key":"REST"},{"floor":23.0,"key":"REST"},{"floor":25.0,"key":"REST"},{"floor":28.0,"key":"REST"},{"data":"Echo Form","floor":32.0,"key":"SMITH"}],"circlet_count":0,"master_deck":["AscendersBane","Strike_B","Strike_B","Strike_B","Strike_B","Defend_B","Defend_B+1","Defend_B","Defend_B","Zap+1","Dualcast+1","Cold Snap","Ball Lightning","Hologram+1","Go for the Eyes","Streamline","Conserve Battery","Doom and Gloom","Ball Lightning","Rainbow","Barrage","Consume+1","Cold Snap","Recycle+1","Echo Form+1","Self Repair","Electrodynamics"],"relics":["Cracked Core","Torii","Turnip","Prayer Wheel","Lizard Tail","Inserter","Emotion Chip","Happy Flower","Calipers","CeramicFish"],"acts_visited":["Exordium","TheCity"],"potions_floor_usage":[],"damage_taken":[{"damage":1.0,"enemies":"Jaw Worm","floor":1.0,"turns":3.0},{"damage":0.0,"enemies":"Small Slimes","floor":2.0,"turns":3.0},{"damage":0.0,"enemies":"Cultist","floor":3.0,"turns":3.0},{"damage":7.0,"enemies":"Red Slaver","floor":4.0,"turns":3.0},{"damage":6.0,"enemies":"2 Fungi Beasts","floor":5.0,"turns":3.0},{"damage":1.0,"enemies":"3 Louse","floor":11.0,"turns":3.0},{"damage":17.0,"enemies":"Gremlin Nob","floor":12.0,"turns":4.0},{"damage":8.0,"enemies":"Lagavulin","floor":14.0,"turns":6.0},{"damage":19.0,"enemies":"Slime Boss","floor":16.0,"turns":7.0},{"damage":26.0,"enemies":"3 Byrds","floor":18.0,"turns":4.0},{"damage":10.0,"enemies":"Shell Parasite","floor":21.0,"turns":5.0},{"damage":15.0,"enemies":"Snecko","floor":22.0,"turns":5.0},{"damage":24.0,"enemies":"Snake Plant","floor":24.0,"turns":2.0},{"damage":16.0,"enemies":"Slavers","floor":27.0,"turns":4.0},{"damage":34.0,"enemies":"Gremlin Leader","floor":30.0,"turns":5.0},{"damage":23.0,"enemies":"Shelled Parasite and Fungi","floor":31.0,"turns":6.0},{"damage":0,"enemies":"Champ","floor":33,"turns":1}],"seed_played":"-9178932987733507122","potions_obtained":[{"floor":2.0,"key":"Swift Potion"},{"floor":11.0,"key":"Ancient Potion"},{"floor":14.0,"key":"Block Potion"},{"floor":20.0,"key":"Block Potion"},{"floor":20.0,"key":"CultistPotion"},{"floor":20.0,"key":"Fire Potion"},{"floor":21.0,"key":"Explosive Potion"}],"is_trial":false,"path_per_floor":["M","M","M","M","M","R","?","R","T","?","M","E","R","E","R","B",null,"M","$","?","M","M","R","M","R","T","E","R","$","E","M","R","B"],"character_chosen":"DEFECT","items_purchased":["Emotion Chip","Barrage","Fruit Juice"],"campfire_rested":5,"item_purchase_floors":[19,19,29],"current_hp_per_floor":[67,67,67,60,54,54,39,39,39,39,38,21,43,35,57,38,66,40,40,40,30,15,37,13,35,35,19,41,41,7,26,26,26,26],"gold":73,"neow_bonus":"ONE_RARE_RELIC","is_daily":false,"chose_seed":false,"campfire_upgraded":3,"win_rate":0.0,"timestamp":1611979447,"path_taken":["M","M","M","M","M","R","?","R","T","?","M","E","R","E","R","BOSS","M","$","?","M","M","R","?","R","T","E","R","?","E","M","R","BOSS"],"items_purchased_type":["Relic","Card","Potion"],"build_version":"2020-12-22","purchased_purges":0,"victory":false,"max_hp_per_floor":[75,75,75,75,75,75,75,75,75,75,75,75,75,75,75,75,75,75,75,75,75,75,75,75,75,75,75,75,75,75,75,75,75,75],"card_choices":[{"not_picked":["Leap","Auto Shields"],"picked":"Cold Snap","floor":1.0},{"not_picked":["Steam Power","Streamline"],"picked":"Ball Lightning","floor":2.0},{"not_picked":["Storm","Beam Cell"],"picked":"Hologram","floor":3.0},{"not_picked":["Scrape","Hologram"],"picked":"Go for the Eyes","floor":4.0},{"not_picked":["Redo","Static Discharge"],"picked":"Streamline","floor":5.0},{"not_picked":["Amplify","Compile Driver"],"picked":"Conserve Battery","floor":11.0},{"not_picked":["Auto Shields","Stack"],"picked":"Doom and Gloom","floor":12.0},{"not_picked":["Multi-Cast","Hologram"],"picked":"Ball Lightning","floor":14.0},{"not_picked":["Echo Form","Buffer"],"picked":"Rainbow","floor":16.0},{"not_picked":["Compile Driver","Sweeping Beam","Turbo"],"picked":"SKIP","floor":18.0},{"not_picked":["Ball Lightning+1","White Noise","Melter+1"],"picked":"SKIP","floor":18.0},{"not_picked":["Ball Lightning","Steam Power"],"picked":"Consume+1","floor":21.0},{"not_picked":["Compile Driver+1","Ball Lightning"],"picked":"Cold Snap","floor":21.0},{"not_picked":["Darkness","Sweeping Beam"],"picked":"Recycle+1","floor":22.0},{"not_picked":["Redo","Rebound"],"picked":"Echo Form","floor":22.0},{"not_picked":["Barrage","Steam Power+1","FTL"],"picked":"SKIP","floor":24.0},{"not_picked":["Cold Snap","Conserve Battery","Hologram+1"],"picked":"SKIP","floor":24.0},{"not_picked":["Sweeping Beam+1","Go for the Eyes","Scrape"],"picked":"SKIP","floor":27.0},{"not_picked":["Cold Snap","Go for the Eyes","Capacitor"],"picked":"SKIP","floor":30.0},{"not_picked":["Beam Cell","Aggregate"],"picked":"Self Repair","floor":31.0},{"not_picked":["Leap","Self Repair"],"picked":"Electrodynamics","floor":31.0}],"player_experience":319949,"relics_obtained":[{"floor":9.0,"key":"Turnip"},{"floor":12.0,"key":"Prayer Wheel"},{"floor":14.0,"key":"Lizard Tail"},{"floor":26.0,"key":"Happy Flower"},{"floor":27.0,"key":"Calipers"},{"floor":30.0,"key":"CeramicFish"}],"event_choices":[{"damage_healed":0.0,"max_hp_gain":0.0,"max_hp_loss":0.0,"gold_gain":0.0,"event_name":"Shining Light","player_choice":"Entered Light","floor":7.0,"gold_loss":0.0,"damage_taken":15.0,"cards_upgraded":["Defend_B","Hologram"]},{"damage_healed":0.0,"max_hp_gain":0.0,"max_hp_loss":0.0,"gold_gain":62.0,"event_name":"Golden Wing","player_choice":"Gained Gold","floor":10.0,"gold_loss":0.0,"damage_taken":0.0},{"damage_healed":0.0,"max_hp_gain":0.0,"max_hp_loss":0.0,"gold_gain":0.0,"event_name":"Lab","player_choice":"Got Potions","floor":20.0,"gold_loss":0.0,"damage_taken":0.0}],"is_beta":false,"boss_relics":[{"not_picked":["Ectoplasm","SacredBark"],"picked":"Inserter"}],"items_purged_floors":[],"is_endless":false,"potions_floor_spawned":[2,11,14,21,22,24],"killed_by":"Champ","ascension_level":10}}