{"host":"5jdby9iqu3ct6557","time":1611966804,"event":{"mods":["BaseMod","DeckTracker","Highlight Path","Minty Spire (QoL Compilation)","Relic Stats","StSLib"],"gold_per_floor":[117,134,134,144,158,158,186,186,186,220,220,232,264,264,264,343,343,355,366,401,401,401,401,428,444,492,492,524,524,39,71,71,142,142,162,182,192,192,206,246,246,589,615,129,155,29,52,85,85,85,85,85,85,18,44,44],"floor_reached":57,"language":"ENG","playtime":10944,"items_purged":["Strike_G","Strike_G","Strike_G","Strike_G"],"score":3207,"play_id":"9f1c590b-c561-4f7f-ab55-08977bccb2f4","local_time":"20210129193324","is_ascension_mode":true,"campfire_choices":[{"floor":6.0,"key":"REST"},{"floor":8.0,"key":"REST"},{"floor":11.0,"key":"REST"},{"data":"Bouncing Flask","floor":15,"key":"SMITH"},{"data":"Crippling Poison","floor":23,"key":"SMITH"},{"floor":27,"key":"REST"},{"floor":29,"key":"REST"},{"data":"Well Laid Plans","floor":32,"key":"SMITH"},{"floor":41,"key":"RECALL"},{"floor":49,"key":"REST"},{"floor":53,"key":"REST"}],"circlet_count":0,"master_deck":["AscendersBane","Defend_G","Defend_G","Defend_G","Defend_G+1","Defend_G","Survivor","Neutralize","Blade Dance+1","Bouncing Flask+1","Riddle With Holes","Crippling Poison+1","Dodge and Roll+1","Blade Dance+1","Burst+1","Blade Dance+1","Burst+1","Setup+1","Catalyst+1","Well Laid Plans+1","Backflip+1","Adrenaline+1","Footwork+1","Footwork+1","Leg Sweep+1","Night Terror+1","Prepared+1","Envenom","Cloak And Dagger+1","Prepared+1","Blur+1","Cloak And Dagger+1","Bouncing Flask+1","PiercingWail+1"],"relics":["Black Star","Singing Bowl","Toxic Egg 2","Pear","Letter Opener","HornCleat","Orichalcum","Nunchaku","SacredBark","Red Mask","Pocketwatch","Mummified Hand","Bag of Preparation","Ninja Scroll","Paper Crane","Shuriken","Boot","Strawberry","Fusion Hammer","CeramicFish","Smiling Mask","Old Coin","War Paint","Ornamental Fan","Orrery","Juzu Bracelet","Meat on the Bone","Vajra","Ginger","Blue Candle"],"acts_visited":["Exordium","TheCity","TheBeyond","TheEnding"],"potions_floor_usage":[13,16,20,20,24,31,39,56,56],"damage_taken":[{"damage":11.0,"enemies":"Cultist","floor":1.0,"turns":5.0},{"damage":0.0,"enemies":"2 Louse","floor":2.0,"turns":3.0},{"damage":8.0,"enemies":"Small Slimes","floor":4.0,"turns":4.0},{"damage":4.0,"enemies":"Looter","floor":5.0,"turns":4.0},{"damage":22.0,"enemies":"3 Sentries","floor":7.0,"turns":8.0},{"damage":23.0,"enemies":"Lagavulin","floor":10.0,"turns":7.0},{"damage":0.0,"enemies":"3 Louse","floor":12.0,"turns":3.0},{"damage":2,"enemies":"3 Sentries","floor":13,"turns":6},{"damage":21,"enemies":"Hexaghost","floor":16,"turns":9},{"damage":0,"enemies":"3 Byrds","floor":18,"turns":5},{"damage":8,"enemies":"Chosen","floor":19,"turns":4},{"damage":8,"enemies":"Masked Bandits","floor":20,"turns":6},{"damage":24,"enemies":"Book of Stabbing","floor":24,"turns":5},{"damage":24,"enemies":"Shelled Parasite and Fungi","floor":25,"turns":6},{"damage":9,"enemies":"Gremlin Leader","floor":28,"turns":4},{"damage":2,"enemies":"Slavers","floor":31,"turns":6},{"damage":16,"enemies":"Champ","floor":33,"turns":7},{"damage":0,"enemies":"3 Darklings","floor":35,"turns":3},{"damage":0,"enemies":"Orb Walker","floor":36,"turns":3},{"damage":9,"enemies":"4 Shapes","floor":37,"turns":4},{"damage":16,"enemies":"Transient","floor":39,"turns":6},{"damage":0,"enemies":"Nemesis","floor":40,"turns":3},{"damage":0,"enemies":"Reptomancer","floor":42,"turns":3},{"damage":0,"enemies":"Spire Growth","floor":45,"turns":2},{"damage":0,"enemies":"Nemesis","floor":48,"turns":5},{"damage":0,"enemies":"Awakened One","floor":50,"turns":11},{"damage":6,"enemies":"Donu and Deca","floor":51,"turns":6},{"damage":10,"enemies":"Shield and Spear","floor":55,"turns":6},{"damage":45,"enemies":"The Heart","floor":56,"turns":6}],"seed_played":"-3879666054204858460","potions_obtained":[{"floor":2.0,"key":"ColorlessPotion"},{"floor":7.0,"key":"Fire Potion"},{"floor":10.0,"key":"EntropicBrew"},{"floor":12.0,"key":"BlessingOfTheForge"},{"floor":13,"key":"FearPotion"},{"floor":16,"key":"SmokeBomb"},{"floor":19,"key":"Fire Potion"},{"floor":24,"key":"LiquidBronze"},{"floor":28,"key":"Regen Potion"},{"floor":33,"key":"ColorlessPotion"},{"floor":36,"key":"SkillPotion"},{"floor":40,"key":"ColorlessPotion"}],"is_trial":false,"path_per_floor":["M","M","?","M","M","R","E","R","T","E","R","M","E","?","R","B",null,"M","M","?","?","?","R","E","M","T","R","E","R","$","E","R","B",null,"M","M","M","?","M","E","R","E","T","$","M","$","T","E","R","B","B",null,"R","$","E","B",null],"character_chosen":"THE_SILENT","items_purchased":["Well Laid Plans","Shuriken","Backflip+1","Ornamental Fan","Prepared+1","Orrery","Bouncing Flask+1","PiercingWail+1"],"campfire_rested":7,"item_purchase_floors":[30,30,30,44,44,44,46,54],"current_hp_per_floor":[48,48,41,33,29,48,26,45,55,34,57,57,57,57,57,36,69,71,65,57,57,57,57,33,11,11,36,27,52,52,95,95,79,91,93,95,86,99,83,83,83,83,83,85,85,85,85,87,103,103,97,102,103,103,95,62],"gold":44,"neow_bonus":"BOSS_RELIC","is_daily":false,"chose_seed":false,"campfire_upgraded":3,"win_rate":0.0,"timestamp":1611966804,"path_taken":["M","?","?","M","M","R","E","R","T","E","R","M","E","?","R","BOSS","M","M","?","?","?","R","E","M","T","R","E","R","$","E","R","BOSS","M","M","?","?","M","E","R","E","T","$","?","$","?","E","R","BOSS","BOSS","R","$","E","BOSS"],"items_purchased_type":["Card","Relic","Card","Relic","Card","Relic","Card","Card"],"build_version":"2020-12-22","purchased_purges":4,"victory":true,"max_hp_per_floor":[66,66,66,66,66,66,66,66,76,78,78,78,80,80,80,80,80,82,84,84,84,84,84,84,86,86,86,86,86,86,95,95,95,95,97,99,99,99,99,99,99,99,99,101,101,101,101,103,103,103,103,103,103,103,105,105],"relic_stats":{"Singing Bowl":22,"counters":[29,150],"CeramicFish":90,"Blue Candle":[0],"Bag of Preparation":[30],"Juzu Bracelet":0,"Letter Opener":[546],"Ginger":[2],"Orichalcum":[126],"War Paint":["Defend_G","Blade Dance"],"Boot":[83],"Smiling Mask":225,"Nunchaku":[36],"Mummified Hand":[36],"Shuriken":[66],"Ornamental Fan":[124],"Black Star":10,"obtain_stats":[{"Singing Bowl":7,"SacredBark":17,"CeramicFish":40,"Vajra":48,"Bag of Preparation":26,"Juzu Bracelet":47,"Ginger":55,"Boot":31,"Smiling Mask":40,"Old Coin":42,"Nunchaku":13,"HornCleat":10,"Mummified Hand":24,"Ninja Scroll":28,"Strawberry":31,"Fusion Hammer":34,"Red Mask":20,"Toxic Egg 2":7,"Ring of the Snake":0,"Pear":9,"Blue Candle":55,"Letter Opener":10,"Orichalcum":13,"Paper Crane":28,"War Paint":42,"Shuriken":30,"Ornamental Fan":44,"Orrery":44,"Black Star":0,"Pocketwatch":24,"Meat on the Bone":48},{"Singing Bowl":5,"SacredBark":9,"CeramicFish":22,"Vajra":25,"Bag of Preparation":14,"Juzu Bracelet":24,"Ginger":28,"Boot":16,"Smiling Mask":22,"Old Coin":23,"Nunchaku":8,"HornCleat":6,"Mummified Hand":13,"Ninja Scroll":15,"Strawberry":16,"Fusion Hammer":17,"Red Mask":12,"Toxic Egg 2":5,"Ring of the Snake":0,"Pear":5,"Blue Candle":28,"Letter Opener":6,"Orichalcum":8,"Paper Crane":15,"War Paint":23,"Shuriken":15,"Ornamental Fan":23,"Orrery":23,"Black Star":0,"Pocketwatch":13,"Meat on the Bone":25},{"Singing Bowl":24,"SacredBark":49,"CeramicFish":111,"Vajra":121,"Bag of Preparation":75,"Juzu Bracelet":116,"Ginger":144,"Boot":85,"Smiling Mask":111,"Old Coin":114,"Nunchaku":40,"HornCleat":31,"Mummified Hand":69,"Ninja Scroll":79,"Strawberry":85,"Fusion Hammer":92,"Red Mask":64,"Toxic Egg 2":24,"Ring of the Snake":0,"Pear":24,"Blue Candle":144,"Letter Opener":31,"Orichalcum":40,"Paper Crane":79,"War Paint":114,"Shuriken":79,"Ornamental Fan":114,"Orrery":114,"Black Star":0,"Pocketwatch":69,"Meat on the Bone":121}],"Pocketwatch":[17],"Meat on the Bone":12},"card_choices":[{"not_picked":["Backflip","Flying Knee"],"picked":"Blade Dance","floor":1.0},{"not_picked":["Underhanded Strike","Blade Dance"],"picked":"Bouncing Flask","floor":2.0},{"not_picked":["Slice","Accuracy"],"picked":"Riddle With Holes","floor":4.0},{"not_picked":["Footwork","Prepared"],"picked":"Crippling Poison","floor":5.0},{"not_picked":["Skewer","Quick Slash"],"picked":"Dodge and Roll+1","floor":7.0},{"not_picked":["Dagger Throw","Slice","Eviscerate"],"picked":"Singing Bowl","floor":10.0},{"not_picked":["Deflect+1","Footwork"],"picked":"Blade Dance+1","floor":12.0},{"not_picked":["Backflip+1","Riddle With Holes","Bane"],"picked":"Singing Bowl","floor":13},{"not_picked":["Phantasmal Killer+1","Die Die Die"],"picked":"Burst+1","floor":16},{"not_picked":["Poisoned Stab","Flying Knee","Dodge and Roll+1"],"picked":"Singing Bowl","floor":18},{"not_picked":["Backflip+1","Slice+1","Dagger Spray"],"picked":"Singing Bowl","floor":19},{"not_picked":["Leg Sweep+1","Predator"],"picked":"Blade Dance+1","floor":20},{"not_picked":["Dodge and Roll+1","Unload"],"picked":"Setup+1","floor":24},{"not_picked":["Bane","Calculated Gamble+1","Blade Dance+1"],"picked":"Singing Bowl","floor":25},{"not_picked":["Acrobatics+1","Crippling Poison+1"],"picked":"Catalyst+1","floor":28},{"not_picked":["Deflect+1","Deadly Poison+1","Well Laid Plans"],"picked":"Singing Bowl","floor":31},{"not_picked":["After Image","Glass Knife"],"picked":"Adrenaline+1","floor":33},{"not_picked":["Endless Agony","Flying Knee+1","Sucker Punch"],"picked":"Singing Bowl","floor":35},{"not_picked":["Slice","Skewer","Grand Finale"],"picked":"Singing Bowl","floor":36},{"not_picked":["Dagger Throw+1","Catalyst+1"],"picked":"Footwork+1","floor":37},{"not_picked":["Deadly Poison+1","Dagger Throw"],"picked":"Footwork+1","floor":39},{"not_picked":["Sucker Punch","Distraction+1"],"picked":"Leg Sweep+1","floor":40},{"not_picked":["Quick Slash","Calculated Gamble+1"],"picked":"Night Terror+1","floor":42},{"not_picked":["Expertise+1","Poisoned Stab+1"],"picked":"Envenom","floor":44},{"not_picked":["Distraction+1","Skewer+1"],"picked":"Cloak And Dagger+1","floor":44},{"not_picked":["Bane","Riddle With Holes+1"],"picked":"Prepared+1","floor":44},{"not_picked":["Quick Slash+1","Bane"],"picked":"Blur+1","floor":44},{"not_picked":["Flying Knee","Poisoned Stab","Dodge and Roll+1"],"picked":"Singing Bowl","floor":44},{"not_picked":["PiercingWail+1","Accuracy"],"picked":"Cloak And Dagger+1","floor":45},{"not_picked":["Corpse Explosion+1","Masterful Stab","All Out Attack"],"picked":"Singing Bowl","floor":48},{"not_picked":["Sucker Punch","Dodge and Roll+1","Predator"],"picked":"Singing Bowl","floor":55}],"player_experience":2427745,"relics_obtained":[{"floor":7.0,"key":"Singing Bowl"},{"floor":7.0,"key":"Toxic Egg 2"},{"floor":9.0,"key":"Pear"},{"floor":10.0,"key":"Letter Opener"},{"floor":10.0,"key":"HornCleat"},{"floor":13,"key":"Orichalcum"},{"floor":13,"key":"Nunchaku"},{"floor":20,"key":"Red Mask"},{"floor":24,"key":"Pocketwatch"},{"floor":24,"key":"Mummified Hand"},{"floor":26,"key":"Bag of Preparation"},{"floor":28,"key":"Ninja Scroll"},{"floor":28,"key":"Paper Crane"},{"floor":31,"key":"Boot"},{"floor":31,"key":"Strawberry"},{"floor":40,"key":"CeramicFish"},{"floor":40,"key":"Smiling Mask"},{"floor":42,"key":"Old Coin"},{"floor":42,"key":"War Paint"},{"floor":47,"key":"Juzu Bracelet"},{"floor":48,"key":"Meat on the Bone"},{"floor":48,"key":"Vajra"},{"floor":55,"key":"Ginger"},{"floor":55,"key":"Blue Candle"}],"event_choices":[{"cards_removed":["Strike_G"],"damage_healed":0.0,"max_hp_gain":0.0,"max_hp_loss":0.0,"gold_gain":0.0,"event_name":"Golden Wing","player_choice":"Card Removal","floor":3.0,"gold_loss":0.0,"damage_taken":7.0},{"damage_healed":0,"gold_gain":0,"player_choice":"Searched \u00270\u0027 times","damage_taken":0,"max_hp_gain":0,"max_hp_loss":0,"event_name":"Dead Adventurer","floor":14,"gold_loss":0},{"damage_healed":0,"gold_gain":0,"player_choice":"Fought Bandits","damage_taken":0,"max_hp_gain":0,"max_hp_loss":0,"event_name":"Masked Bandits","floor":20,"gold_loss":0},{"damage_healed":0,"gold_gain":0,"player_choice":"Ignored","damage_taken":0,"max_hp_gain":0,"max_hp_loss":0,"event_name":"The Mausoleum","floor":21,"gold_loss":0},{"damage_healed":0,"gold_gain":0,"player_choice":"Copied","damage_taken":0,"max_hp_gain":0,"max_hp_loss":0,"event_name":"Duplicator","floor":22,"gold_loss":0,"cards_obtained":["Burst"]},{"damage_healed":13,"gold_gain":0,"player_choice":"Full Heal","damage_taken":0,"max_hp_gain":0,"max_hp_loss":0,"event_name":"Wheel of Change","floor":38,"gold_loss":0}],"is_beta":false,"boss_relics":[{"not_picked":["Busted Crown","Calling Bell"],"picked":"SacredBark"},{"not_picked":["Coffee Dripper","Sozu"],"picked":"Fusion Hammer"}],"items_purged_floors":[30,44,46,54],"is_endless":false,"potions_floor_spawned":[2,7,10,12,13,16,19,24,28,33,36,37,40,48],"ascension_level":20}}