{"host":"n23juj4d9qam5hh1","time":1611978091,"event":{"mods":["BaseMod","Better Note","BetterRewards","Displayed Cursed Tome","Infinite Spire","Minty Spire (QoL Compilation)","Relic Stats","StSLib","Thieving Mod"],"gold_per_floor":[116,116,116,30,30,62,62,92,92,92,109,128,147,160,160,263,263,276,291,291,216,216,216,216],"floor_reached":23,"language":"ENG","playtime":639,"items_purged":[],"score":299,"play_id":"42c36ebd-5de7-43ff-9bf8-d92816da7c2e","local_time":"20210129224131","is_ascension_mode":true,"campfire_choices":[{"data":"Defragment","floor":7,"key":"SMITH"},{"data":"Chaos","floor":10,"key":"SMITH"},{"data":"Creative AI","floor":15,"key":"SMITH"}],"circlet_count":0,"master_deck":["Strike_B","Defend_B","Defend_B","Defend_B","Zap","Dualcast+1","Ball Lightning","Defragment+1","Ball Lightning","Chaos+1","Coolheaded","Turbo","Turbo","Creative AI+1","Echo Form","Recycle+1","Consume+1","Steam+1","Ball Lightning+1","Writhe"],"relics":["Cracked Core","NeowsBlessing","Tiny Chest","DataDisk","Bottled Tornado","Astrolabe","MealTicket"],"acts_visited":["Exordium","TheCity"],"potions_floor_usage":[16,19,23,23],"damage_taken":[{"damage":0,"enemies":"Jaw Worm","floor":1,"turns":1},{"damage":0,"enemies":"Lagavulin","floor":6,"turns":3},{"damage":0,"enemies":"3 Sentries","floor":8,"turns":1},{"damage":0,"enemies":"2 Louse","floor":11,"turns":2},{"damage":0,"enemies":"Cultist","floor":12,"turns":2},{"damage":0,"enemies":"Exordium Wildlife","floor":13,"turns":2},{"damage":3,"enemies":"Blue Slaver","floor":14,"turns":2},{"damage":34,"enemies":"Hexaghost","floor":16,"turns":7},{"damage":14,"enemies":"3 Byrds","floor":18,"turns":4},{"damage":18,"enemies":"2 Thieves","floor":19,"turns":3},{"damage":46,"enemies":"Slavers","floor":23,"turns":3}],"seed_played":"7625343288554178393","potions_obtained":[{"floor":6,"key":"LiquidMemories"},{"floor":8,"key":"FearPotion"},{"floor":13,"key":"Explosive Potion"},{"floor":16,"key":"FocusPotion"},{"floor":18,"key":"FocusPotion"}],"is_trial":false,"path_per_floor":["M","?","?","$","$","E","R","E","T","R","M","M","M","M","R","B",null,"M","M","$","?","?","E"],"character_chosen":"DEFECT","items_purchased":["Defragment","Ball Lightning"],"campfire_rested":0,"item_purchase_floors":[4,4],"current_hp_per_floor":[75,75,75,75,75,75,75,75,75,75,75,75,75,72,72,38,75,61,43,43,43,43,0,0],"gold":216,"neow_bonus":"THREE_ENEMY_KILL","is_daily":false,"chose_seed":false,"campfire_upgraded":3,"win_rate":0.0,"timestamp":1611978091,"path_taken":["M","?","?","?","$","E","R","E","T","R","M","M","M","?","R","BOSS","M","M","$","?","?","E"],"items_purchased_type":["Card","Card"],"build_version":"2020-12-22","purchased_purges":0,"victory":false,"max_hp_per_floor":[75,75,75,75,75,75,75,75,75,75,75,75,75,75,75,75,75,75,75,75,75,75,75,75],"relic_stats":{"counters":[11,30],"Astrolabe":["Recycle","Consume","Steam"],"Tiny Chest":0,"MealTicket":0,"obtain_stats":[{"DataDisk":8,"NeowsBlessing":0,"Astrolabe":17,"Tiny Chest":6,"MealTicket":22,"Bottled Tornado":9,"Cracked Core":0},{"DataDisk":3,"NeowsBlessing":0,"Astrolabe":8,"Tiny Chest":2,"MealTicket":10,"Bottled Tornado":3,"Cracked Core":0},{"DataDisk":5,"NeowsBlessing":0,"Astrolabe":20,"Tiny Chest":4,"MealTicket":27,"Bottled Tornado":5,"Cracked Core":0}]},"card_choices":[{"not_picked":["Chill","Streamline"],"picked":"Ball Lightning","floor":1},{"not_picked":["Self Repair","Compile Driver"],"picked":"Chaos","floor":6},{"not_picked":["Redo","Barrage","Heatsinks"],"picked":"SKIP","floor":8},{"not_picked":["Consume","Conserve Battery"],"picked":"Coolheaded","floor":11},{"not_picked":["Scrape","Auto Shields"],"picked":"Turbo","floor":12},{"not_picked":["Redo","Streamline"],"picked":"Turbo","floor":13},{"not_picked":["Beam Cell","Conserve Battery"],"picked":"Creative AI","floor":14},{"not_picked":["Fission","Machine Learning"],"picked":"Echo Form","floor":16},{"not_picked":["Redo","Scrape"],"picked":"Ball Lightning+1","floor":18},{"not_picked":["Compile Driver","Skim","Stack"],"picked":"SKIP","floor":19}],"player_experience":267511,"relics_obtained":[{"floor":6,"key":"Tiny Chest"},{"floor":8,"key":"DataDisk"},{"floor":9,"key":"Bottled Tornado"}],"event_choices":[{"damage_healed":0,"gold_gain":0,"player_choice":"Leave","damage_taken":0,"max_hp_gain":0,"max_hp_loss":0,"event_name":"The Cleric","floor":2,"gold_loss":0},{"damage_healed":0,"gold_gain":0,"player_choice":"Grow","damage_taken":0,"max_hp_gain":0,"max_hp_loss":0,"event_name":"Living Wall","floor":3,"gold_loss":0,"cards_upgraded":["Dualcast"]},{"cards_removed":["Strike_B"],"damage_healed":0,"gold_gain":0,"player_choice":"Gave Gold","damage_taken":0,"max_hp_gain":0,"max_hp_loss":0,"event_name":"Beggar","floor":21,"gold_loss":75},{"damage_healed":0,"gold_gain":0,"player_choice":"Opened","damage_taken":0,"relics_obtained":["MealTicket"],"max_hp_gain":0,"max_hp_loss":0,"event_name":"The Mausoleum","floor":22,"gold_loss":0,"cards_obtained":["Writhe"]}],"is_beta":false,"boss_relics":[{"not_picked":["Cursed Key","SlaversCollar"],"picked":"Astrolabe"}],"items_purged_floors":[],"is_endless":false,"potions_floor_spawned":[6,8,13,16,18],"killed_by":"Slavers","ascension_level":4}}