{"host":"d52brwsy6af8zvaq","time":1611980103,"event":{"mods":["AchievementEnabler","BaseMod","Bestiary","Highlight Path","Minty Spire (QoL Compilation)","Quick Restart","Relic Stats","ojb\u0027s Better Paths Mod"],"gold_per_floor":[111,111,111,122,137,164,181,181,181,23,23,23,33,59,59,59,59],"floor_reached":16,"language":"ENG","playtime":6910,"items_purged":["Strike_G"],"score":220,"play_id":"f9b4aafe-7e72-44b7-9a1e-e20eb563cb4c","local_time":"20210129211503","is_ascension_mode":true,"campfire_choices":[{"floor":8.0,"key":"REST"},{"data":"Bouncing Flask","floor":12,"key":"SMITH"},{"floor":15,"key":"REST"}],"circlet_count":0,"master_deck":["AscendersBane","Strike_G","Strike_G","Strike_G","Strike_G","Defend_G","Defend_G","Defend_G","Defend_G","Defend_G","Survivor","Neutralize","Cloak And Dagger","Dash","Underhanded Strike","Bouncing Flask+1","Cloak And Dagger","Catalyst","Parasite","Leg Sweep","PiercingWail"],"relics":["Ring of the Snake","Mummified Hand","Ornamental Fan","Mercury Hourglass"],"acts_visited":[],"potions_floor_usage":[16],"damage_taken":[{"damage":10.0,"enemies":"Jaw Worm","floor":1.0,"turns":6.0},{"damage":0.0,"enemies":"2 Louse","floor":4.0,"turns":4.0},{"damage":0.0,"enemies":"Small Slimes","floor":5.0,"turns":4.0},{"damage":30.0,"enemies":"Gremlin Nob","floor":6.0,"turns":5.0},{"damage":13.0,"enemies":"Exordium Thugs","floor":7.0,"turns":7.0},{"damage":15,"enemies":"2 Fungi Beasts","floor":13,"turns":5},{"damage":31,"enemies":"3 Sentries","floor":14,"turns":11},{"damage":30,"enemies":"Slime Boss","floor":16,"turns":3}],"seed_played":"-8200557653072907610","potions_obtained":[{"floor":5.0,"key":"Fire Potion"},{"floor":13,"key":"LiquidBronze"},{"floor":14,"key":"SpeedPotion"}],"is_trial":false,"path_per_floor":["M","?","?","M","M","E","M","R","T","$","?","R","M","E","R","B"],"character_chosen":"THE_SILENT","items_purchased":["Catalyst"],"campfire_rested":2,"item_purchase_floors":[10],"current_hp_per_floor":[55,55,55,55,55,25,12,33,33,33,51,51,36,5,26,0,0],"gold":59,"neow_bonus":"TEN_PERCENT_HP_BONUS","is_daily":false,"chose_seed":false,"campfire_upgraded":1,"win_rate":0.0,"timestamp":1611980103,"path_taken":["M","?","?","M","M","E","M","R","T","$","?","R","M","E","R","BOSS"],"items_purchased_type":["Card"],"build_version":"2020-12-22","purchased_purges":1,"victory":false,"max_hp_per_floor":[72,72,72,72,72,72,72,72,72,72,72,72,72,72,72,72,72],"relic_stats":{"counters":[8,45],"Mummified Hand":[0],"Ornamental Fan":[16],"obtain_stats":[{"Mummified Hand":6,"Ornamental Fan":9,"Ring of the Snake":0,"Mercury Hourglass":14},{"Mummified Hand":4,"Ornamental Fan":5,"Ring of the Snake":0,"Mercury Hourglass":7},{"Mummified Hand":19,"Ornamental Fan":26,"Ring of the Snake":0,"Mercury Hourglass":42}],"Ring of the Snake":[16],"Mercury Hourglass":[9]},"card_choices":[{"not_picked":["Escape Plan","Backflip"],"picked":"Cloak And Dagger","floor":1.0},{"not_picked":["Reflex","Outmaneuver"],"picked":"Dash","floor":4.0},{"not_picked":["PiercingWail","Bane"],"picked":"Underhanded Strike","floor":5.0},{"not_picked":["Blade Dance","PiercingWail"],"picked":"Bouncing Flask","floor":6.0},{"not_picked":["Endless Agony","Tactician"],"picked":"Cloak And Dagger","floor":7.0},{"not_picked":["Dagger Throw","Flying Knee"],"picked":"Leg Sweep","floor":13},{"not_picked":["Backflip","Bullet Time"],"picked":"PiercingWail","floor":14}],"player_experience":2061898,"relics_obtained":[{"floor":6.0,"key":"Mummified Hand"},{"floor":9.0,"key":"Ornamental Fan"},{"floor":14,"key":"Mercury Hourglass"}],"event_choices":[{"damage_healed":0.0,"max_hp_gain":0.0,"max_hp_loss":0.0,"gold_gain":0.0,"event_name":"Shining Light","player_choice":"Ignored","floor":2.0,"gold_loss":0.0,"damage_taken":0.0},{"damage_healed":0.0,"max_hp_gain":0.0,"max_hp_loss":0.0,"gold_gain":0.0,"event_name":"Golden Wing","player_choice":"Ignored","floor":3.0,"gold_loss":0.0,"damage_taken":0.0},{"damage_healed":18.0,"max_hp_gain":0.0,"max_hp_loss":0.0,"gold_gain":0.0,"event_name":"Mushrooms","player_choice":"Healed and dodged fight","floor":11.0,"gold_loss":0.0,"damage_taken":0.0,"cards_obtained":["Parasite"]}],"is_beta":false,"boss_relics":[],"items_purged_floors":[10],"is_endless":false,"potions_floor_spawned":[5,13,14],"killed_by":"Slime Boss","ascension_level":20}}