{"host":"pmq2bjxo3k17mhrw","time":1611985489,"event":{"mods":["BaseMod","Minty Spire (QoL Compilation)","Replay The Spire","StSLib"],"gold_per_floor":[118,72,72,72,84,115,129,129,154,184,199,231,250,175,175,275,275,291,191,191,208,208,208,239,239,239,251,251,284,284,314,407,504,504,524,538,554,118,136,162,162,162,185,185,185],"floor_reached":44,"language":"ZHS","playtime":2814,"items_purged":["Strike_G","Strike_G","Draining Mist"],"score":728,"play_id":"884250b3-f82f-4b46-b3ca-05f015b1cf7b","local_time":"20210130134449","is_ascension_mode":true,"campfire_choices":[{"data":"Tactician","floor":8.0,"key":"SMITH"},{"floor":15.0,"key":"REST"},{"floor":23.0,"key":"RECALL"},{"floor":25.0,"key":"REST"},{"floor":30,"key":"REST"},{"floor":41,"key":"REST"}],"circlet_count":0,"master_deck":["Defend_G+1","Defend_G","Survivor+1","Neutralize+1","Accuracy","Blade Dance","Leg Sweep","Tactician+1","Backflip","Cloak And Dagger","After Image","Well Laid Plans","A Thousand Cuts","Malaise+1","Glass Knife+1","Hidden Blade+1","Calculated Gamble+1","Prepared","All Out Attack+1","Backflip","Dagger Spray"],"relics":["Ring of the Snake","NeowsBlessing","Ginger","Regal Pillow","Replay:PocketPolymizer","Toy Ornithopter","Replay:Grab Bag","Fusion Hammer","Philosopher\u0027s Stone","Astrolabe","PreservedInsect","Replay:Baseball","Golden Egg","Mummified Hand","HoveringKite","War Paint","Whetstone","Garlic","MealTicket"],"acts_visited":["Exordium","TheCity","TheBeyond"],"potions_floor_usage":[31],"damage_taken":[{"damage":0.0,"enemies":"2 Louse","floor":1.0,"turns":1.0},{"damage":0.0,"enemies":"Cultist","floor":5.0,"turns":1.0},{"damage":0.0,"enemies":"Lagavulin","floor":6.0,"turns":1.0},{"damage":2.0,"enemies":"Small Slimes","floor":7.0,"turns":5.0},{"damage":14.0,"enemies":"3 Sentries","floor":10.0,"turns":7.0},{"damage":1.0,"enemies":"Looter","floor":11.0,"turns":4.0},{"damage":23.0,"enemies":"Lagavulin","floor":12.0,"turns":8.0},{"damage":16.0,"enemies":"Lots of Slimes","floor":13.0,"turns":5.0},{"damage":9.0,"enemies":"Fading Forest","floor":16.0,"turns":11.0},{"damage":3.0,"enemies":"3 Byrds","floor":18.0,"turns":6.0},{"damage":8.0,"enemies":"Spheric Guardian","floor":21.0,"turns":4.0},{"damage":17.0,"enemies":"Replay:Snechameleon","floor":24.0,"turns":6.0},{"damage":2.0,"enemies":"Centurion and Healer","floor":27.0,"turns":6.0},{"damage":6,"enemies":"Gremlin Leader","floor":29,"turns":6},{"damage":3,"enemies":"Book of Stabbing","floor":31,"turns":5},{"damage":20,"enemies":"Collector","floor":33,"turns":9},{"damage":17,"enemies":"3 Darklings","floor":35,"turns":4},{"damage":0,"enemies":"3 Shapes","floor":36,"turns":4},{"damage":30,"enemies":"Transient","floor":37,"turns":5},{"damage":3,"enemies":"Maw","floor":39,"turns":5},{"damage":39,"enemies":"Nemesis","floor":40,"turns":8},{"damage":0,"enemies":"3 Darklings","floor":44,"turns":1}],"seed_played":"-6672372725989978054","potions_obtained":[{"floor":3.0,"key":"AttackPotion"},{"floor":3.0,"key":"Cursed Concoction"},{"floor":3.0,"key":"EssenceOfSteel"},{"floor":6.0,"key":"Strength Potion"},{"floor":10.0,"key":"Energy Potion"},{"floor":13.0,"key":"FairyPotion"},{"floor":31,"key":"Venom Potion"},{"floor":36,"key":"Energy Potion"}],"is_trial":false,"path_per_floor":["M","$","?","$","M","E","M","R","T","E","M","E","M","$","R","B",null,"M","$","?","M","?","R","E","R","T","M","?","E","R","E","R","B",null,"M","M","M","$","M","E","R","?","T","M"],"character_chosen":"THE_SILENT","items_purchased":["Blade Dance","War Paint","Whetstone"],"campfire_rested":4,"item_purchase_floors":[2,38,38],"current_hp_per_floor":[63,63,63,63,63,63,61,61,61,47,46,23,12,12,48,39,62,59,59,59,51,51,51,34,70,70,68,68,62,70,67,67,47,64,47,47,17,17,14,2,38,38,38,38,38],"gold":185,"neow_bonus":"THREE_ENEMY_KILL","is_daily":false,"chose_seed":false,"campfire_upgraded":1,"win_rate":0.0,"timestamp":1611985489,"path_taken":["M","$","?","$","M","E","M","R","T","E","M","E","?","?","R","BOSS","M","?","?","?","?","R","E","R","T","M","?","E","R","E","R","BOSS","M","?","?","$","M","E","R","?","T","M"],"items_purchased_type":["Card","Relic","Relic"],"build_version":"2020-12-22","purchased_purges":3,"victory":false,"max_hp_per_floor":[70,70,70,70,70,70,70,70,70,70,70,70,70,70,70,70,70,70,70,70,70,70,70,70,70,70,70,70,70,70,70,70,70,70,70,70,70,70,70,70,70,70,70,70,70],"card_choices":[{"not_picked":["Hidden Blade","Caltrops"],"picked":"Accuracy","floor":1.0},{"not_picked":["Blade Dance","Underhanded Strike"],"picked":"Leg Sweep","floor":5.0},{"not_picked":["Infinite Blades","PiercingWail"],"picked":"Tactician","floor":6.0},{"not_picked":["Outmaneuver","Flying Knee"],"picked":"Backflip","floor":7.0},{"not_picked":["ReplayTheSpireMod:Tripwire","Accuracy"],"picked":"Cloak And Dagger","floor":10.0},{"not_picked":["Flechettes","Backflip"],"picked":"After Image","floor":11.0},{"not_picked":["ReplayTheSpireMod:Tripwire","Flying Knee"],"picked":"Terror","floor":12.0},{"not_picked":["Cloak And Dagger","Dodge and Roll"],"picked":"Well Laid Plans","floor":13.0},{"not_picked":["Tools of the Trade","ReplayTheSpireMod:Necrosis"],"picked":"A Thousand Cuts","floor":16.0},{"not_picked":["Caltrops","Quick Slash"],"picked":"Hidden Blade+1","floor":18.0},{"not_picked":["Underhanded Strike+1","Outmaneuver"],"picked":"Calculated Gamble+1","floor":21.0},{"not_picked":["Dash","Outmaneuver+1","Toxin Wave+1"],"picked":"SKIP","floor":24.0},{"not_picked":["Underhanded Strike","Masterful Stab","Endless Agony"],"picked":"SKIP","floor":27.0},{"not_picked":["Dash+1","Hidden Blade","Skewer"],"picked":"SKIP","floor":29},{"not_picked":["Slice+1","ReplayTheSpireMod:Tripwire","Leg Sweep+1"],"picked":"SKIP","floor":31},{"not_picked":["Dagger Throw","Expertise+1","Outmaneuver+1"],"picked":"SKIP","floor":35},{"not_picked":["Draining Mist","Prepared+1","Blade Dance"],"picked":"SKIP","floor":36},{"not_picked":["Dagger Spray+1","Bane+1"],"picked":"Backflip","floor":37},{"not_picked":["Hidden Blade","Underhanded Strike","Deadly Poison"],"picked":"SKIP","floor":39},{"not_picked":["Dagger Spray","Quick Slash","After Image"],"picked":"SKIP","floor":40}],"player_experience":231082,"relics_obtained":[{"floor":6.0,"key":"Ginger"},{"floor":9.0,"key":"Regal Pillow"},{"floor":10.0,"key":"Replay:PocketPolymizer"},{"floor":12.0,"key":"Toy Ornithopter"},{"floor":24.0,"key":"PreservedInsect"},{"floor":29,"key":"Golden Egg"},{"floor":31,"key":"Mummified Hand"},{"floor":40,"key":"Garlic"},{"floor":43,"key":"MealTicket"}],"event_choices":[{"damage_healed":0.0,"max_hp_gain":0.0,"max_hp_loss":0.0,"gold_gain":0.0,"event_name":"Lab","player_choice":"Got Potions","floor":3.0,"gold_loss":0.0,"damage_taken":0.0},{"cards_removed":["Defend_G"],"damage_healed":0.0,"max_hp_gain":0.0,"max_hp_loss":0.0,"gold_gain":0.0,"event_name":"Purifier","player_choice":"Purged","floor":20.0,"gold_loss":0.0,"damage_taken":0.0},{"damage_healed":0.0,"max_hp_gain":0.0,"max_hp_loss":0.0,"gold_gain":0.0,"event_name":"The Library","player_choice":"Read","floor":22.0,"gold_loss":0.0,"damage_taken":0.0,"cards_obtained":["Prepared"]},{"cards_removed":["Terror"],"damage_healed":0,"gold_gain":0,"player_choice":"Gave Card","damage_taken":0,"relics_obtained":["Replay:Baseball"],"max_hp_gain":0,"max_hp_loss":0,"event_name":"WeMeetAgain","floor":28,"gold_loss":0},{"damage_healed":0,"gold_gain":0,"player_choice":"Ignored","damage_taken":0,"max_hp_gain":0,"max_hp_loss":0,"event_name":"Tomb of Lord Red Mask","floor":42,"gold_loss":0}],"is_beta":false,"boss_relics":[{"not_picked":["Calling Bell","Tiny House"],"picked":"Replay:Grab Bag"},{"not_picked":["Coffee Dripper","Velvet Choker"],"picked":"Fusion Hammer"},{"not_picked":["SlaversCollar","Sozu"],"picked":"Philosopher\u0027s Stone"},{"not_picked":["Runic Pyramid","Honey Jar"],"picked":"Astrolabe"},{"not_picked":["Pandora\u0027s Box","Black Star"],"picked":"HoveringKite"}],"items_purged_floors":[14,19,38],"is_endless":false,"potions_floor_spawned":[6,10,11,12,13,21,27,31,33,35,36,39],"killed_by":"3 Darklings","ascension_level":7}}