{"host":"rn4c402gwd40h2z6","time":1611996199,"event":{"mods":["A Penny For Your Troubles","AchievementEnabler","Act Like it!","BaseMod","Card Forge","Challenge The Spire","DNKmod","Data Control","Downfall","Friendly Minions","HumanHunterMod(怪物杀人mod)","Infinite Spire","Lobotomy","LobotomyExtend","Minty Spire (QoL Compilation)","Pale of the Ancients","Quick Restart","Random Character Button","Relic Filter Mod","Replay The Spire","RumiaBox-露米娅的神秘盒子","StSLib","The Construct","The Jungle","[GremlinLeader]The Maniac","noobMod","【功能Mod】混沌之环修复补丁","【遗物卡牌】REMEMod"],"gold_per_floor":[114,132,152,152,152,177,177,202,202,212,229,239,270,282,282,356,356,366,366,384,400,418,443,461,473,473,748,767,782,782,808,808,880,880,880,880,880,880,883,883,883,883,534,568,568,568],"floor_reached":45,"language":"ZHS","playtime":4824,"items_purged":[],"score":2100,"play_id":"a983dff0-a909-463d-8ae6-8a9db5cb9cdd","local_time":"20210130164319","is_ascension_mode":true,"campfire_choices":[{"floor":7.0,"key":"RECALL"},{"floor":15.0,"key":"REST"},{"floor":32,"key":"REST"},{"floor":42,"key":"REST"}],"circlet_count":0,"master_deck":["Defend_P+1","Defend_P+1","Vigilance+1","BowlingBash+1","CarveReality+1","BowlingBash+1","PathToVictory+1","Wallop+1","FlyingSleeves+1","Evaluate+1","Wallop+1","EmptyBody+1","Alpha+1","Delirium","ConjureBlade+1","Mind Blast+1","infinitespire:FinalStrike+1","EmptyFist+1","WindmillStrike+1","PathToVictory+1","SpiritShield+1","SandsOfTime+1","BattleHymn+1","Ragnarok+1","Tantrum+1","ReachHeaven+1"],"relics":["PureWater","Hammer of Thor","Seething Fire","Anvil of the Gods","ice","REME_ComplimentaryCards","CogitoBucket","RabbitCall","LetterFromLob","GodSword5","GodSword1","Replay:Bottled Snecko","ReplayTheSpireMod:SealedPack","Divine Protection","AtMidnight","ReplayTheSpireMod:Ninjato","Molten Egg 2","SoulBox","Shuriken","MagicDraw2"],"acts_visited":["Exordium","theJungle:Jungle","TheBeyond","TheEnding"],"potions_floor_usage":[],"damage_taken":[{"damage":36.0,"enemies":"Jaw Worm","floor":1.0,"turns":6.0},{"damage":0.0,"enemies":"Small Slimes","floor":2.0,"turns":2.0},{"damage":0.0,"enemies":"Cultist","floor":3.0,"turns":3.0},{"damage":10.0,"enemies":"Lagavulin","floor":6.0,"turns":4.0},{"damage":0.0,"enemies":"3 Sentries","floor":8.0,"turns":3.0},{"damage":19.0,"enemies":"Lots of Slimes","floor":10.0,"turns":6.0},{"damage":0.0,"enemies":"3 Louse","floor":11.0,"turns":3.0},{"damage":4.0,"enemies":"Red Slaver","floor":12.0,"turns":4.0},{"damage":0.0,"enemies":"Lagavulin","floor":13.0,"turns":5.0},{"damage":0.0,"enemies":"2 Fungi Beasts","floor":14.0,"turns":2.0},{"damage":127.0,"enemies":"Hexaghost","floor":16.0,"turns":20.0},{"damage":2,"enemies":"theJungle:Flameango_and_Byrd","floor":18,"turns":3},{"damage":0,"enemies":"theJungle:GiantWrat","floor":20,"turns":2},{"damage":14,"enemies":"theJungle:Lyon","floor":21,"turns":3},{"damage":0,"enemies":"theJungle:2_Snecko_Cultists","floor":22,"turns":2},{"damage":0,"enemies":"theJungle:MamaSnecko","floor":23,"turns":3},{"damage":48,"enemies":"theJungle:2_Flameangoes","floor":24,"turns":5},{"damage":6,"enemies":"Snake Plant","floor":25,"turns":3},{"damage":0,"enemies":"theJungle:2_Snecko_Cultists","floor":28,"turns":2},{"damage":0,"enemies":"theJungle:Lyon","floor":29,"turns":3},{"damage":0,"enemies":"theJungle:Cassacara","floor":31,"turns":2},{"damage":59,"enemies":"theJungle:TotemBoss","floor":33,"turns":5},{"damage":32,"enemies":"Time Eater","floor":38,"turns":3},{"damage":0,"enemies":"infinitespire:MassOfShapes","floor":39,"turns":3},{"damage":0,"enemies":"Shield and Spear","floor":44,"turns":3},{"damage":347,"enemies":"The Heart","floor":45,"turns":6}],"seed_played":"3959729396814531588","potions_obtained":[{"floor":1.0,"key":"Doom Potion"},{"floor":11.0,"key":"Languid Potion"}],"is_trial":false,"path_per_floor":["M","M","M","?","?","E","R","E","T","M","M","M","E","M","R","B",null,"M","?","M","M","M","E","M","M","T","?","M","M","?","E","R","B",null,"M","?","?","B","B",null,null,"R","$","E","B"],"character_chosen":"WATCHER","items_purchased":["Tantrum+1","Shuriken"],"campfire_rested":3,"item_purchase_floors":[43,43],"current_hp_per_floor":[25,25,25,25,25,68,68,68,68,49,49,45,45,45,77,55,117,115,122,122,108,108,108,60,54,54,54,54,54,54,54,99,40,117,117,117,117,85,85,85,120,122,122,122,0,0],"gold":568,"neow_bonus":"","is_daily":false,"chose_seed":false,"campfire_upgraded":0,"win_rate":0.0,"timestamp":1611996199,"path_taken":["M","M","M","?","?","E","R","E","T","M","M","M","E","M","R","BOSS","M","?","?","M","M","E","M","M","T","?","M","?","?","E","R","BOSS","M","?","?","BOSS","BOSS","R","$","E","BOSS"],"items_purchased_type":["Card","Relic"],"build_version":"2020-12-22","purchased_purges":0,"victory":false,"max_hp_per_floor":[68,68,68,68,68,68,68,69,69,79,81,84,86,87,87,122,122,122,122,122,122,122,122,122,122,122,122,122,122,122,122,122,122,122,122,122,122,122,122,122,122,122,122,122,249,249],"card_choices":[{"not_picked":["VoidDream","LaLuna","NakedNest"],"picked":"Singing Bowl","floor":1.0},{"not_picked":["Evaluate","Halt"],"picked":"BowlingBash","floor":1.0},{"not_picked":["Prostrate","FollowUp"],"picked":"CarveReality","floor":2.0},{"not_picked":["CrumblingArmor","Laetitia","Scorched"],"picked":"Singing Bowl","floor":3.0},{"not_picked":["EmptyFist","Replay:AtTheReady"],"picked":"BowlingBash","floor":3.0},{"not_picked":["Sanctity","BowlingBash"],"picked":"Wallop","floor":6.0},{"not_picked":["Bloodbath","UniverseFragment","SpiderBud"],"picked":"Singing Bowl","floor":6.0},{"not_picked":["ShyLook","QueenBee","HeroicMonk"],"picked":"Singing Bowl","floor":8.0},{"not_picked":["WreathOfFlame","REME_MusicOfDeath"],"picked":"FlyingSleeves","floor":8.0},{"not_picked":["VoidDream","OldLady","GreedKing"],"picked":"Singing Bowl","floor":10.0},{"not_picked":["Replay:BluntJabs","CrushJoints"],"picked":"Evaluate","floor":10.0},{"not_picked":["SpiderBud","FairyFestival","WallGazer"],"picked":"Singing Bowl","floor":11.0},{"not_picked":["FollowUp","Weave"],"picked":"Replay:Battleflow","floor":11.0},{"not_picked":["LittlePrince","Murderer","FairyFestival"],"picked":"Singing Bowl","floor":12.0},{"not_picked":["EmptyBody","Replay:ManipulateFuture","Collect"],"picked":"SKIP","floor":12.0},{"not_picked":["ShyLook","NakedNest","HeroicMonk"],"picked":"Singing Bowl","floor":13.0},{"not_picked":["FlyingSleeves","Replay:BluntJabs"],"picked":"Wallop","floor":13.0},{"not_picked":["Bloodbath","PunishingBird","LongBird"],"picked":"Singing Bowl","floor":14.0},{"not_picked":["FlyingSleeves","Replay:BluntJabs"],"picked":"EmptyBody","floor":14.0},{"not_picked":["Murderer","QueenOfHatred","SingingMachine"],"picked":"Singing Bowl","floor":16.0},{"not_picked":["Variant","CrumblingArmor"],"picked":"Murderer","floor":16.0},{"not_picked":["REME_CRH","Devotion"],"picked":"Alpha","floor":16.0},{"not_picked":["Survivor","maniac:AbyssShackle"],"picked":"RedAim","floor":17},{"not_picked":["Vault","Omniscience"],"picked":"ConjureBlade","floor":17},{"not_picked":["REME_ShortnessOfBreath","Replay:BasicMightCard"],"picked":"Mind Blast","floor":17},{"not_picked":["infinitespire:Gouge","infinitespire:Execution"],"picked":"infinitespire:FinalStrike","floor":17},{"not_picked":["MHz","MeltingLove","VoidDream"],"picked":"Singing Bowl","floor":18},{"not_picked":["Replay:BluntJabs+1","REME_Repentance","Consecrate"],"picked":"SKIP","floor":18},{"not_picked":["SnowQueen","MHz","WallGazer"],"picked":"Singing Bowl","floor":20},{"not_picked":["Crescendo","Replay:BluntJabs"],"picked":"EmptyFist+1","floor":20},{"not_picked":["BeautyBeast","Alriune","DreamingCurrent"],"picked":"Singing Bowl","floor":21},{"not_picked":["JustLucky","CrushJoints","Replay:AtTheReady"],"picked":"SKIP","floor":21},{"not_picked":["FollowUp","FlurryOfBlows+1"],"picked":"WindmillStrike","floor":22},{"not_picked":["Replay:DivineShield","Replay:BluntJabs","CrushJoints"],"picked":"SKIP","floor":23},{"not_picked":["LaLuna","Variant","Scorched"],"picked":"Singing Bowl","floor":24},{"not_picked":["Fasting2+1","EmptyBody"],"picked":"PathToVictory","floor":24},{"not_picked":["EmptyBody","ThirdEye"],"picked":"SpiritShield","floor":25},{"not_picked":["FollowUp+1","SashWhip"],"picked":"ForeignInfluence","floor":28},{"not_picked":["SashWhip","Halt"],"picked":"SandsOfTime","floor":29},{"not_picked":["Pray","Fasting2"],"picked":"BattleHymn","floor":31},{"not_picked":["Funeral","NakedNest","Mercenary"],"picked":"Singing Bowl","floor":33},{"not_picked":["Replay:AllIn","Blasphemy"],"picked":"Ragnarok+1","floor":33},{"not_picked":["Scorched","CherryBlossoms","MeltingLove"],"picked":"Singing Bowl","floor":39},{"not_picked":["Pray","ClearTheMind"],"picked":"ReachHeaven+1","floor":44}],"player_experience":94135,"relics_obtained":[{"floor":1.0,"key":"LetterFromLob"},{"floor":6.0,"key":"GodSword5"},{"floor":8.0,"key":"GodSword1"},{"floor":13.0,"key":"Replay:Bottled Snecko"},{"floor":23,"key":"Divine Protection"},{"floor":24,"key":"AtMidnight"},{"floor":26,"key":"ReplayTheSpireMod:Ninjato"},{"floor":31,"key":"Molten Egg 2"},{"floor":44,"key":"MagicDraw2"}],"event_choices":[{"damage_healed":0.0,"max_hp_gain":0.0,"max_hp_loss":0.0,"gold_gain":0.0,"cards_transformed":["Defend_P"],"event_name":"Transmorgrifier","player_choice":"Transformed","floor":5.0,"gold_loss":0.0,"damage_taken":0.0,"cards_obtained":["PathToVictory"]},{"damage_healed":7,"gold_gain":0,"player_choice":"Full Heal","damage_taken":0,"max_hp_gain":0,"max_hp_loss":0,"event_name":"Wheel of Change","floor":19,"gold_loss":0},{"damage_healed":0,"gold_gain":275,"player_choice":"Desecrate","damage_taken":0,"max_hp_gain":0,"max_hp_loss":0,"event_name":"Golden Shrine","floor":27,"gold_loss":0,"cards_obtained":["Regret"]},{"damage_healed":0,"gold_gain":0,"player_choice":"Took Portal","damage_taken":0,"max_hp_gain":0,"max_hp_loss":0,"event_name":"SecretPortal","floor":37,"gold_loss":0}],"is_beta":false,"boss_relics":[{"not_picked":["Pandora\u0027s Box","Kintsugi"],"picked":"ReplayTheSpireMod:SealedPack"},{"not_picked":["REME_ChargedStone","ChewingGum"],"picked":"SoulBox"}],"items_purged_floors":[],"is_endless":false,"potions_floor_spawned":[1,11,12,14,21,24,25,33,44],"killed_by":"The Heart","ascension_level":20}}