{"host":"nw4g04f085wnqcgt","time":1611987683,"event":{"mods":["AchievementEnabler","BaseMod","Colored Map","Colored Powertips","DeckTracker","Minty Spire (QoL Compilation)","Relic Sorter","SuperFastMode"],"gold_per_floor":[109,119,119,69,69,69,80,96,172,172,31,50,82,98,98,200,200,220,220,220,234,234,234],"floor_reached":22,"language":"ENG","playtime":953,"items_purged":[],"score":239,"play_id":"ed199bf1-f299-4b38-a828-4d7423dd5f17","local_time":"20210130012123","is_ascension_mode":true,"campfire_choices":[{"data":"Zap","floor":6,"key":"SMITH"},{"data":"Conserve Battery","floor":10,"key":"SMITH"},{"floor":15,"key":"REST"}],"circlet_count":0,"master_deck":["Strike_B","Strike_B","Strike_B","Defend_B","Defend_B","Defend_B","Defend_B","Zap+1","Dualcast","Turbo","Capacitor","Skim","Conserve Battery+1","Creative AI","Turbo","Turbo","Echo Form"],"relics":["Cracked Core","NeowsBlessing","Pear","Centennial Puzzle","Busted Crown","Nloth\u0027s Gift"],"acts_visited":["Exordium","TheCity"],"potions_floor_usage":[8,12,22,22],"damage_taken":[{"damage":0,"enemies":"Small Slimes","floor":1,"turns":1},{"damage":0,"enemies":"2 Louse","floor":2,"turns":1},{"damage":0,"enemies":"Jaw Worm","floor":7,"turns":1},{"damage":25,"enemies":"Exordium Thugs","floor":8,"turns":6},{"damage":11,"enemies":"Lots of Slimes","floor":12,"turns":3},{"damage":30,"enemies":"3 Sentries","floor":13,"turns":10},{"damage":2,"enemies":"Looter","floor":14,"turns":4},{"damage":52,"enemies":"The Guardian","floor":16,"turns":12},{"damage":21,"enemies":"Spheric Guardian","floor":18,"turns":6},{"damage":16,"enemies":"3 Byrds","floor":21,"turns":4},{"damage":38,"enemies":"Snake Plant","floor":22,"turns":6}],"seed_played":"5045379947357035936","potions_obtained":[{"floor":2,"key":"Block Potion"},{"floor":7,"key":"LiquidBronze"},{"floor":14,"key":"FairyPotion"},{"floor":16,"key":"Dexterity Potion"},{"floor":21,"key":"SpeedPotion"}],"is_trial":false,"path_per_floor":["M","M","?","?","?","R","M","M","T","R","$","M","E","M","R","B",null,"M","?","?","M","M"],"character_chosen":"DEFECT","items_purchased":["Creative AI"],"campfire_rested":1,"item_purchase_floors":[11],"current_hp_per_floor":[75,75,80,80,80,80,80,55,65,65,65,54,24,22,49,27,90,69,53,53,37,0,0],"gold":234,"neow_bonus":"THREE_ENEMY_KILL","is_daily":false,"chose_seed":false,"campfire_upgraded":2,"win_rate":0.0,"timestamp":1611987683,"path_taken":["M","M","?","?","?","R","M","?","T","R","?","M","E","?","R","BOSS","M","?","?","?","M"],"items_purchased_type":["Card"],"build_version":"2020-12-22","purchased_purges":0,"victory":false,"max_hp_per_floor":[75,75,80,80,80,80,80,80,90,90,90,90,90,90,90,90,90,90,90,90,90,90,90],"card_choices":[{"not_picked":["Sunder","Coolheaded"],"picked":"Turbo","floor":1},{"not_picked":["Go for the Eyes","Rip and Tear"],"picked":"Capacitor","floor":2},{"not_picked":["Ball Lightning","Darkness"],"picked":"Skim","floor":7},{"not_picked":["Gash","Steam"],"picked":"Conserve Battery","floor":8},{"not_picked":["Gash","Beam Cell"],"picked":"Turbo","floor":12},{"not_picked":["Rainbow","Redo"],"picked":"Turbo","floor":13},{"not_picked":["Tempest","Ball Lightning","Steam Power"],"picked":"SKIP","floor":14},{"not_picked":["All For One","Rainbow"],"picked":"Echo Form","floor":16},{"not_picked":["Genetic Algorithm"],"picked":"SKIP","floor":18},{"not_picked":["Aggregate"],"picked":"SKIP","floor":21}],"player_experience":363602,"relics_obtained":[{"floor":9,"key":"Pear"},{"floor":13,"key":"Centennial Puzzle"},{"floor":19,"key":"Nilry\u0027s Codex"}],"event_choices":[{"damage_healed":0,"gold_gain":0,"player_choice":"Donut","damage_taken":0,"max_hp_gain":5,"max_hp_loss":0,"event_name":"Big Fish","floor":3,"gold_loss":0},{"cards_removed":["Strike_B"],"damage_healed":0,"gold_gain":0,"player_choice":"Card Removal","damage_taken":0,"max_hp_gain":0,"max_hp_loss":0,"event_name":"The Cleric","floor":4,"gold_loss":50},{"damage_healed":0,"gold_gain":0,"player_choice":"0 cards matched","damage_taken":0,"max_hp_gain":0,"max_hp_loss":0,"event_name":"Match and Keep!","floor":5,"gold_loss":0,"cards_obtained":[]},{"damage_healed":0,"gold_gain":0,"player_choice":"Obtained Book","damage_taken":16,"max_hp_gain":0,"max_hp_loss":0,"event_name":"Cursed Tome","floor":19,"gold_loss":0},{"damage_healed":0,"gold_gain":0,"player_choice":"Traded Relic","damage_taken":0,"relics_obtained":["Nloth\u0027s Gift"],"max_hp_gain":0,"max_hp_loss":0,"event_name":"N\u0027loth","floor":20,"relics_lost":["Nilry\u0027s Codex"],"gold_loss":0}],"is_beta":false,"boss_relics":[{"not_picked":["Philosopher\u0027s Stone","Ectoplasm"],"picked":"Busted Crown"}],"items_purged_floors":[],"is_endless":false,"potions_floor_spawned":[2,7,14,16,21],"killed_by":"Snake Plant","ascension_level":3}}