{"host":"ex6y92ceh6h0mo7k","time":1611996881,"event":{"mods":["BaseMod","Minty Spire (QoL Compilation)","Quick Restart","StSLib","SuperFastMode","The Marked"],"gold_per_floor":[119,119,129,141,141,141,172,192,215,114,114,145,145,175,175,273,273,293,309,309,327,287,321,321,348,348,21,21,35,60,72,72,169,169,179,197,197,215,215,247,295,334,346,377,416,440,486,70,70,70,70,70,2,31,31],"floor_reached":56,"language":"ENG","playtime":6885,"items_purged":["theMarked:Strike","theMarked:Strike"],"score":1500,"play_id":"7e4cf90c-7f19-4bca-85b7-46992e582ea7","local_time":"20210130165441","is_ascension_mode":true,"campfire_choices":[{"data":"theMarked:Seal","floor":6.0,"key":"SMITH"},{"data":"theMarked:TakeOffHeels","floor":11.0,"key":"SMITH"},{"data":"theMarked:TunnelVision","floor":13.0,"key":"SMITH"},{"data":"theMarked:HeightenedSenses","floor":15.0,"key":"SMITH"},{"data":"theMarked:Heritage","floor":24.0,"key":"SMITH"},{"floor":32.0,"key":"REST"},{"floor":49.0,"key":"RECALL"},{"data":"Apotheosis","floor":52.0,"key":"SMITH"}],"circlet_count":0,"master_deck":["theMarked:Strike+1","theMarked:Strike","theMarked:Strike+1","theMarked:Defend","theMarked:Defend","theMarked:Defend+1","theMarked:Defend","theMarked:SoldierOfQuellstein","theMarked:Seal+1","theMarked:HeightenedSenses+1","theMarked:Memento","theMarked:TakeOffHeels+1","theMarked:Memento","theMarked:WardOff","theMarked:TunnelVision+1","theMarked:MagusForm","theMarked:Maelstrom+1","theMarked:Heritage+1","theMarked:Heritage+1","theMarked:Memento+1","theMarked:ShockingTouch","Apotheosis+1","theMarked:Improvise+1","theMarked:Overcharge","theMarked:TurnInvisible","theMarked:Memento","theMarked:Panic","theMarked:Panic+1","theMarked:Generate","theMarked:Parry","theMarked:Challenge"],"relics":["theMarked:ArtifactOfAir","Anchor","FaceOfCleric","Whetstone","Tiny Chest","PreservedInsect","Dead Branch","Sozu","Nilry\u0027s Codex","Art of War","Bottled Flame","Ginger","ClockworkSouvenir","theMarked:DemonDagger","theMarked:SpiritSword","Nunchaku","MawBank","Ancient Tea Set","Molten Egg 2","HornCleat","Pocketwatch","Gambling Chip","Ornamental Fan"],"acts_visited":["Exordium","TheCity","TheBeyond","TheEnding"],"potions_floor_usage":[55,55,55],"damage_taken":[{"damage":0.0,"enemies":"Small Slimes","floor":1.0,"turns":4.0},{"damage":1.0,"enemies":"Cultist","floor":3.0,"turns":3.0},{"damage":0.0,"enemies":"2 Louse","floor":4.0,"turns":2.0},{"damage":9.0,"enemies":"Lagavulin","floor":7.0,"turns":7.0},{"damage":10.0,"enemies":"Exordium Thugs","floor":8.0,"turns":5.0},{"damage":13.0,"enemies":"Gremlin Nob","floor":12.0,"turns":3.0},{"damage":6.0,"enemies":"3 Sentries","floor":14.0,"turns":5.0},{"damage":10.0,"enemies":"Slime Boss","floor":16.0,"turns":8.0},{"damage":15.0,"enemies":"Spheric Guardian","floor":18.0,"turns":4.0},{"damage":0.0,"enemies":"2 Thieves","floor":19.0,"turns":3.0},{"damage":0.0,"enemies":"3 Cultists","floor":21.0,"turns":4.0},{"damage":0.0,"enemies":"Gremlin Leader","floor":23.0,"turns":3.0},{"damage":9.0,"enemies":"Book of Stabbing","floor":25.0,"turns":5.0},{"damage":10.0,"enemies":"Snecko","floor":29.0,"turns":4.0},{"damage":8.0,"enemies":"Gremlin Leader","floor":30.0,"turns":3.0},{"damage":0.0,"enemies":"Snake Plant","floor":31.0,"turns":2.0},{"damage":34.0,"enemies":"Collector","floor":33.0,"turns":5.0},{"damage":0.0,"enemies":"3 Shapes","floor":35.0,"turns":3.0},{"damage":11.0,"enemies":"3 Darklings","floor":36.0,"turns":5.0},{"damage":7.0,"enemies":"Sphere and 2 Shapes","floor":38.0,"turns":6.0},{"damage":0.0,"enemies":"Reptomancer","floor":40.0,"turns":2.0},{"damage":0.0,"enemies":"Giant Head","floor":42.0,"turns":4.0},{"damage":0.0,"enemies":"Jaw Worm Horde","floor":44.0,"turns":3.0},{"damage":30.0,"enemies":"Nemesis","floor":45.0,"turns":7.0},{"damage":0.0,"enemies":"Transient","floor":46.0,"turns":5.0},{"damage":0.0,"enemies":"Giant Head","floor":47.0,"turns":5.0},{"damage":10.0,"enemies":"Awakened One","floor":50.0,"turns":10.0},{"damage":0.0,"enemies":"Shield and Spear","floor":54.0,"turns":3.0},{"damage":70,"enemies":"The Heart","floor":55,"turns":9}],"seed_played":"-5365201417381713030","potions_obtained":[{"floor":0.0,"key":"Strength Potion"},{"floor":0.0,"key":"SneckoOil"},{"floor":0.0,"key":"Explosive Potion"},{"floor":1.0,"key":"Block Potion"},{"floor":14.0,"key":"Weak Potion"}],"is_trial":false,"path_per_floor":["M","?","M","M","?","R","E","M","T","$","R","E","R","E","R","B",null,"M","M","?","M","?","E","R","E","T","$","T","M","E","M","R","B",null,"M","M","?","M","?","E","T","E","T","M","E","M","E","$","R","B",null,"R","$","E","B",null],"character_chosen":"THE_DEFAULT","items_purchased":["theMarked:WardOff","Apotheosis","ClockworkSouvenir","theMarked:Generate","Gambling Chip","theMarked:Parry"],"campfire_rested":1,"item_purchase_floors":[10,27,27,48,48,53],"current_hp_per_floor":[70,70,69,69,69,69,61,52,52,52,52,40,40,35,35,26,75,61,62,46,47,47,48,48,40,40,40,40,31,24,25,49,16,84,85,75,75,69,69,70,70,71,71,72,43,44,45,45,45,36,90,90,90,91,22],"gold":31,"neow_bonus":"THREE_SMALL_POTIONS","is_daily":false,"chose_seed":false,"campfire_upgraded":6,"win_rate":0.0,"timestamp":1611996881,"path_taken":["M","?","?","M","?","R","E","M","T","?","R","E","R","E","R","BOSS","M","M","?","M","?","E","R","E","T","$","?","?","E","M","R","BOSS","M","M","?","M","?","E","?","E","T","M","E","M","E","?","R","BOSS","R","$","E","BOSS"],"items_purchased_type":["Card","Card","Relic","Card","Relic","Card"],"build_version":"2020-12-22","purchased_purges":2,"victory":true,"max_hp_per_floor":[70,70,70,70,70,70,71,72,72,72,72,73,73,74,74,75,75,76,77,77,78,78,79,79,80,80,80,80,81,82,83,83,84,84,85,86,86,87,83,84,84,85,85,86,87,88,89,89,89,90,90,90,90,91,92],"card_choices":[{"not_picked":["theMarked:CreepingChasm","theMarked:KeepCalmAndFight"],"picked":"theMarked:Seal","floor":1.0},{"not_picked":["theMarked:TakeCover","theMarked:Parkour"],"picked":"theMarked:HeightenedSenses","floor":3.0},{"not_picked":["theMarked:Seal","theMarked:WastefulAttack"],"picked":"theMarked:Memento","floor":4.0},{"not_picked":["theMarked:TwofoldDefense","theMarked:Parkour"],"picked":"theMarked:TakeOffHeels","floor":7.0},{"not_picked":["theMarked:ChainLightning","theMarked:ElectricStrings"],"picked":"theMarked:Memento","floor":8.0},{"not_picked":["theMarked:TakeCover","theMarked:Frustration"],"picked":"theMarked:TunnelVision","floor":12.0},{"not_picked":["theMarked:ShockingTouch","theMarked:HeightenedSenses","theMarked:RepellingDischarge"],"picked":"SKIP","floor":14.0},{"not_picked":["theMarked:Snap","theMarked:FavorableWinds"],"picked":"theMarked:MagusForm","floor":16.0},{"not_picked":["theMarked:Improvise","theMarked:ChainLightning+1"],"picked":"theMarked:Maelstrom","floor":18.0},{"not_picked":["theMarked:Aftermath+1","theMarked:ChainLightning"],"picked":"theMarked:Heritage","floor":19.0},{"not_picked":["theMarked:ResourceFulStrike+1","theMarked:ContemptForTheProud"],"picked":"theMarked:Heritage+1","floor":21.0},{"not_picked":["theMarked:ChainLightning+1","theMarked:Levitate"],"picked":"theMarked:Memento+1","floor":23.0},{"not_picked":["theMarked:EternalStudent","theMarked:OneWithTheBlade"],"picked":"theMarked:ShockingTouch","floor":25.0},{"not_picked":["theMarked:SwordAndMagic","theMarked:EmpowerWeapon"],"picked":"theMarked:Improvise+1","floor":29.0},{"not_picked":["theMarked:Aftermath","theMarked:SwordAndMagic"],"picked":"theMarked:Overcharge","floor":30.0},{"not_picked":["theMarked:TakeCover","theMarked:SwordAndMagic","theMarked:LightningStrikesTwice+1"],"picked":"SKIP","floor":31.0},{"not_picked":["theMarked:Defy","theMarked:MagusForm"],"picked":"theMarked:TurnInvisible","floor":33.0},{"not_picked":["theMarked:BanishingStrike","theMarked:EmpowerWeapon+1"],"picked":"theMarked:Memento","floor":35.0},{"not_picked":["theMarked:AttractMetal","theMarked:TwofoldDefense+1","theMarked:Aftermath"],"picked":"SKIP","floor":36.0},{"not_picked":["theMarked:TwofoldDefense+1","theMarked:HeightenedSenses+1","theMarked:StartUp"],"picked":"SKIP","floor":38.0},{"not_picked":["theMarked:Seal+1","theMarked:ResourceFulStrike+1","theMarked:ContemptForTheProud+1"],"picked":"SKIP","floor":40.0},{"not_picked":["theMarked:Heritage+1","theMarked:Challenge"],"picked":"theMarked:Panic","floor":42.0},{"not_picked":["theMarked:Aftermath","theMarked:Electrocute+1","theMarked:RogueSparks"],"picked":"SKIP","floor":44.0},{"not_picked":["theMarked:WastefulAttack+1","theMarked:WardOff","theMarked:Aftermath"],"picked":"SKIP","floor":45.0},{"not_picked":["theMarked:HeightenedSenses","theMarked:WastefulAttack+1"],"picked":"theMarked:Panic+1","floor":46.0},{"not_picked":["theMarked:EmpowerWeapon","theMarked:Reabsorb+1","theMarked:Parkour+1"],"picked":"SKIP","floor":47.0},{"not_picked":["theMarked:HeightenedSenses","theMarked:Heritage+1"],"picked":"theMarked:Challenge","floor":54.0}],"player_experience":988317,"relics_obtained":[{"floor":2.0,"key":"Anchor"},{"floor":7.0,"key":"Whetstone"},{"floor":9.0,"key":"Tiny Chest"},{"floor":12.0,"key":"PreservedInsect"},{"floor":14.0,"key":"Dead Branch"},{"floor":20.0,"key":"Nilry\u0027s Codex"},{"floor":23.0,"key":"Art of War"},{"floor":25.0,"key":"Bottled Flame"},{"floor":26.0,"key":"Ginger"},{"floor":30.0,"key":"theMarked:DemonDagger"},{"floor":40.0,"key":"Nunchaku"},{"floor":41.0,"key":"MawBank"},{"floor":42.0,"key":"Ancient Tea Set"},{"floor":43.0,"key":"Molten Egg 2"},{"floor":45.0,"key":"HornCleat"},{"floor":47.0,"key":"Pocketwatch"},{"floor":54.0,"key":"Ornamental Fan"}],"event_choices":[{"damage_healed":0.0,"max_hp_gain":0.0,"max_hp_loss":0.0,"gold_gain":0.0,"event_name":"Wheel of Change","player_choice":"Relic","floor":2.0,"gold_loss":0.0,"damage_taken":0.0},{"damage_healed":0.0,"max_hp_gain":0.0,"max_hp_loss":0.0,"gold_gain":0.0,"event_name":"FaceTrader","player_choice":"Trade","floor":5.0,"gold_loss":0.0,"damage_taken":0.0,"relics_obtained":["FaceOfCleric"]},{"damage_healed":0.0,"max_hp_gain":0.0,"max_hp_loss":0.0,"gold_gain":0.0,"event_name":"Cursed Tome","player_choice":"Obtained Book","floor":20.0,"gold_loss":0.0,"damage_taken":16.0},{"damage_healed":0.0,"max_hp_gain":0.0,"max_hp_loss":0.0,"gold_gain":0.0,"event_name":"Designer","player_choice":"Upgraded Two","floor":22.0,"gold_loss":40.0,"damage_taken":0.0,"cards_upgraded":["theMarked:Maelstrom","theMarked:Defend"]},{"damage_healed":0.0,"max_hp_gain":0.0,"max_hp_loss":0.0,"gold_gain":0.0,"event_name":"Tomb of Lord Red Mask","player_choice":"Ignored","floor":37.0,"gold_loss":0.0,"damage_taken":0.0},{"damage_healed":0.0,"max_hp_gain":0.0,"max_hp_loss":4.0,"gold_gain":0.0,"event_name":"Winding Halls","player_choice":"Max HP","floor":39.0,"gold_loss":0.0,"damage_taken":0.0}],"is_beta":false,"boss_relics":[{"not_picked":["Tiny House","Cursed Key"],"picked":"Sozu"},{"not_picked":["Busted Crown","Black Star"],"picked":"theMarked:SpiritSword"}],"items_purged_floors":[10,48],"is_endless":false,"potions_floor_spawned":[1,3,14,16,21,23,29,31,35,38,40,42,46],"ascension_level":1}}