{"host":"49pjgf1q9ev52n8z","time":1611975986,"event":{"mods":["BaseMod","Bestiary","Colored Map","Minty Spire (QoL Compilation)","Relic Stats","StSLib"],"gold_per_floor":[111,123,141,151,167,196,196,196,196],"floor_reached":8,"language":"ENG","playtime":494,"items_purged":[],"score":114,"play_id":"1fbc9398-7b20-449f-b019-339ac017645f","local_time":"20210129190626","is_ascension_mode":true,"campfire_choices":[{"floor":7,"key":"REST"}],"circlet_count":0,"master_deck":["AscendersBane","Strike_G","Strike_G","Strike_G","Strike_G","Strike_G","Defend_G","Defend_G","Defend_G","Defend_G","Defend_G","Survivor","Neutralize","Slice","Dash","Poisoned Stab","Footwork","Catalyst","Burst"],"relics":["Ring of the Snake","Letter Opener"],"acts_visited":["Exordium"],"potions_floor_usage":[5,6],"damage_taken":[{"damage":3,"enemies":"Cultist","floor":1,"turns":4},{"damage":10,"enemies":"Jaw Worm","floor":2,"turns":8},{"damage":2,"enemies":"2 Louse","floor":3,"turns":2},{"damage":1,"enemies":"Looter","floor":4,"turns":3},{"damage":0,"enemies":"Blue Slaver","floor":5,"turns":4},{"damage":24,"enemies":"Gremlin Nob","floor":6,"turns":6},{"damage":54,"enemies":"Lagavulin","floor":8,"turns":10}],"seed_played":"4476579207330575522","potions_obtained":[{"floor":1,"key":"SpeedPotion"},{"floor":4,"key":"GamblersBrew"}],"is_trial":false,"path_per_floor":["M","M","M","M","M","E","R","E"],"character_chosen":"THE_SILENT","items_purchased":[],"campfire_rested":1,"item_purchase_floors":[],"current_hp_per_floor":[62,52,50,49,49,25,46,0,0],"gold":196,"neow_bonus":"TEN_PERCENT_HP_BONUS","is_daily":false,"chose_seed":false,"campfire_upgraded":0,"win_rate":0.0,"timestamp":1611975986,"path_taken":["M","M","M","M","M","E","R","E"],"items_purchased_type":[],"build_version":"2020-12-22","purchased_purges":0,"victory":false,"max_hp_per_floor":[72,72,72,72,72,72,72,72,72],"relic_stats":{"counters":[7,37],"Letter Opener":[0],"obtain_stats":[{"Letter Opener":6,"Ring of the Snake":0},{"Letter Opener":6,"Ring of the Snake":0},{"Letter Opener":27,"Ring of the Snake":0}],"Ring of the Snake":[14]},"card_choices":[{"not_picked":["Dagger Throw","Flying Knee"],"picked":"Slice","floor":1},{"not_picked":["Quick Slash","Deflect"],"picked":"Dash","floor":2},{"not_picked":["Well Laid Plans","Underhanded Strike"],"picked":"Poisoned Stab","floor":3},{"not_picked":["Cloak And Dagger","Prepared"],"picked":"Footwork","floor":4},{"not_picked":["Dagger Spray","Flying Knee"],"picked":"Catalyst","floor":5},{"not_picked":["Leg Sweep","Dagger Throw"],"picked":"Burst","floor":6}],"player_experience":630233,"relics_obtained":[{"floor":6,"key":"Letter Opener"}],"event_choices":[],"is_beta":false,"boss_relics":[],"items_purged_floors":[],"is_endless":false,"potions_floor_spawned":[1,4],"killed_by":"Lagavulin","ascension_level":18}}