{"host":"xenpv6dj5x1yxp66","time":1611969682,"event":{"mods":["AchievementEnabler","Aspiration","BaseMod","Better Altar","Better Sensory Stone","Better Skull","Better Third Choice","BetterRewards","Colored Map","Colored Powertips","Conspire","Downfall","Highlight Path","Hubris","Marisa????????","Minty Spire (QoL Compilation)","Quick Restart","READ ME - Guardian Mod","Replay The Spire","Shade Mod","StSLib","The Animator","The Bug Knight","The Construct","The Cursed","The Disciple","The Necromancer","The Runesmith","The Servant 0.9.4"],"gold_per_floor":[117,417,191,191,209,244,244,263,288,288,302,302,302,268,268,363,363,376,179,179,179,197,197,229,229,229,246,266,266,266,343,343,441,441,454,473,83,83,83,112,112,124,148,198,198,198,231,74,74,74,74,74,26,57,57,57],"floor_reached":55,"language":"ENG","playtime":2868,"items_purged":[],"score":989,"play_id":"d6799162-da26-461e-a202-10aae67a5a7c","local_time":"20210130022122","is_ascension_mode":false,"campfire_choices":[{"data":"Inflame","floor":10,"key":"SMITH"},{"data":"Fire Breathing","floor":12,"key":"SMITH"},{"data":"Bloodletting","floor":15,"key":"SMITH"},{"data":"hubris:DuctTapeCard","floor":23,"key":"SMITH"},{"data":"Replay:Many Hands","floor":30,"key":"SMITH"},{"data":"Power Through","floor":32,"key":"SMITH"},{"floor":41,"key":"REST"},{"data":"Bash","floor":45,"key":"SMITH"},{"floor":49,"key":"RECALL"},{"data":"Spot Weakness","floor":52,"key":"SMITH"}],"circlet_count":0,"master_deck":["Strike_R+1","Strike_R","Strike_R","Defend_R","Defend_R","Bash+1","Shrug It Off","CurseOfTheBell","CurseOfTheBell","Inflame+1","Power Through+1","Spot Weakness+1","Wild Strike+1","Bloodletting+1","Replay:Many Hands+1","hubris:StunningStrike+1","Immolate+1","Reaper+1","hubris:CleavingFinish+1","ReplayTheSpireMod:LeadingStrike+1","hubris:DuctTapeCard+2","Pommel Strike+1","Clothesline+1","Heavy Blade+1","ReplayTheSpireMod:Muscle Training+1","Wild Strike+1"],"relics":["Burning Blood","aspiration:FrozenJewel","TheAbacus","Lightning?","downfall:ExtraCursedBell","Anchor","hubris:BottledRain","Old Coin","Red Skull","hubris:Zylophone","conspire:TopHat","hubris:Icosahedron","Astrolabe","Whetstone","hubris:DuctTape","hubris:Towel","Smiling Mask","Happy Flower","Shuriken","Runic Cube","Pen Nib","Eternal Feather","ReplayTheSpireMod:TigerMarble","Ring of Hypnosis","Ring of Greed","Golden Egg","Tiny Chest","aspiration:ChemicalBlood","Chemical X","hubris:MysteriousPyramids"],"acts_visited":["Exordium","TheCity","TheBeyond","TheEnding"],"potions_floor_usage":[6,28,33,33,33,40,50,50,54,54,54,55,55,55,55],"damage_taken":[{"damage":1,"enemies":"Jaw Worm","floor":1,"turns":6},{"damage":0,"enemies":"Small Slimes","floor":5,"turns":3},{"damage":15,"enemies":"3 Sentries","floor":6,"turns":10},{"damage":0,"enemies":"conspire:RoseBush","floor":8,"turns":4},{"damage":5,"enemies":"Exordium Wildlife","floor":11,"turns":4},{"damage":10,"enemies":"Blue Slaver","floor":14,"turns":4},{"damage":53,"enemies":"The Guardian","floor":16,"turns":8},{"damage":19,"enemies":"3 Byrds","floor":18,"turns":4},{"damage":35,"enemies":"conspire:FuzzyDice","floor":22,"turns":4},{"damage":4,"enemies":"Book of Stabbing","floor":24,"turns":4},{"damage":41,"enemies":"Snake Plant","floor":27,"turns":5},{"damage":0,"enemies":"Cultist and Chosen","floor":28,"turns":2},{"damage":48,"enemies":"Collector","floor":33,"turns":7},{"damage":40,"enemies":"Orb Walker","floor":35,"turns":5},{"damage":6,"enemies":"3 Darklings","floor":36,"turns":3},{"damage":39,"enemies":"Nemesis","floor":40,"turns":6},{"damage":11,"enemies":"Sphere and 2 Shapes","floor":42,"turns":3},{"damage":24,"enemies":"R_Hoarder","floor":47,"turns":6},{"damage":57,"enemies":"Time Eater","floor":50,"turns":9},{"damage":48,"enemies":"Shield and Spear","floor":54,"turns":4},{"damage":96,"enemies":"The Heart","floor":55,"turns":4}],"seed_played":"-7182130514211042273","potions_obtained":[{"floor":1,"key":"Strength Potion"},{"floor":8,"key":"SneckoOil"},{"floor":11,"key":"Block Potion"},{"floor":16,"key":"hexamod:SoulburnPotion"},{"floor":22,"key":"FearPotion"},{"floor":33,"key":"ColorlessPotion"},{"floor":36,"key":"BlessingOfTheForge"},{"floor":40,"key":"Block Potion"},{"floor":54,"key":"construct:ShiftPotion"},{"floor":54,"key":"Fruit Juice"},{"floor":54,"key":"sneckomod:MuddlingPotion"},{"floor":54,"key":"LiquidBronze"}],"is_trial":false,"path_per_floor":["M","?","$","?","M","E","?","M","T","R","M","R","?","M","R","B",null,"M","$","?","?","M","R","E","$","T","M","M","?","R","T","R_BF","B",null,"M","M","$","?","?","E","R","M","T","?","R","?","E","$","R","B",null,"R","$","E","B"],"character_chosen":"IRONCLAD","items_purchased":["aspiration:FrozenJewel","TheAbacus","Shrug It Off","Inflame","Red Skull","Whetstone","ReplayTheSpireMod:LeadingStrike+1","Pen Nib","Eternal Feather","Chemical X","Adrenaline Potion"],"campfire_rested":1,"item_purchase_floors":[0,0,0,3,3,19,19,37,37,48,53],"current_hp_per_floor":[80,80,80,80,80,71,71,77,77,77,78,78,78,74,74,27,80,67,67,67,67,38,38,40,40,40,7,13,39,39,39,39,38,80,46,46,46,46,46,13,52,50,50,50,65,65,47,47,62,62,80,80,80,85,0,0],"gold":57,"neow_bonus":"","is_daily":false,"chose_seed":false,"campfire_upgraded":8,"win_rate":0.0,"timestamp":1611969682,"path_taken":["M","?","?","?","?","E","?","M","T","R","M","R","?","M","R","BOSS","M","$","?","?","M","R","E","$","T","M","M","?","R","?","R_BF","BOSS","M","M","$","?","?","E","R","M","T","?","R","?","E","$","R","BOSS","R","$","E","BOSS"],"items_purchased_type":["Relic","Relic","Card","Card","Relic","Relic","Card","Relic","Relic","Relic","Potion"],"build_version":"2020-12-22","purchased_purges":0,"victory":false,"max_hp_per_floor":[80,80,80,80,80,80,80,80,80,80,80,80,80,80,80,80,80,80,80,80,80,80,80,80,80,80,80,80,80,80,80,80,80,80,80,80,80,80,80,80,80,80,80,80,80,80,80,80,80,80,80,80,80,85,85,85],"card_choices":[{"not_picked":["Burning Pact","Havoc"],"picked":"Cleave","floor":1},{"not_picked":["Twin Strike","Abandon"],"picked":"Power Through","floor":5},{"not_picked":["Eclipse","Sever Soul"],"picked":"Fire Breathing","floor":6},{"not_picked":["Warcry","True Grit"],"picked":"Spot Weakness","floor":8},{"not_picked":["Pommel Strike","Flex"],"picked":"Wild Strike","floor":11},{"not_picked":["Clothesline","Iron Wave"],"picked":"Bloodletting","floor":14},{"not_picked":["Impervious","Immolate"],"picked":"Replay:Many Hands","floor":16},{"not_picked":["Armaments","Warcry"],"picked":"hubris:CleavingFinish+1","floor":18},{"not_picked":["ReplayTheSpireMod:Strike From Hell+1","Sentinel"],"picked":"Pommel Strike+1","floor":22},{"not_picked":["Clothesline","Havoc","Shrug It Off"],"picked":"SKIP","floor":24},{"not_picked":["Twin Strike","Whirlwind"],"picked":"Clothesline+1","floor":27},{"not_picked":["Battle Trance","Warcry+1","Havoc"],"picked":"SKIP","floor":28},{"not_picked":["Run Through+1","Clash","True Grit"],"picked":"SKIP","floor":35},{"not_picked":["Warcry","Dual Wield","Demonic Infusion"],"picked":"SKIP","floor":36},{"not_picked":["Battle Trance+1","Ghostly Armor"],"picked":"Heavy Blade+1","floor":40},{"not_picked":["ReplayReversal","Power Through"],"picked":"ReplayTheSpireMod:Muscle Training+1","floor":42},{"not_picked":["Body Slam+1","Warcry","Cleave"],"picked":"SKIP","floor":47},{"not_picked":["Fire Breathing","Heavy Blade"],"picked":"Wild Strike+1","floor":54}],"player_experience":172513,"relics_obtained":[{"floor":2,"key":"Anchor"},{"floor":2,"key":"hubris:BottledRain"},{"floor":2,"key":"Old Coin"},{"floor":6,"key":"hubris:Zylophone"},{"floor":9,"key":"conspire:TopHat"},{"floor":24,"key":"Smiling Mask"},{"floor":26,"key":"Happy Flower"},{"floor":31,"key":"Shuriken"},{"floor":40,"key":"ReplayTheSpireMod:TigerMarble"},{"floor":44,"key":"Ring of Hypnosis"},{"floor":44,"key":"Ring of Greed"},{"floor":44,"key":"Golden Egg"},{"floor":44,"key":"Tiny Chest"},{"floor":47,"key":"aspiration:ChemicalBlood"},{"floor":54,"key":"hubris:MysteriousPyramids"}],"event_choices":[{"damage_healed":0,"gold_gain":0,"cards_transformed":["Strike_R"],"player_choice":"Change","damage_taken":0,"max_hp_gain":0,"max_hp_loss":0,"event_name":"Living Wall","floor":4,"gold_loss":0,"cards_obtained":["Evolve"]},{"damage_healed":0,"gold_gain":0,"player_choice":"Leave","damage_taken":0,"max_hp_gain":0,"max_hp_loss":0,"event_name":"conspire:Investor","floor":7,"gold_loss":0},{"damage_healed":0,"gold_gain":0,"player_choice":"Stole Relic","damage_taken":0,"relics_obtained":["hubris:DuctTape"],"max_hp_gain":0,"max_hp_loss":0,"event_name":"Addict","floor":20,"gold_loss":0,"cards_obtained":["Shame"]},{"damage_healed":26,"gold_gain":0,"player_choice":"Heal","damage_taken":0,"max_hp_gain":0,"max_hp_loss":0,"event_name":"The Library","floor":29,"gold_loss":0},{"damage_healed":0,"gold_gain":0,"player_choice":"Ignored","damage_taken":0,"max_hp_gain":0,"max_hp_loss":0,"event_name":"Mysterious Sphere","floor":39,"gold_loss":0},{"cards_removed":["Defend_R"],"damage_healed":0,"gold_gain":0,"player_choice":"Removed Skill","damage_taken":0,"max_hp_gain":0,"max_hp_loss":0,"event_name":"Falling","floor":46,"gold_loss":0}],"is_beta":false,"boss_relics":[{"not_picked":["ReplayTheSpireMod:DimensionalGlitch","Sozu"],"picked":"Astrolabe"},{"not_picked":["conspire:RunicOctahedron","Replay:Drink Me"],"picked":"Runic Cube"}],"items_purged_floors":[],"is_endless":false,"potions_floor_spawned":[1,8,11,16,22,33,36,40,54],"killed_by":"The Heart","ascension_level":0}}