{"host":"6jcxerjfmuawfds2","time":1611981307,"event":{"mods":["BaseMod","Colored Map","Infinite Spire","Minty Spire (QoL Compilation)","StSLib","¡¼?Úª?ø«¡½REMEMod"],"gold_per_floor":[112,112,130,130,18,18,32,32,32,32,32,51,61,61,61,165,215,228,228,228,228,228,261,279,279,279,279,298,298,325,335,335,435,435,450,103,105,105,126,126,140,140,140,172,172,190,213,213,213],"floor_reached":48,"language":"KOR","playtime":1244,"items_purged":["Eruption","Vigilance+1"],"score":704,"play_id":"a29c8ffc-b815-4673-b09b-36f3485d0fb1","local_time":"20210130133507","is_ascension_mode":true,"campfire_choices":[{"data":"MentalFortress","floor":6.0,"key":"SMITH"},{"data":"Tantrum","floor":8.0,"key":"SMITH"},{"floor":11.0,"key":"REST"},{"data":"WreathOfFlame","floor":15.0,"key":"SMITH"},{"data":"Adaptation","floor":25.0,"key":"SMITH"},{"data":"REME_CRH","floor":27.0,"key":"SMITH"},{"floor":29.0,"key":"RECALL"},{"data":"Vigilance","floor":32.0,"key":"SMITH"},{"data":"FearNoEvil","floor":40.0,"key":"SMITH"},{"floor":42.0,"key":"REST"}],"circlet_count":0,"master_deck":["Strike_P","Strike_P","Strike_P+1","Defend_P+1","Defend_P","Defend_P+1","Tantrum+1","MentalFortress+1","WreathOfFlame+1","REME_CRH+1","Adaptation+1","FearNoEvil+1","infinitespire:NeuralNetwork+1"],"relics":["PureWater","REME_ComplimentaryCards","REME_HandOfSuture","Tiny House","Bag of Marbles","MutagenicStrength","Pear","The Courier","StrikeDummy","infinitespire:Midas Blood","Damaru","Du-Vu Doll"],"acts_visited":["Exordium","TheCity","TheBeyond"],"potions_floor_usage":[],"damage_taken":[{"damage":7.0,"enemies":"Jaw Worm","floor":1.0,"turns":3.0},{"damage":0.0,"enemies":"Cultist","floor":3.0,"turns":2.0},{"damage":0.0,"enemies":"2 Louse","floor":7.0,"turns":5.0},{"damage":7.0,"enemies":"Exordium Wildlife","floor":12.0,"turns":5.0},{"damage":4.0,"enemies":"Large Slime","floor":13.0,"turns":2.0},{"damage":16.0,"enemies":"Hexaghost","floor":16.0,"turns":7.0},{"damage":0.0,"enemies":"Spheric Guardian","floor":18.0,"turns":1.0},{"damage":0.0,"enemies":"REME_1_Revenger","floor":23.0,"turns":2.0},{"damage":0.0,"enemies":"3 Byrds","floor":24.0,"turns":2.0},{"damage":0.0,"enemies":"Centurion and Healer","floor":28.0,"turns":4.0},{"damage":4.0,"enemies":"Chosen and Byrds","floor":31.0,"turns":3.0},{"damage":0.0,"enemies":"Automaton","floor":33.0,"turns":2.0},{"damage":0.0,"enemies":"Orb Walker","floor":35.0,"turns":2.0},{"damage":10.0,"enemies":"3 Darklings","floor":39.0,"turns":3.0},{"damage":12.0,"enemies":"4 Shapes","floor":41.0,"turns":4.0},{"damage":12.0,"enemies":"Nemesis","floor":44.0,"turns":5.0},{"damage":10.0,"enemies":"Sphere and 2 Shapes","floor":46.0,"turns":4.0},{"damage":18.0,"enemies":"Jaw Worm Horde","floor":47.0,"turns":2.0},{"damage":0,"enemies":"Nightmare","floor":48,"turns":2}],"seed_played":"5749127612151394817","potions_obtained":[{"floor":7.0,"key":"FearPotion"},{"floor":16.0,"key":"BlessingOfTheForge"},{"floor":17.0,"key":"Block Potion"},{"floor":28.0,"key":"SkillPotion"},{"floor":31.0,"key":"Explosive Potion"},{"floor":33.0,"key":"Explosive Potion"},{"floor":46.0,"key":"EssenceOfSteel"},{"floor":47.0,"key":"Dexterity Potion"}],"is_trial":false,"path_per_floor":["M","$","M","?","$","R","M","R","T","?","R","M","M","$","R","B",null,"M","?","?","?","AVR","E","M","R","T","R","M","R","T","M","R","B",null,"M","$","?","?","M","R","M","R","T","E","?","M","M","NM"],"character_chosen":"WATCHER","items_purchased":["MentalFortress","FearNoEvil","infinitespire:Midas Blood"],"campfire_rested":2,"item_purchase_floors":[5,36,36],"current_hp_per_floor":[44,44,44,44,44,44,44,44,44,30,51,44,40,40,40,24,65,65,65,65,65,75,75,75,75,75,75,75,75,75,71,71,71,83,83,83,62,62,52,52,40,66,66,54,54,44,26,26,26],"gold":213,"neow_bonus":"REMOVE_TWO","is_daily":false,"chose_seed":false,"campfire_upgraded":7,"win_rate":0.0,"timestamp":1611981307,"path_taken":["M","$","M","?","$","R","?","R","T","?","R","M","M","?","R","BOSS","M","?","?","?","AVR","E","?","R","T","R","?","R","?","M","R","BOSS","M","$","?","?","?","R","M","R","T","E","?","M","M","NM"],"items_purchased_type":["Card","Card","Relic"],"build_version":"2020-12-22","purchased_purges":2,"victory":false,"max_hp_per_floor":[72,72,72,72,72,72,72,72,72,72,72,72,72,72,72,72,77,77,77,77,77,87,87,87,87,87,87,87,87,87,87,87,87,87,87,87,87,87,87,87,87,87,87,87,87,87,87,87,87],"card_choices":[{"not_picked":["SandsOfTime","CutThroughFate","ThirdEye"],"picked":"SKIP","floor":1.0},{"not_picked":["FollowUp","Study"],"picked":"Tantrum","floor":3.0},{"not_picked":["Collect","EmptyFist","SashWhip"],"picked":"SKIP","floor":7.0},{"not_picked":["Indignation","Prostrate","Weave"],"picked":"SKIP","floor":12.0},{"not_picked":["Wireheading","Protect"],"picked":"WreathOfFlame","floor":13.0},{"not_picked":["LessonLearned","Alpha"],"picked":"REME_CRH","floor":16.0},{"not_picked":["CarveReality","Prostrate","PathToVictory+1"],"picked":"SKIP","floor":18.0},{"not_picked":["BowlingBash","FollowUp","Prostrate"],"picked":"SKIP","floor":23.0},{"not_picked":["SandsOfTime","FlurryOfBlows","WaveOfTheHand"],"picked":"SKIP","floor":24.0},{"not_picked":["SignatureMove","JustLucky+1","CrushJoints"],"picked":"SKIP","floor":28.0},{"not_picked":["REME_MusicOfDeath","ClearTheMind+1","FlurryOfBlows"],"picked":"SKIP","floor":31.0},{"not_picked":["Halt","CarveReality+1","FlyingSleeves+1"],"picked":"SKIP","floor":35.0},{"not_picked":["infinitespire:UltimateForm","infinitespire:Punishment"],"picked":"infinitespire:NeuralNetwork","floor":37.0},{"not_picked":["FollowUp+1","Indignation","Perseverance"],"picked":"SKIP","floor":39.0},{"not_picked":["Conclude+1","WreathOfFlame","Crescendo"],"picked":"SKIP","floor":41.0},{"not_picked":["Halt","ThirdEye","REME_EmptyShield"],"picked":"SKIP","floor":44.0},{"not_picked":["FlurryOfBlows+1","EmptyBody+1","Fasting2+1"],"picked":"SKIP","floor":46.0},{"not_picked":["Tantrum+1","Protect+1","Halt+1"],"picked":"SKIP","floor":47.0}],"player_experience":260273,"relics_obtained":[{"floor":9.0,"key":"REME_HandOfSuture"},{"floor":23.0,"key":"The Courier"},{"floor":26.0,"key":"StrikeDummy"},{"floor":43.0,"key":"Damaru"},{"floor":44.0,"key":"Du-Vu Doll"}],"event_choices":[{"damage_healed":0.0,"max_hp_gain":0.0,"max_hp_loss":0.0,"gold_gain":0.0,"event_name":"The Woman in Blue","player_choice":"Bought 0 Potions","floor":4.0,"gold_loss":0.0,"damage_taken":0.0},{"damage_healed":0.0,"max_hp_gain":0.0,"max_hp_loss":0.0,"gold_gain":0.0,"event_name":"Shining Light","player_choice":"Entered Light","floor":10.0,"gold_loss":0.0,"damage_taken":14.0,"cards_upgraded":["Strike_P","Defend_P"]},{"damage_healed":0.0,"max_hp_gain":0.0,"max_hp_loss":0.0,"gold_gain":0.0,"event_name":"The Mausoleum","player_choice":"Opened","floor":19.0,"gold_loss":0.0,"damage_taken":0.0,"relics_obtained":["Bag of Marbles"]},{"damage_healed":0.0,"max_hp_gain":0.0,"max_hp_loss":0.0,"gold_gain":0.0,"event_name":"Drug Dealer","player_choice":"Inject Mutagens","floor":20.0,"gold_loss":0.0,"damage_taken":0.0,"relics_obtained":["MutagenicStrength"]},{"damage_healed":0.0,"max_hp_gain":0.0,"max_hp_loss":0.0,"gold_gain":0.0,"event_name":"The Library","player_choice":"Read","floor":21.0,"gold_loss":0.0,"damage_taken":0.0,"cards_obtained":["Adaptation"]},{"damage_healed":0.0,"max_hp_gain":0.0,"max_hp_loss":0.0,"gold_gain":0.0,"event_name":"Upgrade Shrine","player_choice":"Upgraded","floor":38.0,"gold_loss":0.0,"damage_taken":0.0,"cards_upgraded":["infinitespire:NeuralNetwork"]},{"damage_healed":0.0,"max_hp_gain":0.0,"max_hp_loss":0.0,"gold_gain":0.0,"event_name":"SensoryStone","player_choice":"Memory 1","floor":45.0,"gold_loss":0.0,"damage_taken":0.0}],"is_beta":false,"boss_relics":[{"not_picked":["Snecko Eye","Sozu"],"picked":"Tiny House"},{"not_picked":["Calling Bell","Astrolabe","Fusion Hammer"]}],"items_purged_floors":[5,36],"is_endless":false,"potions_floor_spawned":[7,16,28,31,33,46,47],"killed_by":"Nightmare","ascension_level":5}}