{"host":"bxd97rc2ofc6op20","time":1611996134,"event":{"mods":["BaseMod","Colored Map","Colored Powertips","Googly Eyes","Highlight Path","Minty Spire (QoL Compilation)","Quick Restart","Rare Cards Sparkle"],"gold_per_floor":[368,379,379,399,399,399,432,432,459,459,483,483,264,305,305,430,430,445,140,153,153,177,211,211,244,268,268,268],"floor_reached":27,"language":"ENG","playtime":1436,"items_purged":["Injury","Strike_B"],"score":311,"play_id":"8b9b4996-34a9-4220-905b-a7315dde6f66","local_time":"20210130004214","is_ascension_mode":true,"campfire_choices":[{"data":"Static Discharge","floor":6,"key":"SMITH"},{"data":"Streamline","floor":8,"key":"SMITH"},{"floor":10,"key":"REST"},{"floor":15,"key":"REST"},{"floor":24,"key":"REST"}],"circlet_count":0,"master_deck":["Strike_B+1","Defend_B","Defend_B","Defend_B","Defend_B","Zap","Dualcast","Static Discharge+1","Fusion","Melter+1","Streamline+1","Reprogram","Static Discharge","Electrodynamics","Hologram","Coolheaded","Genetic Algorithm","Conserve Battery","Darkness","Steam","Reinforced Body","Compile Driver+1","Undo"],"relics":["Cracked Core","Golden Idol","Centennial Puzzle","Toy Ornithopter","Dream Catcher","Blue Candle","Sozu","Lee\u0027s Waffle","Whetstone","Happy Flower","Regal Pillow"],"acts_visited":["Exordium","TheCity"],"potions_floor_usage":[14,16,23],"damage_taken":[{"damage":1,"enemies":"2 Louse","floor":1,"turns":3},{"damage":4,"enemies":"Small Slimes","floor":2,"turns":3},{"damage":18,"enemies":"Jaw Worm","floor":4,"turns":4},{"damage":20,"enemies":"3 Sentries","floor":7,"turns":6},{"damage":11,"enemies":"Blue Slaver","floor":11,"turns":2},{"damage":16,"enemies":"Gremlin Nob","floor":14,"turns":3},{"damage":29,"enemies":"Hexaghost","floor":16,"turns":6},{"damage":11,"enemies":"Shell Parasite","floor":18,"turns":3},{"damage":0,"enemies":"Spheric Guardian","floor":20,"turns":2},{"damage":32,"enemies":"Snake Plant","floor":22,"turns":5},{"damage":20,"enemies":"Slavers","floor":23,"turns":2},{"damage":37,"enemies":"Gremlin Leader","floor":25,"turns":5},{"damage":23,"enemies":"Shelled Parasite and Fungi","floor":27,"turns":4}],"seed_played":"5657615905282425679","potions_obtained":[{"floor":4,"key":"FearPotion"},{"floor":7,"key":"Ancient Potion"},{"floor":11,"key":"FocusPotion"},{"floor":14,"key":"SkillPotion"}],"is_trial":false,"path_per_floor":["M","M","?","M","?","R","E","R","T","R","M","?","$","E","R","B",null,"M","$","M","?","M","E","R","E","T","M"],"character_chosen":"DEFECT","items_purchased":["Dream Catcher","Coolheaded","Lee\u0027s Waffle"],"campfire_rested":3,"item_purchase_floors":[13,19,19],"current_hp_per_floor":[67,63,63,45,50,50,30,30,30,51,40,40,40,29,50,26,73,62,80,80,80,48,33,57,20,20,0,0],"gold":268,"neow_bonus":"TWO_FIFTY_GOLD","is_daily":false,"chose_seed":false,"campfire_upgraded":2,"win_rate":0.0,"timestamp":1611996134,"path_taken":["M","M","?","M","?","R","E","R","T","R","M","?","$","E","R","BOSS","M","$","M","?","M","E","R","E","T","M"],"items_purchased_type":["Relic","Card","Relic"],"build_version":"2020-12-22","purchased_purges":2,"victory":false,"max_hp_per_floor":[68,68,68,68,73,73,73,73,73,73,73,73,73,73,73,73,73,73,80,80,80,80,80,80,80,80,80,80],"card_choices":[{"not_picked":["Compile Driver","Lockon"],"picked":"Static Discharge","floor":1},{"not_picked":["Conserve Battery","Hello World"],"picked":"Fusion","floor":2},{"not_picked":["Auto Shields","Barrage"],"picked":"Melter","floor":4},{"not_picked":["Recycle","Turbo"],"picked":"Streamline","floor":7},{"not_picked":["Barrage","Steam"],"picked":"Reprogram","floor":11},{"not_picked":["Streamline","Redo"],"picked":"Static Discharge","floor":14},{"not_picked":["Seek","Hyperbeam"],"picked":"Electrodynamics","floor":16},{"not_picked":["Blizzard","Reprogram+1"],"picked":"Hologram","floor":18},{"not_picked":["Hologram","Chaos"],"picked":"Genetic Algorithm","floor":20},{"not_picked":["Sweeping Beam","Hologram+1"],"picked":"Steam","floor":22},{"not_picked":["Beam Cell+1","Reprogram+1"],"picked":"Reinforced Body","floor":23},{"not_picked":["Scrape","Tempest"],"picked":"Compile Driver+1","floor":24},{"not_picked":["Fusion","Sunder"],"picked":"Undo","floor":25}],"player_experience":417551,"relics_obtained":[{"floor":7,"key":"Centennial Puzzle"},{"floor":9,"key":"Toy Ornithopter"},{"floor":14,"key":"Blue Candle"},{"floor":23,"key":"Whetstone"},{"floor":25,"key":"Happy Flower"},{"floor":26,"key":"Regal Pillow"}],"event_choices":[{"damage_healed":0,"gold_gain":0,"player_choice":"Take Wound","damage_taken":0,"relics_obtained":["Golden Idol"],"max_hp_gain":0,"max_hp_loss":0,"event_name":"Golden Idol","floor":3,"gold_loss":0,"cards_obtained":["Injury"]},{"damage_healed":0,"gold_gain":0,"player_choice":"Donut","damage_taken":0,"max_hp_gain":5,"max_hp_loss":0,"event_name":"Big Fish","floor":5,"gold_loss":0},{"damage_healed":0,"gold_gain":0,"player_choice":"Ignored","damage_taken":0,"max_hp_gain":0,"max_hp_loss":0,"event_name":"Shining Light","floor":12,"gold_loss":0},{"damage_healed":0,"gold_gain":0,"cards_transformed":["Strike_B","Strike_B"],"player_choice":"Became Test Subject","damage_taken":0,"max_hp_gain":0,"max_hp_loss":0,"event_name":"Drug Dealer","floor":21,"gold_loss":0,"cards_obtained":["Conserve Battery","Darkness"]}],"is_beta":false,"boss_relics":[{"not_picked":["FrozenCore","Ectoplasm"],"picked":"Sozu"}],"items_purged_floors":[13,19],"is_endless":false,"potions_floor_spawned":[4,7,11,14,18],"killed_by":"Shelled Parasite and Fungi","ascension_level":4}}