{"host":"6xsbn6ynqlzwllfm","time":1611991286,"event":{"mods":["2.2 Compatiblity","BaseMod","Bestiary","Colored Map","Colored Powertips","Curses Come First","Highlight Path","Keyboard Shortcuts","Minty Spire (QoL Compilation)","Relic Stats","Slay the Relics Exporter","StSLib","SuperFastMode"],"gold_per_floor":[117,132,282,242,167,200,200,212,283,297,323,342,358,384,384,457,457,474,39,39,14,24,24,24],"floor_reached":23,"language":"ENG","playtime":733,"items_purged":["Doubt"],"score":591,"play_id":"c2e2acc0-466b-4bc7-9a9a-f97826225c1f","local_time":"20210130022126","is_ascension_mode":true,"campfire_choices":[{"data":"Tantrum","floor":7,"key":"SMITH"},{"data":"Ragnarok","floor":15,"key":"SMITH"}],"circlet_count":0,"master_deck":["AscendersBane","Strike_P","Strike_P","Strike_P","Strike_P","Defend_P","Defend_P","Defend_P","Defend_P","Eruption","Vigilance","Establishment","FlyingSleeves","Tantrum+1","Ragnarok+1","CutThroughFate","CarveReality","Consecrate","Study","WheelKick","Omniscience","EmptyBody+1","Adaptation"],"relics":["HolyWater","Bronze Scales","Vajra","Toy Ornithopter","Toxic Egg 2","Bag of Preparation","Nloth\u0027s Gift"],"acts_visited":["Exordium","TheCity"],"potions_floor_usage":[6,6,11,14,14,23,23],"damage_taken":[{"damage":7,"enemies":"Jaw Worm","floor":1,"turns":3},{"damage":0,"enemies":"Cultist","floor":2,"turns":2},{"damage":0,"enemies":"Lagavulin","floor":6,"turns":3},{"damage":0,"enemies":"2 Louse","floor":8,"turns":2},{"damage":0,"enemies":"Exordium Thugs","floor":10,"turns":3},{"damage":3,"enemies":"3 Sentries","floor":11,"turns":4},{"damage":11,"enemies":"Exordium Wildlife","floor":12,"turns":3},{"damage":0,"enemies":"2 Fungi Beasts","floor":13,"turns":2},{"damage":0,"enemies":"Gremlin Nob","floor":14,"turns":2},{"damage":0,"enemies":"Slime Boss","floor":16,"turns":3},{"damage":0,"enemies":"Spheric Guardian","floor":18,"turns":2},{"damage":14,"enemies":"Shell Parasite","floor":22,"turns":3},{"damage":58,"enemies":"Book of Stabbing","floor":23,"turns":5}],"seed_played":"4783507640568229397","potions_obtained":[{"floor":4,"key":"DuplicationPotion"},{"floor":4,"key":"Strength Potion"},{"floor":10,"key":"Block Potion"},{"floor":11,"key":"FearPotion"},{"floor":12,"key":"Swift Potion"},{"floor":16,"key":"SpeedPotion"},{"floor":18,"key":"Swift Potion"}],"is_trial":false,"path_per_floor":["M","M","?","?","$","E","R","M","T","M","E","M","M","E","R","B",null,"M","$","?","$","M","E"],"character_chosen":"WATCHER","items_purchased":["Toxic Egg 2","Bag of Preparation","EmptyBody+1"],"campfire_rested":0,"item_purchase_floors":[19,19,21],"current_hp_per_floor":[36,36,36,36,36,36,36,36,36,36,33,22,22,22,22,22,57,57,57,57,57,43,0,0],"gold":24,"neow_bonus":"THREE_RARE_CARDS","is_daily":false,"chose_seed":false,"campfire_upgraded":2,"win_rate":0.0,"timestamp":1611991286,"path_taken":["M","M","?","?","$","E","R","M","T","M","E","?","M","E","R","BOSS","M","$","?","?","M","E"],"items_purchased_type":["Relic","Relic","Card"],"build_version":"2020-12-22","purchased_purges":1,"victory":false,"max_hp_per_floor":[68,68,68,68,68,68,68,68,68,68,68,68,68,68,68,68,68,68,68,68,68,68,68,68],"relic_stats":{"counters":[13,37],"Bronze Scales":[48],"Bag of Preparation":[4],"Nloth\u0027s Gift":0,"obtain_stats":[{"Bronze Scales":6,"Vajra":11,"HolyWater":17,"Yang":9,"Bag of Preparation":19,"Nloth\u0027s Gift":20,"PureWater":0,"Toxic Egg 2":19,"Toy Ornithopter":14},{"Bronze Scales":3,"Vajra":6,"HolyWater":10,"Yang":4,"Bag of Preparation":11,"Nloth\u0027s Gift":11,"PureWater":0,"Toxic Egg 2":11,"Toy Ornithopter":9},{"Bronze Scales":8,"Vajra":17,"HolyWater":27,"Yang":10,"Bag of Preparation":29,"Nloth\u0027s Gift":29,"PureWater":0,"Toxic Egg 2":29,"Toy Ornithopter":24}],"Toy Ornithopter":10},"card_choices":[{"not_picked":["SpiritShield","Judgement"],"picked":"Establishment","floor":0},{"not_picked":["Consecrate","FlurryOfBlows"],"picked":"FlyingSleeves","floor":1},{"not_picked":["Halt","JustLucky"],"picked":"Tantrum","floor":2},{"not_picked":["InnerPeace","FlurryOfBlows"],"picked":"Ragnarok","floor":6},{"not_picked":["JustLucky","Prostrate"],"picked":"CutThroughFate","floor":10},{"not_picked":["Crescendo","Indignation"],"picked":"CarveReality","floor":11},{"not_picked":["CutThroughFate","FlurryOfBlows"],"picked":"Consecrate","floor":12},{"not_picked":["ClearTheMind","Weave"],"picked":"Study","floor":13},{"not_picked":["EmptyBody","JustLucky"],"picked":"WheelKick","floor":14},{"not_picked":["DeusExMachina","Devotion"],"picked":"Omniscience","floor":16},{"not_picked":["Wireheading","PathToVictory+1"],"picked":"Adaptation","floor":22}],"player_experience":1258736,"relics_obtained":[{"floor":6,"key":"Bronze Scales"},{"floor":9,"key":"Yang"},{"floor":11,"key":"Vajra"},{"floor":14,"key":"Toy Ornithopter"}],"event_choices":[{"damage_healed":0,"gold_gain":150,"player_choice":"AGREE","damage_taken":0,"max_hp_gain":0,"max_hp_loss":0,"event_name":"Liars Game","floor":3,"gold_loss":0,"cards_obtained":["Doubt"]},{"damage_healed":0,"gold_gain":0,"player_choice":"Bought 3 Potions","damage_taken":0,"max_hp_gain":0,"max_hp_loss":0,"event_name":"The Woman in Blue","floor":4,"gold_loss":0},{"damage_healed":0,"gold_gain":0,"player_choice":"Traded Relic","damage_taken":0,"relics_obtained":["Nloth\u0027s Gift"],"max_hp_gain":0,"max_hp_loss":0,"event_name":"N\u0027loth","floor":20,"relics_lost":["Yang"],"gold_loss":0}],"is_beta":false,"boss_relics":[{"not_picked":["Calling Bell","SlaversCollar"],"picked":"HolyWater"}],"items_purged_floors":[5],"is_endless":false,"potions_floor_spawned":[10,11,12,16,18],"killed_by":"Book of Stabbing","ascension_level":18}}