{"host":"bbvmu6yleqps41w7","time":1611986032,"event":{"mods":["BaseMod","Colored Map","Colored Powertips","Downfall","Hermit","Marisa????????","Minty Spire (QoL Compilation)","StSLib","The Bug Knight","The Cursed","The Servant 0.9.4"],"gold_per_floor":[99,114,127,146,131,131,155,193,214,268,350,362,410,449,478,490,490,490],"floor_reached":16,"language":"ENG","playtime":1025,"items_purged":[],"score":120,"play_id":"c4459e92-a0d9-4f1a-984d-eeb15f56a10c","local_time":"20210129225352","is_ascension_mode":false,"campfire_choices":[{"data":"bronze:Replicate","floor":1,"key":"SMITH"},{"data":"bronze:DelayedSlice","floor":6,"key":"SMITH"},{"floor":12,"key":"REST"}],"circlet_count":0,"master_deck":["bronze:Strike","bronze:Strike","bronze:Strike","bronze:Strike","bronze:Defend+1","bronze:Defend","bronze:Defend+1","bronze:Defend+1","bronze:Replicate+1","bronze:Goto","bronze:Flail","bronze:Return+1","bronze:DelayedSlice+1","bronze:Format+1","downfall:Malfunctioning","bronze:BronzeOrb","bronze:ClassDefault","bronze:ForLoop","bronze:Break"],"relics":["bronze:BronzeCore","CeramicFish","MawBank","Calipers","Oddly Smooth Stone","War Paint"],"acts_visited":["Exordium"],"potions_floor_usage":[16,16],"damage_taken":[{"damage":1,"enemies":"Cultist","floor":2,"turns":3},{"damage":0,"enemies":"Small Slimes","floor":3,"turns":2},{"damage":1,"enemies":"Jaw Worm","floor":4,"turns":3},{"damage":5,"enemies":"downfall:FleeingMerchant","floor":5,"turns":4},{"damage":8,"enemies":"3 Sentries","floor":8,"turns":5},{"damage":23,"enemies":"Gremlin Nob","floor":10,"turns":4},{"damage":20,"enemies":"Lagavulin Event","floor":11,"turns":5},{"damage":2,"enemies":"Lagavulin","floor":13,"turns":6},{"damage":6,"enemies":"Red Slaver","floor":14,"turns":3},{"damage":0,"enemies":"Large Slime","floor":15,"turns":2},{"damage":39,"enemies":"IC_STATUS_ARCHETYPE","floor":16,"turns":8}],"seed_played":"3797261205368764909","potions_obtained":[{"floor":4,"key":"Energy Potion"},{"floor":8,"key":"ColorlessPotion"},{"floor":10,"key":"LiquidMemories"},{"floor":11,"key":"DistilledChaos"},{"floor":14,"key":"ColorlessPotion"},{"floor":15,"key":"EntropicBrew"}],"is_trial":false,"path_per_floor":["R","M","M","M","$","R","T","E","?","E","?","R","E","M","M","B"],"character_chosen":"THE_AUTOMATON","items_purchased":[],"campfire_rested":1,"item_purchase_floors":[],"current_hp_per_floor":[77,76,76,75,70,70,70,62,62,39,19,42,40,34,34,0,0,0],"gold":490,"neow_bonus":"TEN_PERCENT_HP_BONUS","is_daily":false,"chose_seed":false,"campfire_upgraded":2,"win_rate":0.0,"timestamp":1611986032,"path_taken":["R","M","M","?","$","R","T","E","?","E","?","R","E","M","M","BOSS"],"items_purchased_type":[],"build_version":"2020-12-22","purchased_purges":0,"victory":false,"max_hp_per_floor":[77,77,77,77,77,77,77,77,77,77,77,77,77,77,77,77,77,77],"card_choices":[{"not_picked":["bronze:DelayedSlice","bronze:Branch"],"picked":"bronze:Flail","floor":2},{"not_picked":["bronze:Deprecate","bronze:OilSpill"],"picked":"bronze:Return","floor":3},{"not_picked":["bronze:DarkDash","bronze:Return","bronze:Turbo"],"picked":"SKIP","floor":4},{"not_picked":["bronze:MaxOutput","bronze:FineTuning"],"picked":"bronze:DelayedSlice","floor":5},{"not_picked":["bronze:DelayedGuard","bronze:Backtrace"],"picked":"bronze:Format","floor":8},{"not_picked":["bronze:FineTuning","bronze:Safeguard"],"picked":"bronze:BronzeOrb","floor":10},{"not_picked":["bronze:Boost","bronze:Iterate"],"picked":"bronze:ClassDefault","floor":11},{"not_picked":["bronze:OilSpill","bronze:WildBeam"],"picked":"bronze:ForLoop","floor":13},{"not_picked":["bronze:Safeguard","bronze:FineTuning"],"picked":"bronze:Break","floor":14},{"not_picked":["bronze:BronzeArmor","bronze:OilSpill","bronze:MaxOutput"],"picked":"SKIP","floor":15}],"player_experience":613879,"relics_obtained":[{"floor":7,"key":"CeramicFish"},{"floor":8,"key":"MawBank"},{"floor":10,"key":"Calipers"},{"floor":11,"key":"Oddly Smooth Stone"},{"floor":13,"key":"War Paint"}],"event_choices":[],"is_beta":false,"boss_relics":[],"items_purged_floors":[],"is_endless":false,"potions_floor_spawned":[4,8,10,11,14,15],"killed_by":"IC_STATUS_ARCHETYPE","ascension_level":0}}