{"host":"vyiqbz5w606ur92t","time":1611987138,"event":{"mods":["BaseMod","Downfall","Minty Spire (QoL Compilation)","StSLib"],"gold_per_floor":[99,112,22,22,34,52,52,63,63,100,125,134,170,488,510,618,618,618,647,661,788,788,588,588,623,623,632,642,20,30,69,89,196,205,205,214,239,99,99,24,71,113,13,28,60,60,60,87,101,101,101,135,10,19,19,19],"floor_reached":57,"language":"ENG","playtime":9556,"items_purged":["Shame","Pride","downfall:Icky"],"score":1439,"play_id":"656db715-96a0-45ab-b562-324e4fbf02ab","local_time":"20210130061218","is_ascension_mode":true,"campfire_choices":[{"data":"Apotheosis","floor":1.0,"key":"SMITH"},{"floor":9.0,"key":"RECALL"},{"data":"bronze:TinkerersToolbox","floor":18.0,"key":"SMITH"},{"floor":23.0,"key":"REST"},{"floor":26.0,"key":"REST"},{"data":"bronze:Goto","floor":35.0,"key":"SMITH"},{"data":"bronze:Library","floor":43.0,"key":"SMITH"},{"floor":47.0,"key":"REST"},{"floor":54.0,"key":"REST"}],"circlet_count":0,"master_deck":["bronze:Defend","bronze:Defend","bronze:Defend","bronze:Defend","bronze:Replicate","bronze:Goto+1","Apotheosis+1","bronze:CloningBeam","bronze:GetLatest","bronze:FineTuning","bronze:Deprecate","bronze:BitShift","bronze:Allocate","bronze:Overheat","bronze:Boost","bronze:Flail","bronze:TinkerersToolbox+1","bronze:Philosophize+1","J.A.X.","bronze:Repulsor","bronze:Terminator","bronze:RecursiveStrike","bronze:MaxOutput","bronze:BitShift","bronze:SpaghettiCode","CurseOfTheBell","bronze:Separator+1","bronze:ItsAFeature+1","bronze:GetLatest+1","bronze:MaxOutput","bronze:Library+1","bronze:NullPointer+1","bronze:SpaghettiCode+1"],"relics":["bronze:BronzeCore","Darkstone Periapt","CeramicFish","Vajra","Busted Crown","MutagenicStrength","downfall:HeartBlessingRed","downfall:HeartBlessingGreen","Pantograph","Mummified Hand","Dream Catcher","Shuriken","Pear","Calling Bell","Pen Nib","Molten Egg 2","Calipers","Slimebound:StickyStick","downfall:HeartBlessingBlue","Blood Vial","Toxic Egg 2","StrikeDummy"],"acts_visited":["Exordium","TheCity","TheBeyond","TheEnding"],"potions_floor_usage":[55,56,56],"damage_taken":[{"damage":7.0,"enemies":"2 Louse","floor":2.0,"turns":3.0},{"damage":0.0,"enemies":"downfall:FleeingMerchant","floor":3.0,"turns":4.0},{"damage":0.0,"enemies":"Small Slimes","floor":5.0,"turns":2.0},{"damage":2.0,"enemies":"Jaw Worm","floor":6.0,"turns":4.0},{"damage":8.0,"enemies":"3 Louse","floor":8.0,"turns":3.0},{"damage":31.0,"enemies":"Gremlin Nob","floor":10.0,"turns":4.0},{"damage":1.0,"enemies":"2 Fungi Beasts","floor":11.0,"turns":4.0},{"damage":4.0,"enemies":"Lagavulin","floor":13.0,"turns":8.0},{"damage":6.0,"enemies":"Exordium Wildlife","floor":15.0,"turns":3.0},{"damage":10.0,"enemies":"WA_ARCHETYPE_RETAIN","floor":16.0,"turns":7.0},{"damage":4.0,"enemies":"Shell Parasite","floor":19.0,"turns":4.0},{"damage":27.0,"enemies":"Sentry and Sphere","floor":20.0,"turns":5.0},{"damage":37.0,"enemies":"downfall:Augmenter","floor":21.0,"turns":8.0},{"damage":21.0,"enemies":"Slavers","floor":25.0,"turns":4.0},{"damage":21.0,"enemies":"Snake Plant","floor":28.0,"turns":6.0},{"damage":9.0,"enemies":"downfall:FleeingMerchant","floor":29.0,"turns":4.0},{"damage":0.0,"enemies":"Cultist and Chosen","floor":30.0,"turns":4.0},{"damage":0.0,"enemies":"Book of Stabbing","floor":31.0,"turns":2.0},{"damage":0.0,"enemies":"Chosen and Byrds","floor":32.0,"turns":3.0},{"damage":6.0,"enemies":"DF_ARCHETYPE_CLAW","floor":33.0,"turns":6.0},{"damage":12.0,"enemies":"Orb Walker","floor":37.0,"turns":2.0},{"damage":8.0,"enemies":"downfall:FleeingMerchant","floor":38.0,"turns":4.0},{"damage":0.0,"enemies":"downfall:FleeingMerchant","floor":40.0,"turns":4.0},{"damage":7.0,"enemies":"Reptomancer","floor":42.0,"turns":4.0},{"damage":8.0,"enemies":"3 Darklings","floor":44.0,"turns":4.0},{"damage":0.0,"enemies":"Giant Head","floor":45.0,"turns":5.0},{"damage":29.0,"enemies":"Nemesis","floor":48.0,"turns":5.0},{"damage":0.0,"enemies":"Transient","floor":49.0,"turns":5.0},{"damage":10.0,"enemies":"SI_POISON_ARCHETYPE","floor":50.0,"turns":10.0},{"damage":84.0,"enemies":"downfall:CharBossMerchant","floor":52.0,"turns":8.0},{"damage":16,"enemies":"downfall:NeowBoss","floor":55,"turns":10},{"damage":84,"enemies":"downfall:NeowBossFinal","floor":56,"turns":8}],"seed_played":"-2079362554369163846","potions_obtained":[{"floor":5.0,"key":"SteroidPotion"},{"floor":6.0,"key":"BlessingOfTheForge"},{"floor":8.0,"key":"bronze:CleanCodePotion"},{"floor":15.0,"key":"sneckomod:MuddlingPotion"},{"floor":20.0,"key":"Slimebound:ThreeZeroPotion"},{"floor":21.0,"key":"DuplicationPotion"},{"floor":30.0,"key":"Swift Potion"},{"floor":31.0,"key":"champ:CounterPotion"},{"floor":32.0,"key":"ColorlessPotion"},{"floor":37.0,"key":"sneckomod:MuddlingPotion"},{"floor":42.0,"key":"bronze:BurnAndBuffPotion"},{"floor":44.0,"key":"ColorlessPotion"},{"floor":49.0,"key":"Strength Potion"}],"is_trial":false,"path_per_floor":["R","M","$","?","M","M","T","M","R","E","M","?","E","?","M","B",null,"R","M","M","?","?","R","T","E","R","?","M","$","M","E","M","B",null,"R","?","M","$","?","$","T","E","R","M","E","?","R","E","M","B",null,"E","$","R","B","B",null],"character_chosen":"THE_AUTOMATON","items_purchased":["bronze:RecursiveStrike","bronze:MaxOutput","Shuriken","DistilledChaos","Energy Potion","bronze:MaxOutput","DistilledChaos","bronze:FreeFunctionsPotion"],"campfire_rested":4,"item_purchase_floors":[29,29,29,29,29,40,53,53],"current_hp_per_floor":[70,63,63,63,63,61,61,53,53,22,21,21,17,29,23,13,82,82,78,51,14,14,38,38,17,41,47,26,17,17,27,27,46,104,104,104,92,84,84,84,84,77,87,79,79,74,108,81,83,100,114,30,30,64,75,18],"gold":19,"neow_bonus":"RANDOM_COLORLESS_2","is_daily":false,"chose_seed":false,"campfire_upgraded":4,"win_rate":0.0,"timestamp":1611987138,"path_taken":["R","M","$","?","M","M","T","M","R","E","M","?","E","?","M","BOSS","R","M","M","?","?","R","T","E","R","?","M","$","M","E","M","BOSS","R","?","M","$","?","?","T","E","R","M","E","?","R","E","M","BOSS","E","$","R","BOSS","BOSS"],"items_purchased_type":["Card","Card","Relic","Potion","Potion","Card","Potion","Potion"],"build_version":"2020-12-22","purchased_purges":3,"victory":true,"max_hp_per_floor":[70,70,70,70,70,70,70,70,70,70,70,70,70,82,82,82,82,82,82,82,82,82,82,82,82,82,88,88,88,88,98,98,98,104,104,104,104,104,104,104,104,104,114,114,114,114,114,114,114,114,114,114,114,114,114,114],"card_choices":[{"not_picked":["Secret Technique","Magnetism"],"picked":"Apotheosis","floor":0.0},{"not_picked":["bronze:OilSpill","bronze:Fortify"],"picked":"bronze:CloningBeam","floor":2.0},{"not_picked":["bronze:ChildClass","bronze:Branch"],"picked":"bronze:GetLatest","floor":3.0},{"not_picked":["bronze:Invalidate","bronze:Terminator"],"picked":"bronze:FineTuning","floor":5.0},{"not_picked":["bronze:OilSpill","bronze:BitShift"],"picked":"bronze:Deprecate","floor":6.0},{"not_picked":["bronze:Deprecate","bronze:Branch","bronze:OilSpill"],"picked":"SKIP","floor":8.0},{"not_picked":["bronze:Fortify","bronze:DigitalCarnage"],"picked":"bronze:BitShift","floor":10.0},{"not_picked":["bronze:OilSpill","bronze:Repair"],"picked":"bronze:Allocate","floor":11.0},{"not_picked":["bronze:Refactor","bronze:Overload"],"picked":"bronze:Boost","floor":13.0},{"not_picked":["bronze:Branch","bronze:CloningBeam"],"picked":"bronze:Flail","floor":15.0},{"not_picked":["bronze:FindAndReplace","bronze:Hardcode"],"picked":"bronze:TinkerersToolbox","floor":16.0},{"not_picked":[],"picked":"bronze:Philosophize+1","floor":19.0},{"not_picked":["bronze:Branch"],"picked":"SKIP","floor":20.0},{"not_picked":[],"picked":"J.A.X.","floor":21.0},{"not_picked":["bronze:Overheat+1"],"picked":"SKIP","floor":25.0},{"not_picked":["bronze:BronzeArmor+1"],"picked":"SKIP","floor":28.0},{"not_picked":["bronze:Branch"],"picked":"SKIP","floor":29.0},{"not_picked":["bronze:DelayedGuard"],"picked":"SKIP","floor":30.0},{"not_picked":[],"picked":"bronze:BitShift","floor":31.0},{"not_picked":["bronze:Iterate"],"picked":"SKIP","floor":32.0},{"not_picked":[],"picked":"bronze:SpaghettiCode","floor":33.0},{"not_picked":[],"picked":"bronze:ItsAFeature+1","floor":37.0},{"not_picked":["bronze:Constructor"],"picked":"SKIP","floor":38.0},{"not_picked":[],"picked":"bronze:GetLatest+1","floor":40.0},{"not_picked":[],"picked":"bronze:Library","floor":42.0},{"not_picked":["bronze:WhirlingStrike+1"],"picked":"SKIP","floor":44.0},{"not_picked":["bronze:Philosophize"],"picked":"SKIP","floor":45.0},{"not_picked":["bronze:ChildClass+1"],"picked":"SKIP","floor":48.0},{"not_picked":["bronze:Iterate+1"],"picked":"SKIP","floor":49.0},{"not_picked":[],"picked":"bronze:NullPointer+1","floor":52.0},{"not_picked":[],"picked":"bronze:SpaghettiCode+1","floor":54.0}],"player_experience":1242005,"relics_obtained":[{"floor":7.0,"key":"Darkstone Periapt"},{"floor":10.0,"key":"CeramicFish"},{"floor":13.0,"key":"Vajra"},{"floor":21.0,"key":"MutagenicStrength"},{"floor":24.0,"key":"Pantograph"},{"floor":25.0,"key":"Mummified Hand"},{"floor":31.0,"key":"Pear"},{"floor":34.0,"key":"Pen Nib"},{"floor":34.0,"key":"Molten Egg 2"},{"floor":34.0,"key":"Calipers"},{"floor":42.0,"key":"Slimebound:StickyStick"},{"floor":45.0,"key":"Blood Vial"},{"floor":48.0,"key":"Toxic Egg 2"},{"floor":52.0,"key":"StrikeDummy"}],"event_choices":[{"damage_healed":0.0,"max_hp_gain":0.0,"max_hp_loss":0.0,"gold_gain":0.0,"cards_transformed":["bronze:Strike"],"event_name":"Living Wall","player_choice":"Change","floor":12.0,"gold_loss":0.0,"damage_taken":0.0,"cards_obtained":["bronze:Overheat"]},{"damage_healed":0.0,"max_hp_gain":0.0,"max_hp_loss":0.0,"gold_gain":0.0,"event_name":"Addict","player_choice":"Stole Relic","floor":27.0,"gold_loss":0.0,"damage_taken":0.0,"relics_obtained":["Dream Catcher"],"cards_obtained":["Pride"]}],"is_beta":false,"boss_relics":[{"not_picked":["Velvet Choker","SacredBark"],"picked":"Busted Crown"},{"not_picked":["Fusion Hammer","Cursed Key"],"picked":"Calling Bell"}],"items_purged_floors":[3,29,38],"is_endless":false,"potions_floor_spawned":[5,6,8,15,20,21,30,31,32,37,42,44,49],"ascension_level":2}}