{"host":"2i1rjl87isetstuj","time":1611991969,"event":{"mods":["BaseMod","Better Vampires","Challenge The Spire","Lobotomy","LobotomyExtend","Marked Mod","Minty Spire (QoL Compilation)","Quick Restart","Shop Mod","StSLib","Waifu the Spire","óô»ðÖ¸ÄÏ"],"gold_per_floor":[109,284,302,302,74,89,102,177,127,138,164,64,99,126,142,152,183,183,183,183,183,183],"floor_reached":16,"language":"ZHS","playtime":942,"items_purged":["Strike_R","Strike_R"],"score":130,"play_id":"bd9bc989-bd6c-4104-8afc-e7f25e2f6d6f","local_time":"20210130153249","is_ascension_mode":true,"campfire_choices":[{"floor":15,"key":"REST"}],"circlet_count":0,"master_deck":["Defend_R","Defend_R","Defend_R+1","Defend_R","Bash","QueenBee","Thunderclap","Doubt","Rudolta","Carnage","Bloodbath","Reaper","Pommel Strike","Scarecrow","Combust+1","Yin","Alriune","Sword Boomerang","Woodsman"],"relics":["Burning Blood","CogitoBucket","Vajra","LetterFromLob","MealTicket","RedMistMask","White Beast Statue","Paper Frog","Golden Idol","Yang_Lob"],"acts_visited":["Exordium"],"potions_floor_usage":[16,16,16],"damage_taken":[{"damage":6.0,"enemies":"Cultist","floor":1.0,"turns":3.0},{"damage":16.0,"enemies":"Jaw Worm","floor":3.0,"turns":4.0},{"damage":1.0,"enemies":"Small Slimes","floor":1.0,"turns":2.0},{"damage":0.0,"enemies":"2 Louse","floor":2.0,"turns":1.0},{"damage":6,"enemies":"Cultist","floor":5,"turns":3},{"damage":77,"enemies":"Lagavulin","floor":6,"turns":8},{"damage":30,"enemies":"3 Sentries","floor":8,"turns":4},{"damage":10,"enemies":"Looter","floor":10,"turns":3},{"damage":1,"enemies":"Large Slime","floor":11,"turns":3},{"damage":21,"enemies":"Lagavulin","floor":12,"turns":4},{"damage":66,"enemies":"The Guardian","floor":16,"turns":9}],"seed_played":"6665022144635538471","potions_obtained":[{"floor":8,"key":"Block Potion"},{"floor":11,"key":"LiquidBronze"},{"floor":12,"key":"SkillPotion"}],"is_trial":false,"path_per_floor":["M","?","M","?","$","E","M","M","?","?","M","E","R","E","T","M","M","E","?","?","R","B"],"character_chosen":"IRONCLAD","items_purchased":["Vajra"],"campfire_rested":1,"item_purchase_floors":[5],"current_hp_per_floor":[80,80,70,80,80,80,80,69,69,76,69,69,56,56,52,57,43,27,7,31,0,0],"gold":183,"neow_bonus":"","is_daily":false,"chose_seed":false,"campfire_upgraded":0,"win_rate":0.0,"timestamp":1611991969,"path_taken":["M","?","M","?","$","E","M","M","?","?","M","E","R","E","T","M","M","E","?","?","R","BOSS"],"items_purchased_type":["Relic"],"build_version":"2020-12-22","purchased_purges":2,"victory":false,"max_hp_per_floor":[80,80,80,80,80,80,80,80,80,80,80,80,80,80,80,80,80,80,80,80,80,80],"card_choices":[{"not_picked":["VoidDream","FairyFestival","OSAHOGD"],"picked":"Singing Bowl","floor":1.0},{"not_picked":["UniverseFragment","MeatLantern"],"picked":"QueenBee","floor":1.0},{"not_picked":["Intimidate","Pommel Strike"],"picked":"Thunderclap","floor":1.0},{"not_picked":["BeautyBeast","PunishingBird"],"picked":"Rudolta","floor":3.0},{"not_picked":["Thunderclap","Clothesline"],"picked":"Carnage","floor":3.0},{"not_picked":["PunishingBird","Scorched","Murderer"],"picked":"Singing Bowl","floor":1.0},{"not_picked":["WallGazer","Wellcheers"],"picked":"Bloodbath","floor":1.0},{"not_picked":["Bloodletting","Cleave"],"picked":"Reaper","floor":1.0},{"not_picked":["BeautyBeast","MeatLantern","WallGazer"],"picked":"Singing Bowl","floor":2.0},{"not_picked":["Infernal Blade","Flex"],"picked":"Pommel Strike","floor":2.0},{"not_picked":["CherryBlossoms","OldLady","BeautyBeast"],"picked":"Singing Bowl","floor":5},{"not_picked":["QueenOfHatred","ShyLook"],"picked":"Scarecrow","floor":5},{"not_picked":["Entrench","Clash","Rage"],"picked":"SKIP","floor":5},{"not_picked":["WallGazer","DreamingCurrent","MHz"],"picked":"Singing Bowl","floor":6},{"not_picked":["Ghostly Armor","Perfected Strike"],"picked":"Combust","floor":6},{"not_picked":["OldLady","DreamingCurrent","WhitesApple"],"picked":"Singing Bowl","floor":8},{"not_picked":["WhitesApple","CrumblingArmor"],"picked":"Yin","floor":8},{"not_picked":["Havoc","Feed","Intimidate"],"picked":"SKIP","floor":8},{"not_picked":["WallGazer","SpiderBud","MHz"],"picked":"Singing Bowl","floor":10},{"not_picked":["Sentinel","Warcry","Dual Wield"],"picked":"SKIP","floor":10},{"not_picked":["Scorched","Wellcheers","VoidDream"],"picked":"Singing Bowl","floor":11},{"not_picked":["PunishingBird","CherryBlossoms"],"picked":"Alriune","floor":11},{"not_picked":["Anger","Iron Wave"],"picked":"Sword Boomerang","floor":11},{"not_picked":["BeautyBeast","ShyLook","FairyFestival"],"picked":"Singing Bowl","floor":12},{"not_picked":["Wellcheers","FairyFestival"],"picked":"Woodsman","floor":12},{"not_picked":["Perfected Strike","Reckless Charge","Brutality"],"picked":"SKIP","floor":12}],"player_experience":115937,"relics_obtained":[{"floor":3.0,"key":"LetterFromLob"},{"floor":1.0,"key":"LetterFromLob"},{"floor":6,"key":"MealTicket"},{"floor":8,"key":"RedMistMask"},{"floor":8,"key":"White Beast Statue"},{"floor":12,"key":"Paper Frog"}],"event_choices":[{"damage_healed":0.0,"max_hp_gain":0.0,"max_hp_loss":0.0,"gold_gain":175.0,"event_name":"Liars Game","player_choice":"AGREE","floor":2.0,"gold_loss":0.0,"damage_taken":0.0,"cards_obtained":["Doubt"]},{"damage_healed":0.0,"max_hp_gain":0.0,"max_hp_loss":0.0,"gold_gain":75.0,"event_name":"World of Goop","player_choice":"Gather Gold","floor":3.0,"gold_loss":0.0,"damage_taken":11.0},{"cards_removed":["Strike_R"],"damage_healed":0.0,"max_hp_gain":0.0,"max_hp_loss":0.0,"gold_gain":0.0,"event_name":"The Cleric","player_choice":"Card Removal","floor":4.0,"gold_loss":50.0,"damage_taken":0.0},{"damage_healed":0,"gold_gain":0,"player_choice":"Entered Light","damage_taken":16,"max_hp_gain":0,"max_hp_loss":0,"event_name":"Shining Light","floor":13,"gold_loss":0,"cards_upgraded":["Defend_R","Combust"]},{"damage_healed":0,"gold_gain":0,"player_choice":"Take Damage","damage_taken":20,"relics_obtained":["Golden Idol"],"max_hp_gain":0,"max_hp_loss":0,"event_name":"Golden Idol","floor":14,"gold_loss":0}],"is_beta":false,"boss_relics":[],"items_purged_floors":[5,7],"is_endless":false,"potions_floor_spawned":[8,10,11,12],"killed_by":"The Guardian","ascension_level":1}}