{"host":"ow66nzv2xecjoor3","time":1611991054,"event":{"mods":["BaseMod","Bestiary","Block Reminder","Colored Powertips","Curses Come First","Highlight Path","Keyboard Shortcuts","Minty Spire (QoL Compilation)","Permanent Neow","Relic Stats","StSLib","UnlockEverythingMod"],"gold_per_floor":[111,129,147,167,167,167,201,201,249,269,269,292,316,331,331,429,429,442,461,461,461,461],"floor_reached":21,"language":"ENG","playtime":858,"items_purged":[],"score":370,"play_id":"35adf09c-2670-4d07-947b-b31ccec1fbba","local_time":"20210130011734","is_ascension_mode":true,"campfire_choices":[{"data":"Whirlwind","floor":6.0,"key":"SMITH"},{"floor":8.0,"key":"REST"},{"data":"Clothesline","floor":11.0,"key":"SMITH"},{"data":"Bash","floor":15,"key":"SMITH"}],"circlet_count":0,"master_deck":["AscendersBane","Strike_R","Strike_R","Strike_R","Strike_R","Strike_R","Defend_R","Defend_R","Defend_R","Defend_R","Bash+1","Whirlwind+1","Feel No Pain","Combust","Headbutt","Power Through","Clothesline+1","Berserk","Double Tap","Reckless Charge","Armaments+1"],"relics":["Burning Blood","Torii","Bloody Idol","Shuriken","Runic Cube"],"acts_visited":["Exordium","TheCity"],"potions_floor_usage":[16,16,19,21,21],"damage_taken":[{"damage":2.0,"enemies":"2 Louse","floor":1.0,"turns":4.0},{"damage":1.0,"enemies":"Small Slimes","floor":2.0,"turns":3.0},{"damage":13.0,"enemies":"Jaw Worm","floor":3.0,"turns":3.0},{"damage":15.0,"enemies":"Gremlin Gang","floor":4.0,"turns":3.0},{"damage":13.0,"enemies":"3 Sentries","floor":7.0,"turns":3.0},{"damage":1.0,"enemies":"Exordium Wildlife","floor":10.0,"turns":3.0},{"damage":12.0,"enemies":"Large Slime","floor":12.0,"turns":5.0},{"damage":1,"enemies":"2 Fungi Beasts","floor":13,"turns":2},{"damage":0,"enemies":"Lots of Slimes","floor":14,"turns":1},{"damage":41,"enemies":"The Guardian","floor":16,"turns":12},{"damage":45,"enemies":"Spheric Guardian","floor":18,"turns":6},{"damage":1,"enemies":"3 Byrds","floor":19,"turns":4},{"damage":39,"enemies":"Shelled Parasite and Fungi","floor":21,"turns":5}],"seed_played":"-6056613160083807599","potions_obtained":[{"floor":1.0,"key":"Strength Potion"},{"floor":2.0,"key":"PowerPotion"},{"floor":13,"key":"Swift Potion"},{"floor":16,"key":"FearPotion"},{"floor":18,"key":"Energy Potion"},{"floor":19,"key":"LiquidMemories"}],"is_trial":false,"path_per_floor":["M","M","M","M","?","R","E","R","T","M","R","M","M","M","R","B",null,"M","M","?","M"],"character_chosen":"IRONCLAD","items_purchased":[],"campfire_rested":1,"item_purchase_floors":[],"current_hp_per_floor":[54,59,52,43,17,17,10,32,32,37,37,31,36,42,42,7,58,19,24,24,0,0],"gold":461,"neow_bonus":"ONE_RARE_RELIC","is_daily":false,"chose_seed":false,"campfire_upgraded":3,"win_rate":0.0,"timestamp":1611991054,"path_taken":["M","M","M","M","?","R","E","R","T","M","R","M","M","M","R","BOSS","M","M","?","M"],"items_purchased_type":[],"build_version":"2020-12-22","purchased_purges":0,"victory":false,"max_hp_per_floor":[75,75,75,75,75,75,75,75,75,75,75,75,75,75,75,75,75,75,75,75,75,75],"relic_stats":{"Torii":45,"counters":[13,54],"Shuriken":[2],"Bloody Idol":0,"obtain_stats":[{"Torii":0,"Golden Idol":5,"Shuriken":7,"Bloody Idol":20,"Burning Blood":0,"Runic Cube":17},{"Torii":0,"Golden Idol":4,"Shuriken":5,"Bloody Idol":12,"Burning Blood":0,"Runic Cube":10},{"Torii":0,"Golden Idol":13,"Shuriken":16,"Bloody Idol":49,"Burning Blood":0,"Runic Cube":39}],"Burning Blood":72,"Runic Cube":[14]},"card_choices":[{"not_picked":["Armaments","Bloodletting"],"picked":"Whirlwind","floor":1.0},{"not_picked":["Body Slam","Twin Strike"],"picked":"Feel No Pain","floor":2.0},{"not_picked":["Thunderclap","Flex"],"picked":"Combust","floor":3.0},{"not_picked":["Shrug It Off","Second Wind"],"picked":"Headbutt","floor":4.0},{"not_picked":["Thunderclap","Havoc"],"picked":"Power Through","floor":7.0},{"not_picked":["Heavy Blade","Thunderclap"],"picked":"Clothesline","floor":10.0},{"not_picked":["Perfected Strike","Armaments"],"picked":"Berserk","floor":12.0},{"not_picked":["Clash","Headbutt","Cleave"],"picked":"SKIP","floor":13},{"not_picked":["Entrench","Clash","Rage"],"picked":"SKIP","floor":14},{"not_picked":["Immolate","Offering"],"picked":"Double Tap","floor":16},{"not_picked":["Pummel","Shrug It Off"],"picked":"Reckless Charge","floor":18},{"not_picked":["Pummel","Carnage"],"picked":"Armaments+1","floor":19}],"player_experience":2767218,"relics_obtained":[{"floor":7.0,"key":"Shuriken"}],"event_choices":[{"damage_healed":0.0,"max_hp_gain":0.0,"max_hp_loss":0.0,"gold_gain":0.0,"event_name":"Golden Idol","player_choice":"Take Damage","floor":5.0,"gold_loss":0.0,"damage_taken":26.0,"relics_obtained":["Golden Idol"]},{"damage_healed":0,"gold_gain":0,"player_choice":"Gave Idol","damage_taken":0,"relics_obtained":["Bloody Idol"],"max_hp_gain":0,"max_hp_loss":0,"event_name":"Forgotten Altar","floor":20,"relics_lost":["Golden Idol"],"gold_loss":0}],"is_beta":false,"boss_relics":[{"not_picked":["Tiny House","Black Star"],"picked":"Runic Cube"}],"items_purged_floors":[],"is_endless":false,"potions_floor_spawned":[1,2,3,13,16,18,19],"killed_by":"Shelled Parasite and Fungi","ascension_level":20}}