{"host":"15dd7v8o90xso62x","time":1611997651,"event":{"mods":["BaseMod","Minty Spire (QoL Compilation)","Quick Restart","StSLib","SuperFastMode"],"gold_per_floor":[116,116,136,136,148,182,182,182,209,226,237,237,267,25,25,25,25],"floor_reached":16,"language":"KOR","playtime":365,"items_purged":["Strike_G"],"score":220,"play_id":"06c51151-ca93-445e-aaa9-f68d2edc4359","local_time":"20210130180731","is_ascension_mode":true,"campfire_choices":[{"data":"Crippling Poison","floor":7.0,"key":"SMITH"},{"data":"Skewer","floor":12,"key":"SMITH"},{"data":"Neutralize","floor":15,"key":"SMITH"}],"circlet_count":0,"master_deck":["AscendersBane","Strike_G+1","Strike_G","Strike_G","Strike_G","Defend_G","Defend_G","Defend_G","Defend_G","Defend_G","Survivor+1","Neutralize+1","Dagger Throw","Backstab","Skewer+1","Crippling Poison+1"],"relics":["Ring of the Snake","NeowsBlessing","Pear","Omamori","Akabeko","Oddly Smooth Stone","Pen Nib","Bag of Preparation"],"acts_visited":["Exordium"],"potions_floor_usage":[13,16,16],"damage_taken":[{"damage":0.0,"enemies":"Small Slimes","floor":1.0,"turns":1.0},{"damage":0.0,"enemies":"Cultist","floor":3.0,"turns":1.0},{"damage":0.0,"enemies":"Jaw Worm","floor":5.0,"turns":1.0},{"damage":18.0,"enemies":"Gremlin Nob","floor":6.0,"turns":4.0},{"damage":2.0,"enemies":"Exordium Thugs","floor":10.0,"turns":3.0},{"damage":0,"enemies":"Blue Slaver","floor":11,"turns":1},{"damage":17,"enemies":"Lagavulin","floor":13,"turns":4},{"damage":10,"enemies":"Hexaghost","floor":16,"turns":9}],"seed_played":"5723243200707022813","potions_obtained":[{"floor":3.0,"key":"FearPotion"},{"floor":6.0,"key":"SteroidPotion"},{"floor":11,"key":"EssenceOfSteel"},{"floor":13,"key":"PowerPotion"}],"is_trial":false,"path_per_floor":["M","?","M","?","M","E","R","T","T","M","M","R","E","$","R","B"],"character_chosen":"THE_SILENT","items_purchased":["Bag of Preparation"],"campfire_rested":0,"item_purchase_floors":[14],"current_hp_per_floor":[59,39,39,49,49,31,31,31,31,29,29,29,12,12,12,2,2],"gold":25,"neow_bonus":"THREE_ENEMY_KILL","is_daily":false,"chose_seed":false,"campfire_upgraded":3,"win_rate":0.0,"timestamp":1611997651,"path_taken":["M","?","M","?","?","E","R","?","T","M","M","R","E","$","R","BOSS"],"items_purchased_type":["Relic"],"build_version":"2020-12-22","purchased_purges":1,"victory":false,"max_hp_per_floor":[66,66,66,76,76,76,76,76,76,76,76,76,76,76,76,76,76],"card_choices":[{"not_picked":["Quick Slash","Eviscerate"],"picked":"Dagger Throw","floor":1.0},{"not_picked":["Cloak And Dagger","Dagger Throw"],"picked":"Backstab","floor":3.0},{"not_picked":["Predator","Accuracy"],"picked":"Skewer","floor":5.0},{"not_picked":["Deflect","Endless Agony"],"picked":"Crippling Poison","floor":6.0},{"not_picked":["Concentrate","Blade Dance","Cloak And Dagger"],"picked":"SKIP","floor":10.0},{"not_picked":["Leg Sweep","Choke","Cloak And Dagger"],"picked":"SKIP","floor":11},{"not_picked":["Leg Sweep","Finisher","Storm of Steel"],"picked":"SKIP","floor":13}],"player_experience":902782,"relics_obtained":[{"floor":6.0,"key":"Omamori"},{"floor":8.0,"key":"Akabeko"},{"floor":9.0,"key":"Oddly Smooth Stone"},{"floor":13,"key":"Pen Nib"}],"event_choices":[{"damage_healed":0.0,"max_hp_gain":0.0,"max_hp_loss":0.0,"gold_gain":0.0,"event_name":"Shining Light","player_choice":"Entered Light","floor":2.0,"gold_loss":0.0,"damage_taken":20.0,"cards_upgraded":["Survivor","Strike_G"]},{"damage_healed":0.0,"max_hp_gain":0.0,"max_hp_loss":0.0,"gold_gain":0.0,"event_name":"WeMeetAgain","player_choice":"Gave Potion","floor":4.0,"gold_loss":0.0,"damage_taken":0.0,"relics_obtained":["Pear"]}],"is_beta":false,"boss_relics":[],"items_purged_floors":[14],"is_endless":false,"potions_floor_spawned":[3,6,11,13],"killed_by":"Hexaghost","ascension_level":20}}