{"host":"2t0ddmgeopc3yqug","time":1611989406,"event":{"mods":["AchievementEnabler","BaseMod","BetterRewards","Colored Map","Colored Powertips","Hermit","Marisa£¨Ùöéë¡¡Øª×âÞÞ£©","Minty Spire (QoL Compilation)","Rare Cards Sparkle","Shop Mod","StSLib","SuperFastMode","The Cursed","The Poker Player","everything is the same but u backflip on backflip"],"gold_per_floor":[109,109,109,109,38,38,70,22,22,39,39,50,63,81,81,179,179,190,201,26,41,41,41,74,94,120,153,153,178,198,163,163,265,265,283,294,307,352,352,352,352],"floor_reached":40,"language":"KOR","playtime":2290,"items_purged":["Defend_R","Defend_R","Strike_R","Strike_R","Defend_R"],"score":518,"play_id":"5d61a095-c61c-44c6-9406-2a9594143e62","local_time":"20210130155005","is_ascension_mode":true,"campfire_choices":[{"floor":6.0,"key":"REST"},{"data":"Limit Break","floor":11.0,"key":"SMITH"},{"data":"Flex","floor":15.0,"key":"SMITH"},{"data":"Inflame","floor":23.0,"key":"SMITH"},{"data":"Bloodletting","floor":28,"key":"SMITH"},{"floor":32,"key":"REST"}],"circlet_count":0,"master_deck":["Strike_R+1","Defend_R","Bash+1","Limit Break+1","Flex+1","Inflame+1","Bloodletting+1","Dropkick","Inflame"],"relics":["Burning Blood","Torii","Meat on the Bone","Shuriken","Busted Crown","CaptainsWheel","Bottled Lightning","Regal Pillow","Ice Cream","InkBottle","Runic Pyramid","Magic Flower"],"acts_visited":["Exordium","TheCity","TheBeyond"],"potions_floor_usage":[24,24,27,35],"damage_taken":[{"damage":1.0,"enemies":"2 Louse","floor":1.0,"turns":3.0},{"damage":10.0,"enemies":"Gremlin Nob","floor":7.0,"turns":3.0},{"damage":13.0,"enemies":"Jaw Worm","floor":10.0,"turns":3.0},{"damage":6.0,"enemies":"Cultist","floor":12.0,"turns":3.0},{"damage":13.0,"enemies":"Red Slaver","floor":13.0,"turns":3.0},{"damage":11.0,"enemies":"Blue Slaver","floor":14.0,"turns":3.0},{"damage":24.0,"enemies":"Hexaghost","floor":16.0,"turns":7.0},{"damage":7.0,"enemies":"Chosen","floor":18.0,"turns":3.0},{"damage":6.0,"enemies":"Spheric Guardian","floor":19.0,"turns":3.0},{"damage":4.0,"enemies":"3 Cultists","floor":21.0,"turns":4.0},{"damage":16,"enemies":"Slavers","floor":24,"turns":4},{"damage":0,"enemies":"Snecko","floor":25,"turns":2},{"damage":25,"enemies":"Book of Stabbing","floor":27,"turns":3},{"damage":1,"enemies":"Gremlin Leader","floor":29,"turns":5},{"damage":21,"enemies":"Centurion and Healer","floor":30,"turns":4},{"damage":26,"enemies":"Collector","floor":33,"turns":4},{"damage":18,"enemies":"3 Darklings","floor":35,"turns":4},{"damage":16,"enemies":"Orb Walker","floor":36,"turns":2},{"damage":4,"enemies":"Maw","floor":37,"turns":4},{"damage":44,"enemies":"2 Orb Walkers","floor":38,"turns":4},{"damage":59,"enemies":"Reptomancer","floor":40,"turns":2}],"seed_played":"5547719160349559472","potions_obtained":[{"floor":1.0,"key":"Weak Potion"},{"floor":10.0,"key":"CultistPotion"},{"floor":12.0,"key":"Fire Potion"},{"floor":13.0,"key":"Block Potion"},{"floor":18.0,"key":"Fire Potion"},{"floor":24,"key":"Explosive Potion"},{"floor":27,"key":"BlessingOfTheForge"},{"floor":33,"key":"LiquidMemories"},{"floor":37,"key":"SteroidPotion"},{"floor":38,"key":"AttackPotion"}],"is_trial":false,"path_per_floor":["M","?","?","T","$","R","E","$","T","M","R","M","M","M","R","B",null,"M","M","$","M","T","R","E","M","T","E","R","E","M","$","R","B",null,"M","M","M","?","?","E"],"character_chosen":"IRONCLAD","items_purchased":["Limit Break","Inflame","Block Potion","Inflame"],"campfire_rested":2,"item_purchase_floors":[0,5,8,31],"current_hp_per_floor":[49,33,26,26,26,50,46,46,46,51,51,51,56,51,51,45,80,79,79,79,80,80,80,70,76,76,57,57,62,47,47,80,60,80,68,58,60,34,34,0,0],"gold":352,"neow_bonus":"","is_daily":false,"chose_seed":false,"campfire_upgraded":4,"win_rate":0.0,"timestamp":1611989405,"path_taken":["M","?","?","?","$","R","E","?","T","M","R","?","M","M","R","BOSS","M","?","$","M","?","R","E","M","T","E","R","E","M","$","R","BOSS","M","M","M","?","?","E"],"items_purchased_type":["Card","Card","Potion","Card"],"build_version":"2020-12-22","purchased_purges":5,"victory":false,"max_hp_per_floor":[80,80,80,80,80,80,80,80,80,80,80,80,80,80,80,80,80,80,80,80,80,80,80,80,80,80,80,80,80,80,80,80,80,80,80,80,80,80,80,80,80],"card_choices":[{"not_picked":["Reckless Charge","Twin Strike"],"picked":"Flex","floor":1.0},{"not_picked":["Reckless Charge","Twin Strike"],"picked":"Bloodletting","floor":7.0},{"not_picked":["Shockwave","Fire Breathing","Evolve"],"picked":"SKIP","floor":10.0},{"not_picked":["Headbutt","Spot Weakness","Body Slam"],"picked":"SKIP","floor":12.0},{"not_picked":["Flex","Fire Breathing","Warcry"],"picked":"SKIP","floor":13.0},{"not_picked":["Infernal Blade","Headbutt","Sword Boomerang"],"picked":"SKIP","floor":14.0},{"not_picked":["Sword Boomerang+1"],"picked":"SKIP","floor":18.0},{"not_picked":["Dropkick"],"picked":"SKIP","floor":19.0},{"not_picked":[],"picked":"Dropkick","floor":19.0},{"not_picked":["Dual Wield"],"picked":"SKIP","floor":21.0},{"not_picked":["Shrug It Off"],"picked":"SKIP","floor":24},{"not_picked":["Second Wind"],"picked":"SKIP","floor":25},{"not_picked":["Brutality"],"picked":"SKIP","floor":27},{"not_picked":["Headbutt"],"picked":"SKIP","floor":29},{"not_picked":["Clothesline"],"picked":"SKIP","floor":30},{"not_picked":["Twin Strike"],"picked":"SKIP","floor":35},{"not_picked":["Intimidate"],"picked":"SKIP","floor":36},{"not_picked":["Shrug It Off"],"picked":"SKIP","floor":37}],"player_experience":114015,"relics_obtained":[{"floor":4.0,"key":"Torii"},{"floor":7.0,"key":"Meat on the Bone"},{"floor":9.0,"key":"Shuriken"},{"floor":22.0,"key":"CaptainsWheel"},{"floor":24,"key":"Bottled Lightning"},{"floor":26,"key":"Regal Pillow"},{"floor":27,"key":"Ice Cream"},{"floor":29,"key":"InkBottle"},{"floor":38,"key":"Magic Flower"}],"event_choices":[{"damage_healed":0.0,"max_hp_gain":0.0,"max_hp_loss":0.0,"gold_gain":0.0,"event_name":"Shining Light","player_choice":"Entered Light","floor":2.0,"gold_loss":0.0,"damage_taken":16.0,"cards_upgraded":["Bash","Strike_R"]},{"cards_removed":["Strike_R"],"damage_healed":0.0,"max_hp_gain":0.0,"max_hp_loss":0.0,"gold_gain":0.0,"event_name":"Golden Wing","player_choice":"Card Removal","floor":3.0,"gold_loss":0.0,"damage_taken":7.0},{"damage_healed":0,"gold_gain":0,"player_choice":"Fight","damage_taken":0,"max_hp_gain":0,"max_hp_loss":0,"event_name":"Mysterious Sphere","floor":38,"gold_loss":0},{"cards_removed":["Strike_R"],"damage_healed":0,"gold_gain":0,"player_choice":"Purged","damage_taken":0,"max_hp_gain":0,"max_hp_loss":0,"event_name":"Purifier","floor":39,"gold_loss":0}],"is_beta":false,"boss_relics":[{"not_picked":["Ectoplasm","Philosopher\u0027s Stone"],"picked":"Busted Crown"},{"not_picked":["Pandora\u0027s Box","Cursed Key"],"picked":"Runic Pyramid"}],"items_purged_floors":[0,0,0,0,20],"is_endless":false,"potions_floor_spawned":[1,10,12,13,18,24,27,33,37,38],"killed_by":"Reptomancer","ascension_level":2}}