{"host":"bcxgpd1eu8czocm9","time":1611996642,"event":{"mods":["BaseMod","Downfall","Minty Spire (QoL Compilation)","Quick Restart","Replay The Spire","Spicy Shops","StSLib","¡¾ÒÅÎï¿¨ÅÆ¡¿REMEMod"],"gold_per_floor":[111,126,144,157,171,171,171,186,57,72,91,111,111,19,19,19,19,19],"floor_reached":16,"language":"ZHS","playtime":672,"items_purged":[],"score":98,"play_id":"cbce3806-104c-4f92-92a2-a47463d01413","local_time":"20210130165042","is_ascension_mode":false,"campfire_choices":[{"floor":13,"key":"REST"},{"data":"champ:CheapShot","floor":15,"key":"SMITH"}],"circlet_count":0,"master_deck":["champ:Strike","champ:Strike","champ:Strike","champ:Defend","champ:Defend","champ:Defend","champ:Defend","champ:Execute","champ:Taunt","Echo Form","champ:RisingSlash","champ:DefensiveShout","champ:RageSigil","champ:ShieldSlam","champ:EnchantSword","champ:DancingMaster","champ:DefensiveStyle","champ:ShieldWall","champ:BringItOn","champ:CheapShot+1"],"relics":["champ:ChampionCrown","REME_ComplimentaryCards","Replay:Bottled Flurry","Guardian:BottledAnomaly"],"acts_visited":["Exordium"],"potions_floor_usage":[16],"damage_taken":[{"damage":29,"enemies":"Small Slimes","floor":1,"turns":3},{"damage":30,"enemies":"Cultist","floor":2,"turns":4},{"damage":9,"enemies":"2 Louse","floor":3,"turns":3},{"damage":41,"enemies":"Exordium Thugs","floor":4,"turns":4},{"damage":13,"enemies":"2 Fungi Beasts","floor":5,"turns":3},{"damage":13,"enemies":"Red Slaver","floor":8,"turns":3},{"damage":20,"enemies":"downfall:FleeingMerchant","floor":9,"turns":4},{"damage":33,"enemies":"Gremlin Gang","floor":10,"turns":4},{"damage":7,"enemies":"Large Slime","floor":11,"turns":4},{"damage":3,"enemies":"Red Slaver","floor":12,"turns":5},{"damage":18,"enemies":"downfall:FleeingMerchant","floor":14,"turns":4},{"damage":26,"enemies":"SI_SHIV_ARCHETYPE","floor":16,"turns":5}],"seed_played":"-1078826824361446967","potions_obtained":[{"floor":4,"key":"champ:OpenerPotion"},{"floor":8,"key":"champ:OpenerPotion"},{"floor":10,"key":"Adrenaline Potion"},{"floor":11,"key":"SkillPotion"}],"is_trial":false,"path_per_floor":["M","M","M","M","M","?","T","M","$","M","M","M","R","$","R","B"],"character_chosen":"THE_CHAMP","items_purchased":["champ:ShieldWall","Guardian:BottledAnomaly"],"campfire_rested":1,"item_purchase_floors":[9,14],"current_hp_per_floor":[90,80,71,50,37,37,37,34,34,8,8,5,34,26,26,0,0,0],"gold":19,"neow_bonus":"TEN_PERCENT_HP_BONUS","is_daily":false,"chose_seed":false,"campfire_upgraded":1,"win_rate":0.0,"timestamp":1611996642,"path_taken":["M","M","M","M","M","?","T","M","?","M","?","M","R","$","R","BOSS"],"items_purchased_type":["Card","Relic"],"build_version":"2020-12-22","purchased_purges":0,"victory":false,"max_hp_per_floor":[99,99,99,99,99,99,99,99,99,99,99,99,99,99,99,99,99,99],"card_choices":[{"not_picked":["champ:CrownThrow","champ:PerfectedStrike"],"picked":"champ:RisingSlash","floor":1},{"not_picked":["champ:StanceDance","champ:PreciseThrust"],"picked":"champ:DefensiveShout","floor":2},{"not_picked":["champ:PerfectedStrike","champ:BladeFlurry"],"picked":"champ:RageSigil","floor":3},{"not_picked":["champ:Encircle","champ:StanceDance"],"picked":"champ:ShieldSlam","floor":4},{"not_picked":["champ:StanceDance","champ:PerfectedStrike"],"picked":"champ:EnchantSword","floor":5},{"not_picked":["champ:FlashCut","champ:SkillfulDodge","champ:ViciousMockery"],"picked":"SKIP","floor":8},{"not_picked":["champ:StanceDance","champ:ShieldSigil"],"picked":"champ:DefensiveStyle","floor":9},{"not_picked":["champ:Circumvent","champ:FlashCut"],"picked":"champ:BringItOn","floor":10},{"not_picked":["champ:DefensiveShout","champ:GutPunch","champ:CrookedStrike"],"picked":"SKIP","floor":11},{"not_picked":["champ:BerserkerStyle","champ:BladeFlurry","champ:RecklessLeap"],"picked":"SKIP","floor":12},{"not_picked":["champ:AdrenalArmor","champ:TornadoPunch"],"picked":"champ:CheapShot","floor":14}],"player_experience":434645,"relics_obtained":[{"floor":7,"key":"Replay:Bottled Flurry"}],"event_choices":[],"is_beta":false,"boss_relics":[],"items_purged_floors":[],"is_endless":false,"potions_floor_spawned":[4,8,10,11],"killed_by":"SI_SHIV_ARCHETYPE","ascension_level":0}}