{"host":"2i1rjl87isetstuj","time":1611982826,"event":{"mods":["BaseMod","Better Vampires","Challenge The Spire","Lobotomy","LobotomyExtend","Marked Mod","Minty Spire (QoL Compilation)","Quick Restart","Shop Mod","StSLib","Waifu the Spire","óô»ðÖ¸ÄÏ"],"gold_per_floor":[7000,6136,6136,6136,6136,6163,6173,6348,6348,6367,5419,5419,5454,5471,4734,4734,4734],"floor_reached":16,"language":"ZHS","playtime":562,"items_purged":["Strike_P","Strike_P","Doubt"],"score":113,"play_id":"7bf1a72e-3623-4e9d-8375-3cf4a2d4cb24","local_time":"20210130130026","is_ascension_mode":true,"campfire_choices":[],"circlet_count":0,"master_deck":["Strike_P","Strike_P","Defend_P+1","Defend_P","Defend_P","Defend_P","Eruption","Vigilance","QueenOfHatred","FollowUp+1","Fasting2+1","Collect","Porccubus","MarkedMod:SlowDance","Bloodbath","MarkedMod:GracefulMovements","OldLady","BowlingBash+1","MarkedMod:GracefulMovements","MarkedMod:GentlePulse+1","Worship","Master of Strategy","Consecrate+1","PlagueDoctor","Conclude+1","BlueStar","MarkedMod:GentlePulse","Worship","MarkedMod:GracefulMovements"],"relics":["PureWater","CogitoBucket","LetterFromLob","Darkstone Periapt","Question Card","Frozen Eye","Lantern","Boot","Molten Egg 2","PreservedInsect","Sling","Orichalcum","War Paint","Singing Bowl","ChangeAnything","Melange","Damaru","Centennial Puzzle"],"acts_visited":["Exordium"],"potions_floor_usage":[],"damage_taken":[{"damage":0,"enemies":"Small Slimes","floor":1,"turns":2},{"damage":33,"enemies":"Lagavulin","floor":6,"turns":6},{"damage":6,"enemies":"2 Louse","floor":7,"turns":3},{"damage":7,"enemies":"Jaw Worm","floor":10,"turns":3},{"damage":13,"enemies":"3 Sentries","floor":13,"turns":2},{"damage":7,"enemies":"Exordium Thugs","floor":14,"turns":2},{"damage":29,"enemies":"Slime Boss","floor":16,"turns":3}],"seed_played":"-6253990521479700382","potions_obtained":[{"floor":10,"key":"BottledMiracle"},{"floor":14,"key":"Explosive Potion"}],"is_trial":false,"path_per_floor":["M","$","?","?","?","E","M","?","T","M","$","T","E","M","R","B"],"character_chosen":"WATCHER","items_purchased":["Fasting2","Darkstone Periapt","Question Card","Frozen Eye","Collect","MarkedMod:GracefulMovements","MarkedMod:GentlePulse","PreservedInsect","Sling","Orichalcum","Worship","Master of Strategy","Consecrate+1","Melange","Damaru","Centennial Puzzle","Worship","MarkedMod:GracefulMovements"],"campfire_rested":0,"item_purchase_floors":[2,2,2,2,2,11,11,11,11,11,11,11,11,15,15,15,15,15],"current_hp_per_floor":[72,72,78,71,55,22,16,22,22,22,22,22,15,15,15,0,0],"gold":4734,"neow_bonus":"","is_daily":false,"chose_seed":false,"campfire_upgraded":0,"win_rate":0.0,"timestamp":1611982826,"path_taken":["M","$","?","?","?","E","M","?","T","?","?","?","E","M","R","BOSS"],"items_purchased_type":["Card","Relic","Relic","Relic","Card","Card","Card","Relic","Relic","Relic","Card","Card","Card","Relic","Relic","Relic","Card","Card"],"build_version":"2020-12-22","purchased_purges":3,"victory":false,"max_hp_per_floor":[72,72,78,78,78,78,78,84,84,84,84,84,84,84,84,84,84],"card_choices":[{"not_picked":["Variant","BlackSwan"],"picked":"QueenOfHatred","floor":1},{"not_picked":["Evaluate","WreathOfFlame"],"picked":"FollowUp","floor":1},{"not_picked":["Variant","Wellcheers"],"picked":"Porccubus","floor":6},{"not_picked":["WaveOfTheHand","JustLucky","Crescendo"],"picked":"MarkedMod:SlowDance","floor":6},{"not_picked":["Wellcheers","BlackSwan"],"picked":"Bloodbath","floor":7},{"not_picked":["JustLucky","CrushJoints","MarkedMod:GentlePulse"],"picked":"MarkedMod:GracefulMovements","floor":7},{"not_picked":["FairyFestival","CrumblingArmor"],"picked":"OldLady","floor":10},{"not_picked":["Evaluate","Scrawl","EmptyFist+1"],"picked":"BowlingBash+1","floor":10},{"not_picked":["CherryBlossoms","VoidDream"],"picked":"PlagueDoctor","floor":13},{"not_picked":["FollowUp+1","InnerPeace","Wireheading"],"picked":"Conclude+1","floor":13},{"not_picked":["VoidDream","FieryBird"],"picked":"BlueStar","floor":14},{"not_picked":["JustLucky+1","CutThroughFate+1","ThirdEye"],"picked":"MarkedMod:GentlePulse","floor":14}],"player_experience":107761,"relics_obtained":[{"floor":1,"key":"LetterFromLob"},{"floor":6,"key":"Boot"},{"floor":9,"key":"Molten Egg 2"},{"floor":12,"key":"War Paint"},{"floor":13,"key":"Singing Bowl"}],"event_choices":[{"damage_healed":0,"gold_gain":0,"player_choice":"Box","damage_taken":0,"relics_obtained":["Lantern"],"max_hp_gain":0,"max_hp_loss":0,"event_name":"Big Fish","floor":3,"gold_loss":0,"cards_obtained":["Regret"]},{"cards_removed":["Regret"],"damage_healed":0,"gold_gain":0,"player_choice":"Card Removal","damage_taken":7,"max_hp_gain":0,"max_hp_loss":0,"event_name":"Golden Wing","floor":4,"gold_loss":0},{"damage_healed":0,"gold_gain":0,"player_choice":"Entered Light","damage_taken":16,"max_hp_gain":0,"max_hp_loss":0,"event_name":"Shining Light","floor":5,"gold_loss":0,"cards_upgraded":["FollowUp","Fasting2"]},{"damage_healed":0,"gold_gain":175,"player_choice":"AGREE","damage_taken":0,"max_hp_gain":0,"max_hp_loss":0,"event_name":"Liars Game","floor":8,"gold_loss":0,"cards_obtained":["Doubt"]}],"is_beta":false,"boss_relics":[],"items_purged_floors":[2,11,15],"is_endless":false,"potions_floor_spawned":[10,14],"killed_by":"Slime Boss","ascension_level":1}}