{"host":"osk2oboccoevp2u5","time":1611987351,"event":{"mods":["AchievementEnabler","Alarm Clock","BaseMod","Colored Powertips","Disable Question Mark Monsters","Displayed Cursed Tome","Hermit","Key Reminder","Minty Spire (QoL Compilation)","Potion Indicator Mod","Quick Restart","Rare Cards Sparkle","Reorder Act Four","StSLib","Useless Jewels Mod"],"gold_per_floor":[116,291,70,70,81,81,81,81,81,91,120,138,138,138,138,235,235,252,264,20,120,136,136,149,168,168,193,193,193,221,221,221,317,317,333,350,350,1,1,1,33,57,69,41,69,81,112,138,150,162,162],"floor_reached":50,"language":"ENG","playtime":2774,"items_purged":["Doubt","hermit:Strike_Hermit","hermit:Strike_Hermit"],"score":680,"play_id":"ce208293-2c11-40c2-8f21-3dbafab5b88e","local_time":"20210130021551","is_ascension_mode":true,"campfire_choices":[{"data":"hermit:Glare","floor":6,"key":"SMITH"},{"data":"Purity","floor":8,"key":"SMITH"},{"data":"hermit:Covet","floor":13,"key":"SMITH"},{"data":"hermit:Snapshot","floor":15,"key":"SMITH"},{"floor":23,"key":"REST"},{"floor":28,"key":"REST"},{"floor":32,"key":"REST"},{"floor":40,"key":"RECALL"},{"floor":46,"key":"REST"},{"data":"hermit:Headshot","floor":49,"key":"SMITH"}],"circlet_count":0,"master_deck":["hermit:Strike_Hermit","hermit:Defend_Hermit","hermit:Defend_Hermit+1","hermit:Defend_Hermit+1","hermit:Defend_Hermit","hermit:Snapshot+1","hermit:Covet+1","hermit:Strike_Hermit","Purity+1","hermit:Roulette","hermit:LoneWolf","hermit:Roughhouse","hermit:GoldenBullet+1","hermit:ItchyTrigger","hermit:Headshot+1","hermit:RoundhouseKick+1","hermit:TakeAim","hermit:Combo"],"relics":["Snecko Eye","Lee\u0027s Waffle","Mummified Hand","Mercury Hourglass","Odd Mushroom","hermit:DentedPlate","Pen Nib","Anchor","Omamori","Enchiridion","War Paint","hermit:Horseshoe","Cursed Key","Bronze Scales","MawBank"],"acts_visited":["Exordium","TheCity","TheBeyond"],"potions_floor_usage":[16,18,27,27,47,50,50],"damage_taken":[{"damage":6,"enemies":"Small Slimes","floor":1,"turns":3},{"damage":4,"enemies":"Jaw Worm","floor":5,"turns":2},{"damage":1,"enemies":"Cultist","floor":10,"turns":3},{"damage":16,"enemies":"The Mushroom Lair","floor":11,"turns":3},{"damage":0,"enemies":"Exordium Wildlife","floor":12,"turns":1},{"damage":48,"enemies":"Hexaghost","floor":16,"turns":8},{"damage":19,"enemies":"3 Byrds","floor":18,"turns":4},{"damage":0,"enemies":"Shell Parasite","floor":19,"turns":3},{"damage":0,"enemies":"Cultist and Chosen","floor":22,"turns":4},{"damage":6,"enemies":"Shelled Parasite and Fungi","floor":24,"turns":3},{"damage":6,"enemies":"3 Cultists","floor":25,"turns":4},{"damage":25,"enemies":"Slavers","floor":27,"turns":6},{"damage":0,"enemies":"Book of Stabbing","floor":30,"turns":3},{"damage":41,"enemies":"Champ","floor":33,"turns":7},{"damage":2,"enemies":"Orb Walker","floor":35,"turns":2},{"damage":0,"enemies":"3 Darklings","floor":36,"turns":4},{"damage":31,"enemies":"Giant Head","floor":41,"turns":6},{"damage":0,"enemies":"Sphere and 2 Shapes","floor":42,"turns":2},{"damage":16,"enemies":"4 Shapes","floor":45,"turns":3},{"damage":0,"enemies":"3 Darklings","floor":47,"turns":1},{"damage":0,"enemies":"Sphere and 2 Shapes","floor":48,"turns":2},{"damage":83,"enemies":"Awakened One","floor":50,"turns":12}],"seed_played":"-9178463845206614788","potions_obtained":[{"floor":5,"key":"hermit:Tonic"},{"floor":16,"key":"Swift Potion"},{"floor":22,"key":"Fire Potion"},{"floor":24,"key":"ColorlessPotion"},{"floor":41,"key":"Swift Potion"},{"floor":45,"key":"Explosive Potion"},{"floor":48,"key":"Dexterity Potion"}],"is_trial":false,"path_per_floor":["M","?","$","?","M","R","T","R","T","M","?","M","R","?","R","B",null,"M","M","$","?","M","R","M","M","T","E","R","?","E","?","R","B",null,"M","M","?","$","?","R","E","M","T","?","M","R","M","M","R","B"],"character_chosen":"HERMIT","items_purchased":["Lee\u0027s Waffle","Pen Nib","Bronze Scales","hermit:Combo"],"campfire_rested":4,"item_purchase_floors":[3,20,38,38],"current_hp_per_floor":[69,69,82,82,78,78,78,78,78,77,61,61,61,61,61,13,45,26,26,26,26,26,60,54,48,48,23,57,41,41,41,75,34,34,32,32,32,32,100,100,69,69,69,69,53,83,83,83,83,0,0],"gold":162,"neow_bonus":"BOSS_RELIC","is_daily":false,"chose_seed":false,"campfire_upgraded":5,"win_rate":0.0,"timestamp":1611987351,"path_taken":["M","?","$","?","?","R","?","R","T","M","?","M","R","?","R","BOSS","M","M","$","?","M","R","M","?","T","E","R","?","E","?","R","BOSS","M","M","?","$","?","R","E","?","T","?","M","R","?","M","R","BOSS"],"items_purchased_type":["Relic","Relic","Relic","Card"],"build_version":"2020-12-22","purchased_purges":3,"victory":false,"max_hp_per_floor":[75,75,82,82,82,82,82,82,82,82,82,82,82,82,82,82,114,114,114,114,114,114,114,114,114,114,114,114,114,114,114,114,114,114,114,114,114,114,100,100,100,100,100,100,100,100,100,100,100,100,100],"card_choices":[{"not_picked":["hermit:LowProfile","hermit:TrackingShot"],"picked":"hermit:Glare","floor":1},{"not_picked":["hermit:Headshot","hermit:Manifest","hermit:Maintenance"],"picked":"SKIP","floor":5},{"not_picked":["hermit:Determination","hermit:Quickdraw","hermit:Dissolve"],"picked":"SKIP","floor":10},{"not_picked":["hermit:SprayPray","hermit:Vantage"],"picked":"hermit:Roulette","floor":11},{"not_picked":["hermit:Midnight","hermit:SprayPray","hermit:Ricochet"],"picked":"SKIP","floor":12},{"not_picked":["hermit:EternalForm","hermit:FromBeyond"],"picked":"hermit:Roughhouse","floor":16},{"not_picked":["hermit:Coalescence","hermit:Ricochet"],"picked":"hermit:GoldenBullet+1","floor":18},{"not_picked":["hermit:HighCaliber","hermit:TakeCover"],"picked":"hermit:ItchyTrigger","floor":19},{"not_picked":["hermit:SprayPray+1","hermit:Desperado","hermit:LoneWolf"],"picked":"SKIP","floor":22},{"not_picked":["hermit:Roulette+1","hermit:Headshot","hermit:Maintenance"],"picked":"SKIP","floor":24},{"not_picked":["hermit:Glare","hermit:TrackingShot"],"picked":"hermit:Headshot","floor":25},{"not_picked":["hermit:Glare","hermit:FinalCanter","hermit:Dive"],"picked":"SKIP","floor":27},{"not_picked":["hermit:Coalescence","hermit:CalledShot","hermit:SprayPray"],"picked":"SKIP","floor":30},{"not_picked":["hermit:Adapt","hermit:EternalForm"],"picked":"hermit:RoundhouseKick","floor":33},{"not_picked":["hermit:HoleUp+1","hermit:ItchyTrigger+1"],"picked":"hermit:TakeAim","floor":35},{"not_picked":["hermit:Virtue+1","hermit:LowProfile+1","hermit:Misfire+1"],"picked":"SKIP","floor":36},{"not_picked":["hermit:Ricochet+1","hermit:Quickdraw","hermit:HighCaliber"],"picked":"SKIP","floor":41},{"not_picked":["hermit:SprayPray+1","hermit:Desperado","hermit:TrackingShot"],"picked":"SKIP","floor":42},{"not_picked":["hermit:Desperado+1","hermit:Coalescence","hermit:Scavenge"],"picked":"SKIP","floor":45},{"not_picked":["hermit:FlashPowder+1","hermit:Ricochet+1","hermit:LowProfile+1"],"picked":"SKIP","floor":47},{"not_picked":["hermit:Spite+1","hermit:SprayPray","hermit:HighCaliber+1"],"picked":"SKIP","floor":48}],"player_experience":975507,"relics_obtained":[{"floor":7,"key":"Mummified Hand"},{"floor":9,"key":"Mercury Hourglass"},{"floor":11,"key":"Odd Mushroom"},{"floor":26,"key":"Anchor"},{"floor":27,"key":"Omamori"},{"floor":30,"key":"War Paint"},{"floor":41,"key":"MawBank"}],"event_choices":[{"damage_healed":0,"gold_gain":175,"player_choice":"AGREE","damage_taken":0,"max_hp_gain":0,"max_hp_loss":0,"event_name":"Liars Game","floor":2,"gold_loss":0,"cards_obtained":["Doubt"]},{"damage_healed":0,"gold_gain":0,"player_choice":"2 cards matched","damage_taken":0,"max_hp_gain":0,"max_hp_loss":0,"event_name":"Match and Keep!","floor":4,"gold_loss":0,"cards_obtained":["hermit:Strike_Hermit","Purity"]},{"damage_healed":0,"gold_gain":0,"player_choice":"Fought Mushrooms","damage_taken":0,"max_hp_gain":0,"max_hp_loss":0,"event_name":"Mushrooms","floor":11,"gold_loss":0},{"damage_healed":0,"gold_gain":0,"cards_transformed":["hermit:Strike_Hermit"],"player_choice":"Change","damage_taken":0,"max_hp_gain":0,"max_hp_loss":0,"event_name":"Living Wall","floor":14,"gold_loss":0,"cards_obtained":["hermit:LoneWolf"]},{"damage_healed":0,"gold_gain":100,"player_choice":"Pray","damage_taken":0,"max_hp_gain":0,"max_hp_loss":0,"event_name":"Golden Shrine","floor":21,"gold_loss":0},{"damage_healed":0,"gold_gain":0,"player_choice":"Obtained Book","damage_taken":16,"max_hp_gain":0,"max_hp_loss":0,"event_name":"Cursed Tome","floor":29,"gold_loss":0},{"damage_healed":0,"gold_gain":0,"player_choice":"Opened","damage_taken":0,"relics_obtained":["hermit:Horseshoe"],"max_hp_gain":0,"max_hp_loss":0,"event_name":"The Mausoleum","floor":31,"gold_loss":0,"cards_obtained":["Writhe"]},{"cards_removed":["hermit:Glare"],"damage_healed":0,"gold_gain":0,"player_choice":"Removed Skill","damage_taken":0,"max_hp_gain":0,"max_hp_loss":0,"event_name":"Falling","floor":37,"gold_loss":0},{"damage_healed":100,"gold_gain":0,"player_choice":"Heal","damage_taken":0,"max_hp_gain":0,"max_hp_loss":14,"event_name":"The Moai Head","floor":39,"gold_loss":0},{"damage_healed":0,"gold_gain":0,"player_choice":"Upgrade","damage_taken":0,"max_hp_gain":0,"max_hp_loss":0,"event_name":"Designer","floor":44,"gold_loss":40,"cards_upgraded":["hermit:RoundhouseKick"]}],"is_beta":false,"boss_relics":[{"not_picked":["Velvet Choker","Empty Cage"],"picked":"hermit:DentedPlate"},{"not_picked":["SlaversCollar","Calling Bell"],"picked":"Cursed Key"}],"items_purged_floors":[3,20,38],"is_endless":false,"potions_floor_spawned":[5,16,22,24,41,45,48],"killed_by":"Awakened One","ascension_level":4}}