{"host":"fdshyddtzqm8gey2","time":1611983951,"event":{"mods":["AchievementEnabler","Act Like it!","Arknights The Spire","BaseMod","Colored Map","Colored Powertips","Decade(王小明)","Downfall","Friendly Minions","Kiyohime（清姬）","Koishi","LagranYue(拉格朗・月)","Marisa（F雨　魔理沙）","Minty Spire (QoL Compilation)","Prisma Mod","Reimu（博丽灵梦）","Remilia（蕾米莉亚）","Replay The Spire","StSLib","The Alterego","The Servant 0.9.4","TheSwordswoman","WarShipGirlsR/战舰少女R mod","Yakumo Yukari mod","Youmu（魂魄妖梦）","Yuyuko"],"gold_per_floor":[119,294,294,319,339,339,339],"floor_reached":6,"language":"ZHS","playtime":141,"items_purged":[],"score":36,"play_id":"af0a7e07-aecf-4766-9124-4ed87cb5573d","local_time":"20210130131911","is_ascension_mode":false,"campfire_choices":[],"circlet_count":0,"master_deck":["rmod:strick","rmod:strick","rmod:strick","rmod:strick","rmod:defend","rmod:defend","rmod:defend","rmod:defend","rmod:basicallowance","rmod:maingunfire","rmod:goodfighter","Doubt","Injury","rmod:fletcherpendant","rmod:robin"],"relics":["rmod:firstchargereward","NeowsBlessing","Golden Idol"],"acts_visited":["Exordium"],"potions_floor_usage":[],"damage_taken":[{"damage":0.0,"enemies":"Small Slimes","floor":1.0,"turns":1.0},{"damage":0.0,"enemies":"2 Louse","floor":4.0,"turns":2.0},{"damage":0,"enemies":"Jaw Worm","floor":5,"turns":1},{"damage":9,"enemies":"3 Sentries","floor":6,"turns":2}],"seed_played":"6662723849298154200","potions_obtained":[{"floor":4.0,"key":"Fire Potion"}],"is_trial":false,"path_per_floor":["M","?","?","M","M","E"],"character_chosen":"PRAEFECT","items_purchased":[],"campfire_rested":0,"item_purchase_floors":[],"current_hp_per_floor":[75,75,75,75,75,66,66],"gold":339,"neow_bonus":"THREE_ENEMY_KILL","is_daily":false,"chose_seed":false,"campfire_upgraded":0,"win_rate":0.0,"timestamp":1611983951,"path_taken":["M","?","?","M","M","E"],"items_purchased_type":[],"build_version":"2020-12-22","purchased_purges":0,"victory":false,"max_hp_per_floor":[75,75,75,75,75,75,75],"card_choices":[{"not_picked":["rmod:ammunitionsupply","rmod:circuitoustactics"],"picked":"rmod:goodfighter","floor":1.0},{"not_picked":["rmod:unsinkable","rmod:supportescort"],"picked":"rmod:fletcherpendant","floor":4.0},{"not_picked":["rmod:luckystar","rmod:aviationdawn"],"picked":"rmod:robin","floor":5}],"player_experience":102016,"relics_obtained":[],"event_choices":[{"damage_healed":0.0,"max_hp_gain":0.0,"max_hp_loss":0.0,"gold_gain":175.0,"event_name":"Liars Game","player_choice":"AGREE","floor":2.0,"gold_loss":0.0,"damage_taken":0.0,"cards_obtained":["Doubt"]},{"damage_healed":0.0,"max_hp_gain":0.0,"max_hp_loss":0.0,"gold_gain":0.0,"event_name":"Golden Idol","player_choice":"Take Wound","floor":3.0,"gold_loss":0.0,"damage_taken":0.0,"relics_obtained":["Golden Idol"],"cards_obtained":["Injury"]}],"is_beta":false,"boss_relics":[],"items_purged_floors":[],"is_endless":false,"potions_floor_spawned":[4],"killed_by":"3 Sentries","ascension_level":0}}