{"host":"6azrrw3tf7wb0f4b","time":1611972946,"event":{"mods":["BaseMod","DeckTracker","Minty Spire (QoL Compilation)","SuperFastMode"],"gold_per_floor":[116,134,149,169,189,189,209,209,209,209,235,235,235,235,235,340,340,357,12,23,39,138,167,167,38,38,54,54,65,165,165,165,262,262,276,276,47,97,107,107,117,131,131,147,162,162,32,32,32,32],"floor_reached":51,"language":"KOR","playtime":1472,"items_purged":[],"score":1080,"play_id":"1c3a0239-fd34-4b2c-a7d3-b6ae696d19ff","local_time":"20210130111546","is_ascension_mode":true,"campfire_choices":[{"data":"Adaptation","floor":6,"key":"SMITH"},{"data":"Eruption","floor":8,"key":"SMITH"},{"data":"MentalFortress","floor":10,"key":"SMITH"},{"floor":15,"key":"REST"},{"data":"DevaForm","floor":24,"key":"SMITH"},{"data":"Scrawl","floor":28,"key":"SMITH"},{"data":"Devotion","floor":32,"key":"SMITH"},{"data":"Trip","floor":40,"key":"SMITH"},{"floor":49,"key":"REST"}],"circlet_count":0,"master_deck":["AscendersBane","Eruption+1","Vigilance+1","EmptyBody+1","Wallop+1","FlurryOfBlows+1","Adaptation+1","MentalFortress+1","CutThroughFate+1","DevaForm+1","LessonLearned+1","Devotion+1","Scrawl+1","TalkToTheHand+1","Adaptation+1","FlurryOfBlows+1","Halt+1","EmptyBody+1","Pray+1","Scrawl+1","Brilliance+1","FearNoEvil+1","Trip+1","Protect+1"],"relics":["PureWater","Molten Egg 2","TungstenRod","Pandora\u0027s Box","Bird Faced Urn","Meat on the Bone","Letter Opener","Dead Branch","Bottled Tornado","VioletLotus","Membership Card","Oddly Smooth Stone","CaptainsWheel","Mercury Hourglass","Mummified Hand"],"acts_visited":["Exordium","TheCity","TheBeyond"],"potions_floor_usage":[16,16,23,30,44,50],"damage_taken":[{"damage":0,"enemies":"Cultist","floor":1,"turns":4},{"damage":10,"enemies":"2 Louse","floor":2,"turns":4},{"damage":2,"enemies":"Small Slimes","floor":3,"turns":3},{"damage":0,"enemies":"Exordium Wildlife","floor":4,"turns":3},{"damage":5,"enemies":"3 Louse","floor":5,"turns":5},{"damage":14,"enemies":"Large Slime","floor":7,"turns":7},{"damage":12,"enemies":"Lagavulin","floor":11,"turns":6},{"damage":14,"enemies":"The Guardian","floor":16,"turns":11},{"damage":14,"enemies":"2 Thieves","floor":18,"turns":3},{"damage":3,"enemies":"Shell Parasite","floor":20,"turns":4},{"damage":7,"enemies":"Cultist and Chosen","floor":21,"turns":4},{"damage":1,"enemies":"Slavers","floor":23,"turns":4},{"damage":16,"enemies":"Snake Plant","floor":27,"turns":4},{"damage":11,"enemies":"Centurion and Healer","floor":29,"turns":3},{"damage":18,"enemies":"Colosseum Slavers","floor":30,"turns":4},{"damage":0,"enemies":"Colosseum Nobs","floor":30,"turns":3},{"damage":21,"enemies":"Collector","floor":33,"turns":5},{"damage":15,"enemies":"Orb Walker","floor":35,"turns":3},{"damage":3,"enemies":"Mind Bloom Boss Battle","floor":38,"turns":5},{"damage":0,"enemies":"3 Shapes","floor":39,"turns":3},{"damage":0,"enemies":"Maw","floor":41,"turns":5},{"damage":18,"enemies":"4 Shapes","floor":42,"turns":3},{"damage":28,"enemies":"Writhing Mass","floor":44,"turns":5},{"damage":38,"enemies":"Jaw Worm Horde","floor":45,"turns":4},{"damage":45,"enemies":"Time Eater","floor":50,"turns":9}],"seed_played":"-7612306566160172615","potions_obtained":[{"floor":2,"key":"Weak Potion"},{"floor":11,"key":"SpeedPotion"},{"floor":16,"key":"Explosive Potion"},{"floor":20,"key":"EssenceOfSteel"},{"floor":29,"key":"SpeedPotion"},{"floor":35,"key":"Weak Potion"},{"floor":41,"key":"DuplicationPotion"},{"floor":44,"key":"FearPotion"}],"is_trial":false,"path_per_floor":["M","M","M","M","M","R","M","R","T","R","E","?","?","?","R","B",null,"M","$","M","M","?","E","R","$","T","M","R","M","?","?","R","B",null,"M","?","$","?","M","R","M","M","T","M","M","?","$","$","R","B",null],"character_chosen":"WATCHER","items_purchased":["Bird Faced Urn","Halt","Prostrate","Scrawl","Membership Card","Oddly Smooth Stone","Mummified Hand"],"campfire_rested":2,"item_purchase_floors":[19,19,25,25,37,37,47],"current_hp_per_floor":[65,55,53,53,48,48,34,34,34,34,22,9,9,3,24,10,57,43,43,48,47,47,54,54,54,54,48,48,45,51,51,51,40,64,59,59,59,66,72,72,72,60,60,46,30,30,30,30,51,32],"gold":32,"neow_bonus":"THREE_CARDS","is_daily":false,"chose_seed":false,"campfire_upgraded":7,"win_rate":0.0,"timestamp":1611972946,"path_taken":["M","M","?","M","M","R","M","R","T","R","E","?","?","?","R","BOSS","M","$","M","M","?","E","R","$","T","M","R","M","?","?","R","BOSS","M","?","$","?","M","R","M","M","T","?","M","?","?","$","R","BOSS"],"items_purchased_type":["Relic","Card","Card","Card","Relic","Relic","Relic"],"build_version":"2020-12-22","purchased_purges":0,"victory":true,"max_hp_per_floor":[72,72,72,72,72,72,72,72,72,72,72,72,72,72,72,72,72,72,72,72,72,72,72,72,72,72,72,72,72,72,72,72,72,72,72,72,72,72,72,72,72,72,72,72,72,72,72,72,72,72],"card_choices":[{"not_picked":["Prostrate","EmptyMind"],"picked":"EmptyBody","floor":0},{"not_picked":["EmptyBody","Weave"],"picked":"Wallop","floor":1},{"not_picked":["Evaluate","Fasting2","ClearTheMind"],"picked":"SKIP","floor":2},{"not_picked":["FlyingSleeves","Study"],"picked":"FlurryOfBlows","floor":3},{"not_picked":["EmptyBody","EmptyFist","Omniscience"],"picked":"SKIP","floor":4},{"not_picked":["ClearTheMind","WheelKick"],"picked":"Adaptation","floor":5},{"not_picked":["InnerPeace","FlurryOfBlows"],"picked":"MentalFortress","floor":7},{"not_picked":["CarveReality+1","EmptyFist+1"],"picked":"CutThroughFate+1","floor":11},{"not_picked":["Brilliance+1","Judgement"],"picked":"DevaForm","floor":16},{"not_picked":["BowlingBash+1","Perseverance"],"picked":"FlurryOfBlows+1","floor":18},{"not_picked":["Protect","ClearTheMind"],"picked":"EmptyBody+1","floor":20},{"not_picked":["DeceiveReality","Evaluate","Weave+1"],"picked":"SKIP","floor":21},{"not_picked":["FlurryOfBlows+1","EmptyBody"],"picked":"Pray","floor":23},{"not_picked":["MentalFortress","SandsOfTime+1"],"picked":"Brilliance+1","floor":27},{"not_picked":["Indignation","Meditate"],"picked":"FearNoEvil+1","floor":29},{"not_picked":["EmptyBody","CrushJoints+1","Crescendo+1"],"picked":"SKIP","floor":35},{"not_picked":["Transmutation","PanicButton"],"picked":"Trip","floor":36},{"not_picked":["Pray","LikeWater"],"picked":"Protect","floor":38},{"not_picked":["ReachHeaven+1","CrushJoints+1","SignatureMove+1"],"picked":"SKIP","floor":39},{"not_picked":["FollowUp+1","Prostrate","SashWhip+1"],"picked":"SKIP","floor":41},{"not_picked":["JustLucky+1","Study","FearNoEvil+1"],"picked":"SKIP","floor":42},{"not_picked":["Prostrate","Protect","FlyingSleeves+1"],"picked":"SKIP","floor":44},{"not_picked":["Tantrum+1","BattleHymn+1","FollowUp+1"],"picked":"SKIP","floor":45}],"player_experience":736287,"relics_obtained":[{"floor":9,"key":"Molten Egg 2"},{"floor":11,"key":"TungstenRod"},{"floor":23,"key":"Meat on the Bone"},{"floor":26,"key":"Letter Opener"},{"floor":30,"key":"Dead Branch"},{"floor":30,"key":"Bottled Tornado"},{"floor":38,"key":"CaptainsWheel"},{"floor":43,"key":"Mercury Hourglass"}],"event_choices":[{"damage_healed":0,"gold_gain":0,"player_choice":"Entered Light","damage_taken":14,"max_hp_gain":0,"max_hp_loss":0,"event_name":"Shining Light","floor":12,"gold_loss":0,"cards_upgraded":["Strike_P","Strike_P"]},{"cards_removed":["Strike_P"],"damage_healed":0,"gold_gain":0,"player_choice":"Forget","damage_taken":0,"max_hp_gain":0,"max_hp_loss":0,"event_name":"Living Wall","floor":13,"gold_loss":0},{"cards_removed":["Strike_P"],"damage_healed":0,"gold_gain":0,"player_choice":"Card Removal","damage_taken":7,"max_hp_gain":0,"max_hp_loss":0,"event_name":"Golden Wing","floor":14,"gold_loss":0},{"damage_healed":0,"gold_gain":99,"player_choice":"Stole From Cult","damage_taken":0,"max_hp_gain":0,"max_hp_loss":0,"event_name":"Nest","floor":22,"gold_loss":0},{"damage_healed":0,"gold_gain":0,"player_choice":"Fight","damage_taken":0,"max_hp_gain":0,"max_hp_loss":0,"event_name":"Colosseum","floor":30,"gold_loss":0},{"damage_healed":0,"gold_gain":0,"player_choice":"Fought Nobs","damage_taken":0,"max_hp_gain":0,"max_hp_loss":0,"event_name":"Colosseum","floor":30,"gold_loss":0},{"cards_removed":["Consecrate"],"damage_healed":0,"gold_gain":0,"player_choice":"Elegance","damage_taken":0,"max_hp_gain":0,"max_hp_loss":0,"event_name":"Back to Basics","floor":31,"gold_loss":0},{"damage_healed":0,"gold_gain":0,"player_choice":"Memory 1","damage_taken":0,"max_hp_gain":0,"max_hp_loss":0,"event_name":"SensoryStone","floor":36,"gold_loss":0},{"damage_healed":0,"gold_gain":0,"player_choice":"Fight","damage_taken":0,"max_hp_gain":0,"max_hp_loss":0,"event_name":"MindBloom","floor":38,"gold_loss":0},{"cards_removed":["Prostrate"],"damage_healed":0,"gold_gain":0,"player_choice":"Removed Skill","damage_taken":0,"max_hp_gain":0,"max_hp_loss":0,"event_name":"Falling","floor":46,"gold_loss":0}],"is_beta":false,"boss_relics":[{"not_picked":["SlaversCollar","HolyWater"],"picked":"Pandora\u0027s Box"},{"not_picked":["Coffee Dripper","Velvet Choker"],"picked":"VioletLotus"}],"items_purged_floors":[],"is_endless":false,"potions_floor_spawned":[2,11,16,20,21,29,30,35,41,44],"ascension_level":12}}