{"host":"28l6rxaym5axvxqh","time":1611986517,"event":{"mods":["Act Like it!","Arknights The Spire","BaseMod","Downfall","Gensokyo","Minty Spire (QoL Compilation)","Pale of the Ancients","StSLib"],"gold_per_floor":[16,33,47,58,58,96,119,162,162,162,188,212,237,258,258,258,258],"floor_reached":16,"language":"ZHS","playtime":1194,"items_purged":[],"score":116,"play_id":"3a1d3e95-246d-45ea-b82f-562c2c58f50c","local_time":"20210130140157","is_ascension_mode":false,"campfire_choices":[{"data":"ats:Roar Of Ursus","floor":15,"key":"SMITH"}],"circlet_count":0,"master_deck":["ats:Strike C","ats:Strike G","ats:Strike S","ats:Strike V","ats:Armor Crushing Shot","ats:Defend","ats:Defend","ats:Defend","ats:Defend","ats:Emotion Absorption","ats:Dogmatic Field","ats:Spore Proliferation","ats:Sashimi Platter","ats:Revitalization","ats:Thorns","ats:Apocalypse","ats:Neurotoxin","ats:Very Hot Blade","ats:Roar Of Ursus+1","ats:Chain Hook","ats:Part Time Job","ats:Consecutive Shot Auto"],"relics":["ats:Sanity","Golden Idol","ats:Originium","TungstenRod","Pantograph","Lizard Tail","Odd Mushroom"],"acts_visited":["Exordium"],"potions_floor_usage":[8,8,11],"damage_taken":[{"damage":9.0,"enemies":"2 Louse","floor":1.0,"turns":3.0},{"damage":17.0,"enemies":"Small Slimes","floor":2.0,"turns":6.0},{"damage":51.0,"enemies":"Jaw Worm","floor":3.0,"turns":8.0},{"damage":45.0,"enemies":"Blue Slaver","floor":4.0,"turns":9.0},{"damage":91.0,"enemies":"Lagavulin","floor":6.0,"turns":13.0},{"damage":28.0,"enemies":"2 Fungi Beasts","floor":7.0,"turns":7.0},{"damage":37,"enemies":"Gremlin Nob","floor":8,"turns":6},{"damage":25,"enemies":"The Mushroom Lair","floor":11,"turns":6},{"damage":50,"enemies":"Gremlin Gang","floor":12,"turns":10},{"damage":43,"enemies":"Blue Slaver","floor":13,"turns":6},{"damage":6,"enemies":"Looter","floor":14,"turns":3},{"damage":98,"enemies":"Slime Boss","floor":16,"turns":10}],"seed_played":"-2454888683832525962","potions_obtained":[{"floor":1.0,"key":"SmokeBomb"},{"floor":2.0,"key":"ColorlessPotion"},{"floor":7.0,"key":"Block Potion"},{"floor":8,"key":"AttackPotion"}],"is_trial":false,"path_per_floor":["M","M","M","M","?","E","M","E","T","?","?","M","M","M","R","B"],"character_chosen":"DOCTOR_CLASS","items_purchased":[],"campfire_rested":0,"item_purchase_floors":[],"current_hp_per_floor":[63,66,60,60,42,24,40,23,23,23,20,44,28,28,28,0,0],"gold":258,"neow_bonus":"THREE_RARE_CARDS","is_daily":false,"chose_seed":false,"campfire_upgraded":1,"win_rate":0.0,"timestamp":1611986517,"path_taken":["M","M","M","M","?","E","M","E","T","?","?","M","?","M","R","BOSS"],"items_purchased_type":[],"build_version":"2020-12-22","purchased_purges":0,"victory":false,"max_hp_per_floor":[72,72,72,72,72,72,72,72,72,72,72,72,72,72,72,72,72],"card_choices":[{"not_picked":["ats:Volcano","ats:Fractured Body"],"picked":"ats:Dogmatic Field","floor":0.0},{"not_picked":["ats:Defend Order","ats:Explosion Area Strengthen"],"picked":"ats:Spore Proliferation","floor":1.0},{"not_picked":["ats:Flexible Camouflage","ats:Consecutive Shot Auto"],"picked":"ats:Sashimi Platter","floor":2.0},{"not_picked":["ats:Rapid Magazine","ats:Closed Bolt Burst Fire"],"picked":"ats:Revitalization","floor":3.0},{"not_picked":["ats:Powerful Strike","ats:Leaping Hammer"],"picked":"ats:Thorns","floor":4.0},{"not_picked":["ats:Literary Storm","ats:Shadow Raid"],"picked":"ats:Apocalypse","floor":6.0},{"not_picked":["ats:Absolute Focus","ats:Part Time Job"],"picked":"ats:Neurotoxin","floor":7.0},{"not_picked":["ats:Ignite","ats:Guard Mode"],"picked":"ats:Very Hot Blade","floor":8},{"not_picked":["ats:Hammer On","ats:Assault Order"],"picked":"ats:Roar Of Ursus","floor":11},{"not_picked":["ats:Charging Defense","ats:Steam Pump"],"picked":"ats:Chain Hook","floor":12},{"not_picked":["ats:Burning Ground","ats:Blood Oath"],"picked":"ats:Part Time Job","floor":13},{"not_picked":["ats:LN2 Cannon","ats:Hammer On"],"picked":"ats:Consecutive Shot Auto","floor":14}],"player_experience":8323,"relics_obtained":[{"floor":6.0,"key":"ats:Originium"},{"floor":6.0,"key":"TungstenRod"},{"floor":8,"key":"ats:Originium"},{"floor":8,"key":"Pantograph"},{"floor":9,"key":"Lizard Tail"},{"floor":11,"key":"Odd Mushroom"}],"event_choices":[{"damage_healed":0.0,"max_hp_gain":0.0,"max_hp_loss":0.0,"gold_gain":0.0,"event_name":"Golden Idol","player_choice":"Take Damage","floor":5.0,"gold_loss":0.0,"damage_taken":18.0,"relics_obtained":["Golden Idol"]},{"damage_healed":0,"gold_gain":0,"player_choice":"Ignored","damage_taken":0,"max_hp_gain":0,"max_hp_loss":0,"event_name":"Liars Game","floor":10,"gold_loss":0},{"damage_healed":0,"gold_gain":0,"player_choice":"Fought Mushrooms","damage_taken":0,"max_hp_gain":0,"max_hp_loss":0,"event_name":"Mushrooms","floor":11,"gold_loss":0}],"is_beta":false,"boss_relics":[],"items_purged_floors":[],"is_endless":false,"potions_floor_spawned":[1,2,7,8],"killed_by":"Slime Boss","ascension_level":0}}