{"host":"8am31i0j9qpslrrv","time":1611974691,"event":{"mods":["BaseMod","Curses Come First","Minty Spire (QoL Compilation)","Quick Restart","Replay The Spire","StSLib"],"gold_per_floor":[109,109,133,147,158,158,178,178,178,197,219,237,237,255,255,356,356,366,366,381,400,31,60,60,60,112,112,129,154,154,166,166,267,267,282,110,110,110,125,125,159,159,185,185,185,217,413,424,424,424],"floor_reached":51,"language":"ENG","playtime":2975,"items_purged":["Strike_B","Strike_B"],"score":985,"play_id":"7804fb96-4515-4472-bedb-5ef2adc8ccda","local_time":"20210129214451","is_ascension_mode":false,"campfire_choices":[{"data":"Zap","floor":6.0,"key":"SMITH"},{"floor":15.0,"key":"REST"},{"data":"Electrodynamics","floor":24.0,"key":"SMITH"},{"data":"Glacier","floor":27.0,"key":"SMITH"},{"data":"Ball Lightning","floor":30.0,"key":"SMITH"},{"data":"Defend_P","floor":32.0,"key":"SMITH"},{"data":"Defragment","floor":40.0,"key":"SMITH"},{"data":"Core Surge","floor":42.0,"key":"SMITH"},{"data":"ReplayGash","floor":44.0,"key":"SMITH"},{"floor":49.0,"key":"REST"}],"circlet_count":0,"master_deck":["Defend_B+1","Defend_B+1","Zap+1","Dualcast+1","Ball Lightning+1","Electrodynamics+1","Defend_P+1","Glacier+1","Core Surge+1","Defragment+1","ReplayGash+1","Capacitor+1","BasicCrystalCard+1","Hologram+1"],"relics":["Cracked Core","PreservedInsect","Thread and Needle","Odd Mushroom","InkBottle","Empty Cage","Torii","Pet Ghost","ReplayTheSpireMod:TigerMarble","TungstenRod","Black Star","Replay:Towering Pillar of Hats","Durian","Akabeko","Blue Candle","Ginger"],"acts_visited":["Exordium","TheCity","TheBeyond"],"potions_floor_usage":[],"damage_taken":[{"damage":0.0,"enemies":"2 Louse","floor":1.0,"turns":1.0},{"damage":0.0,"enemies":"Jaw Worm","floor":4.0,"turns":4.0},{"damage":1.0,"enemies":"Cultist","floor":5.0,"turns":4.0},{"damage":9.0,"enemies":"Blue Slaver","floor":7.0,"turns":4.0},{"damage":0.0,"enemies":"3 Louse","floor":10.0,"turns":3.0},{"damage":17.0,"enemies":"The Mushroom Lair","floor":11.0,"turns":4.0},{"damage":8.0,"enemies":"Exordium Thugs","floor":12.0,"turns":4.0},{"damage":0.0,"enemies":"Blue Slaver","floor":14.0,"turns":3.0},{"damage":25.0,"enemies":"The Guardian","floor":16.0,"turns":10.0},{"damage":0.0,"enemies":"Spheric Guardian","floor":18.0,"turns":3.0},{"damage":8.0,"enemies":"2 Thieves","floor":20.0,"turns":3.0},{"damage":2.0,"enemies":"Centurion and Healer","floor":21.0,"turns":4.0},{"damage":13.0,"enemies":"Gremlin Leader","floor":23.0,"turns":4.0},{"damage":0.0,"enemies":"Shelled Parasite and Fungi","floor":28.0,"turns":5.0},{"damage":0.0,"enemies":"Replay:Snechameleon","floor":29.0,"turns":4.0},{"damage":0.0,"enemies":"Chosen and Byrds","floor":31.0,"turns":3.0},{"damage":31.0,"enemies":"Pondfish","floor":33.0,"turns":19.0},{"damage":6.0,"enemies":"3 Darklings","floor":35.0,"turns":5.0},{"damage":0.0,"enemies":"Orb Walker","floor":39.0,"turns":4.0},{"damage":6.0,"enemies":"Giant Head","floor":41.0,"turns":8.0},{"damage":37.0,"enemies":"Nemesis","floor":46.0,"turns":5.0},{"damage":0.0,"enemies":"Sphere and 2 Shapes","floor":48.0,"turns":1.0},{"damage":24,"enemies":"Replay:Hell Engine","floor":50,"turns":6}],"seed_played":"1199589574463446437","potions_obtained":[{"floor":4.0,"key":"BlessingOfTheForge"},{"floor":5.0,"key":"Ancient Potion"},{"floor":16.0,"key":"Ancient Potion"},{"floor":28.0,"key":"EssenceOfDarkness"},{"floor":31.0,"key":"LiquidMemories"},{"floor":41.0,"key":"Flashbang"}],"is_trial":false,"path_per_floor":["M","?","T","M","M","R","M","?","T","M","?","M","?","M","R","B",null,"M","?","M","M","$","E","R","?","T","R","M","E","R","M","R","B",null,"M","$","?","$","M","R","E","R","T","R","?","E","?","M","R","B",null],"character_chosen":"DEFECT","items_purchased":["Torii","Defragment"],"campfire_rested":2,"item_purchase_floors":[22,36],"current_hp_per_floor":[82,66,66,66,65,65,56,56,56,56,39,31,19,19,43,18,82,82,82,74,72,72,59,59,59,59,59,59,59,59,59,59,28,82,76,76,76,76,76,76,75,75,75,75,75,38,38,38,62,38],"gold":424,"neow_bonus":"TEN_PERCENT_HP_BONUS","is_daily":false,"chose_seed":false,"campfire_upgraded":8,"win_rate":0.0,"timestamp":1611974691,"path_taken":["M","?","?","M","M","R","?","?","T","?","?","M","?","?","R","BOSS","M","?","M","?","$","E","R","?","T","R","M","E","R","M","R","BOSS","M","$","?","$","?","R","E","R","T","R","?","E","?","M","R","BOSS"],"items_purchased_type":["Relic","Card"],"build_version":"2020-12-22","purchased_purges":2,"victory":true,"max_hp_per_floor":[82,82,82,82,82,82,82,82,82,82,82,82,82,82,82,82,82,82,82,82,82,82,82,82,82,82,82,82,82,82,82,82,82,82,82,82,82,82,82,82,87,87,87,87,83,83,83,83,83,83],"card_choices":[{"not_picked":["Conserve Battery","Compile Driver","Storm"],"picked":"SKIP","floor":1.0},{"not_picked":["Rebound","Sweeping Beam","Stack"],"picked":"SKIP","floor":4.0},{"not_picked":["Scrape","Leap","Barrage"],"picked":"SKIP","floor":5.0},{"not_picked":["Blizzard","Redo","Melter"],"picked":"SKIP","floor":7.0},{"not_picked":["FIFO Queue","Lockon"],"picked":"Ball Lightning","floor":10.0},{"not_picked":["Steam","Rip and Tear","Conserve Battery"],"picked":"SKIP","floor":12.0},{"not_picked":["Redo","Steam Power","Compile Driver"],"picked":"SKIP","floor":14.0},{"not_picked":["Core Surge","Echo Form"],"picked":"Electrodynamics","floor":16.0},{"not_picked":["Force Field","Beam Cell","Coolheaded"],"picked":"SKIP","floor":18.0},{"not_picked":["Stack+1","Coolheaded+1","Auto Shields+1"],"picked":"SKIP","floor":20.0},{"not_picked":["ReplayTheSpireMod:GoodbyeWorld","Sweeping Beam","Ball Lightning"],"picked":"SKIP","floor":21.0},{"not_picked":["Stack","Panic Button"],"picked":"Glacier","floor":23.0},{"not_picked":["Streamline+1","Beam Cell","Steam+1"],"picked":"SKIP","floor":28.0},{"not_picked":["Undo","Go for the Eyes","ReplayTheSpireMod:GoodbyeWorld+1"],"picked":"SKIP","floor":29.0},{"not_picked":["ReplayTheSpireMod:GoodbyeWorld","Coolheaded","Compile Driver"],"picked":"SKIP","floor":31.0},{"not_picked":["Echo Form","Seek"],"picked":"Core Surge","floor":33.0},{"not_picked":["Rebound","Turbo+1","Storm+1"],"picked":"SKIP","floor":35.0},{"not_picked":["Beam Cell","Tempest"],"picked":"Capacitor+1","floor":39.0},{"not_picked":["Sweeping Beam","ReplaySort","ReplaySolidLightProjector"],"picked":"SKIP","floor":41.0},{"not_picked":["Heatsinks","Panic Button"],"picked":"BasicCrystalCard+1","floor":46.0},{"not_picked":["Redo","Loop"],"picked":"Hologram+1","floor":48.0}],"player_experience":774679,"relics_obtained":[{"floor":3.0,"key":"PreservedInsect"},{"floor":9.0,"key":"Thread and Needle"},{"floor":11.0,"key":"Odd Mushroom"},{"floor":23.0,"key":"Pet Ghost"},{"floor":26.0,"key":"ReplayTheSpireMod:TigerMarble"},{"floor":29.0,"key":"TungstenRod"},{"floor":41.0,"key":"Replay:Towering Pillar of Hats"},{"floor":41.0,"key":"Durian"},{"floor":43.0,"key":"Akabeko"},{"floor":46.0,"key":"Blue Candle"},{"floor":46.0,"key":"Ginger"}],"event_choices":[{"damage_healed":0.0,"max_hp_gain":0.0,"max_hp_loss":0.0,"gold_gain":0.0,"event_name":"Shining Light","player_choice":"Entered Light","floor":2.0,"gold_loss":0.0,"damage_taken":16.0,"cards_upgraded":["Defend_B","Dualcast"]},{"damage_healed":0.0,"max_hp_gain":0.0,"max_hp_loss":0.0,"gold_gain":0.0,"event_name":"Upgrade Shrine","player_choice":"Upgraded","floor":8.0,"gold_loss":0.0,"damage_taken":0.0,"cards_upgraded":["Defend_B"]},{"damage_healed":0.0,"max_hp_gain":0.0,"max_hp_loss":0.0,"gold_gain":0.0,"event_name":"Mushrooms","player_choice":"Fought Mushrooms","floor":11.0,"gold_loss":0.0,"damage_taken":0.0},{"damage_healed":0.0,"max_hp_gain":0.0,"max_hp_loss":0.0,"gold_gain":0.0,"event_name":"Scrap Ooze","player_choice":"Success","floor":13.0,"gold_loss":0.0,"damage_taken":12.0,"relics_obtained":["InkBottle"]},{"cards_removed":["Defend_B"],"damage_healed":0.0,"max_hp_gain":0.0,"max_hp_loss":0.0,"gold_gain":0.0,"event_name":"NoteForYourself","player_choice":"Took Card","floor":19.0,"gold_loss":0.0,"damage_taken":0.0,"cards_obtained":["Defend_P"]},{"damage_healed":0.0,"max_hp_gain":0.0,"max_hp_loss":0.0,"gold_gain":0.0,"event_name":"Ghosts","player_choice":"Ignored","floor":25.0,"gold_loss":0.0,"damage_taken":0.0},{"damage_healed":0.0,"max_hp_gain":0.0,"max_hp_loss":0.0,"gold_gain":0.0,"cards_transformed":["Strike_B"],"event_name":"Transmorgrifier","player_choice":"Transformed","floor":37.0,"gold_loss":0.0,"damage_taken":0.0,"cards_obtained":["ReplayGash"]},{"damage_healed":0.0,"max_hp_gain":0.0,"max_hp_loss":4.0,"gold_gain":0.0,"event_name":"Winding Halls","player_choice":"Max HP","floor":45.0,"gold_loss":0.0,"damage_taken":0.0}],"is_beta":false,"boss_relics":[{"not_picked":["Fusion Hammer","Calling Bell"],"picked":"Empty Cage"},{"not_picked":["ChewingGum","ReplayTheSpireMod:DimensionalGlitch"],"picked":"Black Star"}],"items_purged_floors":[22,36],"is_endless":false,"potions_floor_spawned":[4,5,16,18,23,28,31,39,41],"ascension_level":0}}