{"host":"r10yh36zs2k9z1sa","time":1611995584,"event":{"mods":["AchievementEnabler","Act Like it!","Aspiration","Astrologer","BaseMod","Colored Map","Conspire","Decade(¤ý¤p©ú)","Gensokyo","Hermit","Highlight Path","KinomotoSakuraMod(¤ì¤§¥»?)","Koishi","Marisa¡]Ãú«B¡@Å]²z¨F¡^","Minty Spire (QoL Compilation)","Permanent Neow","Quick Restart","Reimu¡]³Õ???¡^","Remilia¡]Á¢¦Ì²ú?¡^","StSLib","SuperFastMode","The Administrix","The Blackbeard","The Bug Knight","The Cursed","The Gatherer","The Mystic","The Saiyan","The Senshi","The Servant 0.9.4","Youmu¡]»î¾z§¯?¡^","Yuri Mod","Yuyuko"],"gold_per_floor":[117,127,140,171,181,211,211,171,171,202,51,78,78,94,94,195,195,213,213,213,232,89,118,118,152,152,172,186,213,213,227,227,331,331,347,364,395,407,426,459,295,324,324,358,370,401,439,102,114,226,238,261,284,296,625,854,866,907,919,959,997,1041,1069,1115,570,570,667,667,685,685,702,735,747,776,776,806,833,379,389,389,79,112,112,216,216,726,739,749,760,777,808,839,866,901,901,505,505,530,530,530,635,635,635,635],"floor_reached":103,"language":"ZHS","playtime":7261,"items_purged":["Shame","Strike_S","Defend_S","RealityMarble+1"],"score":3785,"play_id":"ca557071-115e-4375-868f-2e55740abaa8","local_time":"20210130163304","daily_mods":["Heirloom","DeadlyEvents","Elite Swarm","Uncertain Future"],"is_ascension_mode":true,"campfire_choices":[{"floor":7.0,"key":"REST"},{"data":"Embodiment","floor":15.0,"key":"SMITH"},{"data":"InstantArmor","floor":24.0,"key":"SMITH"},{"data":"Initiator","floor":30.0,"key":"SMITH"},{"data":"MoonPhase","floor":32.0,"key":"SMITH"},{"data":"Embodiment","floor":45.0,"key":"SMITH"},{"data":"MoonPhase","floor":49.0,"key":"SMITH"},{"data":"Embodiment","floor":57.0,"key":"SMITH"},{"data":"RealityMarble","floor":59.0,"key":"SMITH"},{"data":"Embodiment","floor":66.0,"key":"SMITH"},{"data":"SoulSculpture","floor":75.0,"key":"SMITH"},{"data":"Luminosity","floor":80.0,"key":"SMITH"},{"data":"SoulSculpture","floor":83.0,"key":"SMITH"},{"data":"Barricade","floor":95.0,"key":"SMITH"},{"data":"Comet","floor":97.0,"key":"SMITH"},{"data":"Exchange","floor":100,"key":"SMITH"}],"circlet_count":0,"master_deck":["KidneyShot","Exchange+1","Comet+1","Embodiment+1","Solidify+1","FastForward+1","Impatience+1","TheWorld+1","Initiator+1","Moondial+1","Dilation+1","BottledTime+1","TheWorld+1","Dilation+1","ShiftingGears+1","TheWorld+1","SilverBlades+1","Embodiment+1","Solidify+1","Solidify+1","Dilation+1","Embodiment+1","Read+1","Duplication+1","Embodiment+1","SoulSculpture+1","TheWorld+1","SoulSculpture+1","Dilation+1","Solidify+1","Advance+1","Dilation+1","Dilation+1","TheWorld+1","Luminosity+1","BottledTime+1","Duplication+1","conspire:Purge+1","Barricade+1","Duplication+1"],"relics":["SplendidAttire","conspire:Boomerang","Incense Burner","Meat on the Bone","PaintedHorse:ReiMu","Toxic Egg 2","Gremlin Horn","Darkstone Periapt","aspiration:HummingbirdHeart","Philosopher\u0027s Stone","MutagenicStrength","aspiration:HiddenCompartment","Orichalcum","aspiration:AnachronicSnailShell","theSenshi:SuperSailorFukuRelic","theSenshi:FeatherClipsRelic","Empty Cage","Bottled Tornado","Bag of Marbles","conspire:DeflatedDodgeball","MealTicket","MawBank","Vajra","Strange Spoon","RuthlessExorcism:ReiMu","conspire:GiftBox","PreservedInsect","aspiration:TrustyKnives","TheAbacus","Black Star","yuri:PortableGlitches","conspire:TreasureMap","aspiration:IroncladSkillbook","Mango","aspiration:SeaSaltIceCream","aspiration:Nostalgia","TOEIDeficitBill"],"acts_visited":["Exordium","TheCity","TheCity","Exordium","Exordium","Gensokyo:Gensokyoer","Exordium"],"potions_floor_usage":[],"damage_taken":[{"damage":0.0,"enemies":"Small Slimes","floor":1.0,"turns":3.0},{"damage":0.0,"enemies":"2 Louse","floor":2.0,"turns":2.0},{"damage":0.0,"enemies":"Jaw Worm","floor":3.0,"turns":4.0},{"damage":17.0,"enemies":"conspire:MimicChest","floor":4.0,"turns":9.0},{"damage":20.0,"enemies":"Gremlin Gang","floor":5.0,"turns":6.0},{"damage":17.0,"enemies":"Gremlin Nob","floor":6.0,"turns":5.0},{"damage":8.0,"enemies":"3 Sentries","floor":10.0,"turns":7.0},{"damage":0.0,"enemies":"Lagavulin","floor":12.0,"turns":7.0},{"damage":0.0,"enemies":"Red Slaver","floor":14.0,"turns":2.0},{"damage":0.0,"enemies":"The Guardian","floor":16.0,"turns":9.0},{"damage":0.0,"enemies":"Chosen","floor":18.0,"turns":3.0},{"damage":0.0,"enemies":"2 Thieves","floor":21.0,"turns":1.0},{"damage":0.0,"enemies":"Book of Stabbing","floor":23.0,"turns":3.0},{"damage":0.0,"enemies":"conspire:Head Lice","floor":25.0,"turns":2.0},{"damage":0.0,"enemies":"Centurion and Healer","floor":27.0,"turns":3.0},{"damage":0.0,"enemies":"Chosen and Byrds","floor":28.0,"turns":1.0},{"damage":0.0,"enemies":"Slavers","floor":29.0,"turns":1.0},{"damage":0.0,"enemies":"3 Cultists","floor":31.0,"turns":1.0},{"damage":0.0,"enemies":"conspire:MysteriousRune","floor":33.0,"turns":5.0},{"damage":0.0,"enemies":"Gensokyo:AncientGuardian","floor":35.0,"turns":4.0},{"damage":0.0,"enemies":"Gensokyo:3_Boulders","floor":36.0,"turns":2.0},{"damage":0.0,"enemies":"Gensokyo:Marisa","floor":37.0,"turns":5.0},{"damage":0.0,"enemies":"Gensokyo:Sharpion","floor":38.0,"turns":3.0},{"damage":0.0,"enemies":"Gensokyo:Dusk_and_Dawn","floor":39.0,"turns":3.0},{"damage":0.0,"enemies":"Gensokyo:Doremy","floor":40.0,"turns":5.0},{"damage":0.0,"enemies":"Gensokyo:Kasen","floor":42.0,"turns":5.0},{"damage":0.0,"enemies":"Gensokyo:Doremy","floor":44.0,"turns":5.0},{"damage":0.0,"enemies":"Gensokyo:4_Bats","floor":46.0,"turns":1.0},{"damage":0.0,"enemies":"Gensokyo:Kasen","floor":47.0,"turns":5.0},{"damage":0.0,"enemies":"Gensokyo:Yuyuko","floor":50.0,"turns":5.0},{"damage":0.0,"enemies":"Jaw Worm","floor":52.0,"turns":2.0},{"damage":0.0,"enemies":"Small Slimes","floor":53.0,"turns":1.0},{"damage":0.0,"enemies":"Cultist","floor":55.0,"turns":5.0},{"damage":0.0,"enemies":"Red Slaver","floor":56.0,"turns":4.0},{"damage":0.0,"enemies":"Lagavulin","floor":58.0,"turns":4.0},{"damage":0.0,"enemies":"3 Sentries","floor":60.0,"turns":3.0},{"damage":0.0,"enemies":"Lagavulin","floor":61.0,"turns":3.0},{"damage":0.0,"enemies":"Gremlin Nob","floor":62.0,"turns":3.0},{"damage":0.0,"enemies":"2 Fungi Beasts","floor":63.0,"turns":2.0},{"damage":0.0,"enemies":"3 Sentries","floor":64.0,"turns":2.0},{"damage":0.0,"enemies":"The Guardian","floor":67.0,"turns":4.0},{"damage":0.0,"enemies":"Gensokyo:CosmicMonolith","floor":69.0,"turns":1.0},{"damage":0.0,"enemies":"Gensokyo:AngelMirror","floor":71.0,"turns":2.0},{"damage":0.0,"enemies":"Gensokyo:Tenshi","floor":72.0,"turns":2.0},{"damage":0.0,"enemies":"Gensokyo:Wraith","floor":73.0,"turns":3.0},{"damage":0.0,"enemies":"Gensokyo:Reisen","floor":74.0,"turns":1.0},{"damage":0.0,"enemies":"Gensokyo:Koishi","floor":76.0,"turns":4.0},{"damage":0.0,"enemies":"Gensokyo:Tenshi","floor":77.0,"turns":1.0},{"damage":0.0,"enemies":"Gensokyo:Swordslinger","floor":79.0,"turns":2.0},{"damage":0.0,"enemies":"Gensokyo:Reisen","floor":82.0,"turns":1.0},{"damage":0.0,"enemies":"Gensokyo:Eternal_Rivals","floor":84.0,"turns":4.0},{"damage":0.0,"enemies":"Gensokyo:3_Bats","floor":86.0,"turns":2.0},{"damage":0.0,"enemies":"Gensokyo:3_Boulders","floor":87.0,"turns":1.0},{"damage":0.0,"enemies":"Gensokyo:SeedOfUnknown","floor":88.0,"turns":4.0},{"damage":0.0,"enemies":"Gensokyo:Rafflesia","floor":89.0,"turns":4.0},{"damage":0.0,"enemies":"Gensokyo:3_Boulders","floor":90.0,"turns":3.0},{"damage":0.0,"enemies":"Gensokyo:Marisa","floor":91.0,"turns":3.0},{"damage":0.0,"enemies":"Gensokyo:Doremy","floor":92.0,"turns":1.0},{"damage":0.0,"enemies":"Gensokyo:Marisa","floor":93.0,"turns":1.0},{"damage":0.0,"enemies":"Gensokyo:Doremy","floor":94.0,"turns":1.0},{"damage":0,"enemies":"Gensokyo:Marisa","floor":98,"turns":1},{"damage":0,"enemies":"Gensokyo:Scarlet_Devils","floor":101,"turns":3},{"damage":0,"enemies":"Jaw Worm","floor":103,"turns":1}],"seed_played":"6784718668699518535","potions_obtained":[{"floor":1.0,"key":"Dexterity Potion"},{"floor":6.0,"key":"Ancient Potion"},{"floor":10.0,"key":"AttackPotion"},{"floor":12.0,"key":"GrandPatriotsElixir:ReiMu"},{"floor":14.0,"key":"ColorlessPotion"},{"floor":35.0,"key":"DuplicationPotion"},{"floor":38.0,"key":"FearPotion"},{"floor":42.0,"key":"Regen Potion"},{"floor":47.0,"key":"Dexterity Potion"},{"floor":55.0,"key":"Fruit Juice"},{"floor":58.0,"key":"AttackPotion"}],"is_trial":true,"path_per_floor":["M","M","M","?","M","E","R","?","T","E","$","E","T","M","R","B",null,"M","?","?","M","$","E","R","E","T","M","M","E","R","M","R","B",null,"M","M","E","M","M","E","$","E","T","E","R","M","E","COS","R","B",null,"M","M","?","M","M","R","E","R","E","E","E","M","E","$","R","B",null,"M","?","M","E","M","E","R","E","E","$","M","R","COS","E","R","B",null,"M","M","M","M","M","E","E","E","E","R","$","R","E","?","R","B",null,"M"],"character_chosen":"THE_SERVANT","items_purchased":["FastForward+1","Impatience+1","Moondial+1","Solidify+1","PreservedInsect","aspiration:TrustyKnives","TheAbacus","yuri:PortableGlitches","Luminosity","aspiration:SeaSaltIceCream"],"campfire_rested":1,"item_purchase_floors":[11,11,22,41,65,65,65,78,78,96],"current_hp_per_floor":[65,65,65,48,28,11,30,30,30,34,34,34,34,34,34,34,65,65,65,71,71,71,71,71,71,71,71,71,71,71,71,71,71,71,71,71,71,71,71,71,71,71,71,71,71,71,71,71,71,71,71,71,71,64,70,71,71,76,76,76,76,76,76,76,76,76,76,76,76,76,76,76,76,76,76,76,76,76,76,76,76,76,76,76,76,76,76,76,76,76,76,76,90,90,90,90,90,90,90,90,90,90,90,90],"gold":635,"neow_bonus":"","is_daily":false,"chose_seed":false,"campfire_upgraded":15,"win_rate":0.0,"timestamp":1611995584,"path_taken":["M","M","M","?","M","E","R","?","T","E","$","E","?","M","R","BOSS","M","?","?","M","$","E","R","E","T","?","M","E","R","M","R","BOSS","M","?","?","?","M","E","$","E","T","E","R","M","?","COS","R","BOSS","M","M","?","?","M","R","E","R","E","?","E","M","E","$","R","BOSS","M","?","M","?","M","E","R","E","E","$","?","R","COS","E","R","BOSS","M","M","M","?","?","E","?","E","E","R","$","R","E","?","R","BOSS","M"],"items_purchased_type":["Card","Card","Card","Card","Relic","Relic","Relic","Relic","Card","Relic"],"build_version":"2020-12-22","purchased_purges":4,"victory":false,"max_hp_per_floor":[65,65,65,65,65,65,65,65,65,65,65,65,65,65,65,65,65,65,65,71,71,71,71,71,71,71,71,71,71,71,71,71,71,71,71,71,71,71,71,71,71,71,71,71,71,71,71,71,71,71,71,71,71,71,71,71,71,76,76,76,76,76,76,76,76,76,76,76,76,76,76,76,76,76,76,76,76,76,76,76,76,76,76,76,76,76,76,76,76,76,76,76,90,90,90,90,90,90,90,90,90,90,90,90],"card_choices":[{"not_picked":["Snipe","ReturningBlade","Deadline"],"picked":"SKIP","floor":1.0},{"not_picked":["Spin","Rearm","DancingSilver"],"picked":"SKIP","floor":2.0},{"not_picked":["Potential","ShatteredReality"],"picked":"RealityMarble","floor":3.0},{"not_picked":["Potential","FanOfKnives"],"picked":"Comet","floor":4.0},{"not_picked":["Rewind","Spin"],"picked":"Read","floor":5.0},{"not_picked":["Deny","LightFlow"],"picked":"Embodiment","floor":6.0},{"not_picked":["MurderousAura","PendulumOfEternity"],"picked":"Solidify+1","floor":10.0},{"not_picked":["Embodiment","Dilation+1"],"picked":"TheWorld+1","floor":12.0},{"not_picked":["Starlight","SpecialFormula+1"],"picked":"BottledTime+1","floor":14.0},{"not_picked":["SoulSculpture","Dilation+1"],"picked":"Initiator","floor":16.0},{"not_picked":["WasteNot+1","Foresight"],"picked":"Defy+1","floor":18.0},{"not_picked":["Moonlight+1","DoubleEdge","ShatteredReality+1"],"picked":"SKIP","floor":21.0},{"not_picked":["LightFlow","Sunlight","ForgedInTime+1"],"picked":"SKIP","floor":23.0},{"not_picked":["ForgedInTime+1","Deny+1"],"picked":"Dilation+1","floor":25.0},{"not_picked":["Moonlight+1","DancingSilver+1"],"picked":"MoonPhase","floor":27.0},{"not_picked":["ShatteredReality+1","Starlight"],"picked":"BottledTime+1","floor":28.0},{"not_picked":["LightFlow","Sunlight"],"picked":"TheWorld+1","floor":29.0},{"not_picked":["Moonlight+1","Replace+1"],"picked":"MoonPhase","floor":31.0},{"not_picked":["PendulumOfEternity","FlawlessForm"],"picked":"Dilation+1","floor":33.0},{"not_picked":["Rewind+1","Replace+1","Unruled+1"],"picked":"SKIP","floor":35.0},{"not_picked":["ShiftingGears+1","Revamp+1","Potential+1"],"picked":"SKIP","floor":36.0},{"not_picked":["Revamp+1","Potential+1"],"picked":"ShiftingGears+1","floor":36.0},{"not_picked":["KillingDoll","FlawlessForm"],"picked":"TheWorld+1","floor":37.0},{"not_picked":["Moonlight","Defy+1","Alleviate+1"],"picked":"SKIP","floor":38.0},{"not_picked":["Moonlight","Defy+1","Alleviate+1"],"picked":"SKIP","floor":38.0},{"not_picked":["Unruled+1","Starlight+1"],"picked":"SilverBlades+1","floor":39.0},{"not_picked":["Deny+1","Sunlight"],"picked":"Embodiment","floor":40.0},{"not_picked":["Deny+1","MurderousAura","FloweringNight"],"picked":"SKIP","floor":42.0},{"not_picked":["FloweringNight","Initiator"],"picked":"Solidify+1","floor":44.0},{"not_picked":["Rewind+1","ShatteredReality","TimeWarp"],"picked":"SKIP","floor":46.0},{"not_picked":["LightFlow","FlawlessForm"],"picked":"Dilation+1","floor":47.0},{"not_picked":["TheWorld","FlawlessForm"],"picked":"Embodiment","floor":52.0},{"not_picked":["Ricochet","Spin","Reset+1"],"picked":"SKIP","floor":52.0},{"not_picked":["BestPractice","Potential","Ricochet"],"picked":"SKIP","floor":53.0},{"not_picked":["DoubleEdge","Gouge"],"picked":"Read+1","floor":55.0},{"not_picked":["ShatteredReality","Misdirection+1","Spin"],"picked":"SKIP","floor":56.0},{"not_picked":["Solidify+1","SilverMatrix"],"picked":"Duplication+1","floor":58.0},{"not_picked":["KillingDoll","TheWorld+1"],"picked":"Embodiment","floor":60.0},{"not_picked":["Deny+1","ForgedInTime+1"],"picked":"SoulSculpture","floor":61.0},{"not_picked":["KillingDoll","ForgedInTime+1"],"picked":"TheWorld+1","floor":61.0},{"not_picked":["Initiator","TrueSight"],"picked":"SoulSculpture","floor":62.0},{"not_picked":["Replace+1","Unruled","Ricochet"],"picked":"SKIP","floor":63.0},{"not_picked":["Initiator","Sunlight"],"picked":"Dilation+1","floor":64.0},{"not_picked":["Dilation+1","Sunlight"],"picked":"Solidify+1","floor":67.0},{"not_picked":["Revamp+1","TimeWarp"],"picked":"Advance+1","floor":69.0},{"not_picked":["Alleviate+1","Rearm+1","Defy+1"],"picked":"SKIP","floor":71.0},{"not_picked":["Sunlight","Initiator"],"picked":"Dilation+1","floor":72.0},{"not_picked":["ShatteredReality+1","Alleviate+1","Replace+1"],"picked":"SKIP","floor":73.0},{"not_picked":["LightFlow","MurderousAura","FlawlessForm"],"picked":"SKIP","floor":74.0},{"not_picked":["TrueSight","SoulSculpture"],"picked":"Dilation+1","floor":76.0},{"not_picked":["PendulumOfEternity","SoulSculpture"],"picked":"TheWorld+1","floor":77.0},{"not_picked":["Reset+1","Comet"],"picked":"BottledTime+1","floor":79.0},{"not_picked":["SoulSculpture","KillingDoll"],"picked":"Duplication+1","floor":82.0},{"not_picked":["LightFlow","Offering","FloweringNight","Immolate"],"picked":"SKIP","floor":86.0},{"not_picked":["Body Slam+1","True Grit+1","Cleave+1","Deadline+1"],"picked":"SKIP","floor":86.0},{"not_picked":["Clothesline","Feel No Pain+1","Combust","Infernal Blade+1"],"picked":"SKIP","floor":87.0},{"not_picked":["TimeWarp","Shockwave+1","Twin Strike","MurderousAura"],"picked":"SKIP","floor":88.0},{"not_picked":["Twin Strike","Sword Boomerang","Perfected Strike+1","True Grit+1"],"picked":"SKIP","floor":89.0},{"not_picked":["Headbutt+1","Thunderclap+1","Ghostly Armor+1","Intimidate+1"],"picked":"SKIP","floor":90.0},{"not_picked":["conspire:Purge+1","Impervious+1","Limit Break+1","FloweringNight"],"picked":"SKIP","floor":91.0},{"not_picked":["PendulumOfEternity","SilverMatrix","Exhume+1","conspire:Purge+1"],"picked":"SKIP","floor":92.0},{"not_picked":["Limit Break+1","Corruption","SilverMatrix"],"picked":"conspire:Purge+1","floor":93.0},{"not_picked":["MurderousAura","PendulumOfEternity","FloweringNight"],"picked":"Barricade","floor":94.0},{"not_picked":["Initiator","conspire:Purge+1","Embodiment"],"picked":"Duplication+1","floor":98}],"player_experience":366462,"relics_obtained":[{"floor":4.0,"key":"Incense Burner"},{"floor":6.0,"key":"Meat on the Bone"},{"floor":9.0,"key":"Toxic Egg 2"},{"floor":10.0,"key":"Gremlin Horn"},{"floor":12.0,"key":"Darkstone Periapt"},{"floor":13.0,"key":"aspiration:HummingbirdHeart"},{"floor":23.0,"key":"Orichalcum"},{"floor":25.0,"key":"aspiration:AnachronicSnailShell"},{"floor":26.0,"key":"theSenshi:SuperSailorFukuRelic"},{"floor":29.0,"key":"theSenshi:FeatherClipsRelic"},{"floor":37.0,"key":"Bottled Tornado"},{"floor":40.0,"key":"Bag of Marbles"},{"floor":42.0,"key":"conspire:DeflatedDodgeball"},{"floor":43.0,"key":"MealTicket"},{"floor":44.0,"key":"MawBank"},{"floor":47.0,"key":"Vajra"}],"event_choices":[{"damage_healed":0.0,"max_hp_gain":0.0,"max_hp_loss":0.0,"gold_gain":0.0,"event_name":"yidonshenshe","player_choice":"¶ë?","floor":8.0,"gold_loss":40.0,"damage_taken":0.0,"relics_obtained":["PaintedHorse:ReiMu"]},{"damage_healed":0.0,"max_hp_gain":0.0,"max_hp_loss":0.0,"gold_gain":0.0,"event_name":"Drug Dealer","player_choice":"Inject Mutagens","floor":19.0,"gold_loss":0.0,"damage_taken":0.0,"relics_obtained":["MutagenicStrength"]},{"damage_healed":0.0,"max_hp_gain":0.0,"max_hp_loss":0.0,"gold_gain":0.0,"event_name":"Addict","player_choice":"Stole Relic","floor":20.0,"gold_loss":0.0,"damage_taken":0.0,"relics_obtained":["aspiration:HiddenCompartment"],"cards_obtained":["Shame"]},{"cards_removed":["Strike_S"],"damage_healed":0.0,"max_hp_gain":0.0,"max_hp_loss":0.0,"gold_gain":0.0,"event_name":"Golden Wing","player_choice":"Card Removal","floor":54.0,"gold_loss":0.0,"damage_taken":7.0}],"is_beta":false,"boss_relics":[{"not_picked":["theSenshi:MoonKaleidoScopeRelic","Pandora\u0027s Box"],"picked":"Philosopher\u0027s Stone"},{"not_picked":["aspiration:PoetsPen_weak","Cursed Key"],"picked":"Empty Cage"},{"not_picked":["aspiration:WatcherSkillbook","aspiration:SecretTechniqueScroll","Calling Bell"]},{"not_picked":["Busted Crown","theSenshi:MoonKaleidoScopeRelic"],"picked":"Black Star"},{"not_picked":["Fusion Hammer","aspiration:FutureDiary"],"picked":"aspiration:IroncladSkillbook"},{"not_picked":["conspire:SpecialSausage","Snecko Eye"],"picked":"SplendidAttire"}],"items_purged_floors":[22,65,78,96],"is_endless":true,"potions_floor_spawned":[1,6,10,12,14,21,23,27,28,35,36,38,42,47,55,58,62,63,71,72,73,79,82,86,87,88,91,98,101],"killed_by":"Jaw Worm","ascension_level":1}}