{"host":"oeqgep2lwmjgysjb","time":1611986836,"event":{"mods":["AchievementEnabler","Aspiration","BaseMod","BetterRewards","Colored Powertips","Conspire","Custom Start","Downfall","Hubris","Infinite Spire","Minty Spire (QoL Compilation)","Quick Restart","Replay The Spire","Shop Mod","StSLib","The Runesmith"],"gold_per_floor":[112,112,122,122,138,156,182,182,208,220,245,262,14,28,28,125,125,145,160,172,101,117,117,117,117],"floor_reached":24,"language":"ENG","playtime":1878,"items_purged":["Defend_P","Strike_P","Strike_P"],"score":337,"play_id":"5e3596e5-6aaa-4dcd-9bb0-7c3dc72470c2","local_time":"20210130170716","is_ascension_mode":false,"campfire_choices":[{"data":"FlurryOfBlows","floor":8,"key":"SMITH"},{"floor":15,"key":"REST"},{"data":"DevaForm","floor":23,"key":"SMITH"}],"circlet_count":0,"master_deck":["Strike_P","Defend_P+1","Defend_P+1","Eruption+1","Vigilance","Flash of Steel","EmptyFist+1","Crescendo+1","LessonLearned+1","EmptyMind","FlurryOfBlows+1","Crescendo+1","TalkToTheHand+1","Replay:Cycle","TalkToTheHand","Replay:AtTheReady","FlurryOfBlows+1","DevaForm+1","BattleHymn+1","FollowUp","Study","ThirdEye+1"],"relics":["PureWater","hubris:GlazedTorus","hubris:BundleOfHerbs","Runesmith:Nanobots","Toy Ornithopter","Damaru","hubris:Backtick","Mummified Hand"],"acts_visited":["Exordium","TheCity"],"potions_floor_usage":[7,16,20,24,24],"damage_taken":[{"damage":0,"enemies":"2 Louse","floor":1,"turns":2},{"damage":0,"enemies":"Cultist","floor":3,"turns":2},{"damage":6,"enemies":"Jaw Worm","floor":5,"turns":4},{"damage":0,"enemies":"3 Louse","floor":6,"turns":2},{"damage":8,"enemies":"Gremlin Nob","floor":7,"turns":3},{"damage":0,"enemies":"Exordium Thugs","floor":10,"turns":2},{"damage":0,"enemies":"Lagavulin","floor":11,"turns":2},{"damage":6,"enemies":"Lots of Slimes","floor":12,"turns":2},{"damage":1,"enemies":"3 Louse","floor":14,"turns":3},{"damage":11,"enemies":"Hexaghost","floor":16,"turns":6},{"damage":2,"enemies":"Spheric Guardian","floor":18,"turns":3},{"damage":30,"enemies":"Shell Parasite","floor":19,"turns":3},{"damage":8,"enemies":"Cultist and Chosen","floor":20,"turns":4},{"damage":25,"enemies":"Snake Plant","floor":22,"turns":4},{"damage":35,"enemies":"Slavers","floor":24,"turns":3}],"seed_played":"-7278784399909790736","potions_obtained":[{"floor":5,"key":"SpeedPotion"},{"floor":6,"key":"PowerPotion"},{"floor":11,"key":"Dexterity Potion"},{"floor":14,"key":"sneckomod:MuddlingPotion"},{"floor":19,"key":"Regen Potion"},{"floor":22,"key":"Elixir"}],"is_trial":false,"path_per_floor":["M","?","M","?","M","M","E","R","T","M","E","M","$","M","R","B",null,"M","M","M","$","M","R","E"],"character_chosen":"WATCHER","items_purchased":["Flash of Steel","EmptyFist","TalkToTheHand","Replay:AtTheReady","Study"],"campfire_rested":1,"item_purchase_floors":[0,0,13,13,21],"current_hp_per_floor":[39,39,39,39,33,33,36,36,36,36,36,30,30,29,50,44,72,70,40,49,49,24,24,0,0],"gold":117,"neow_bonus":"","is_daily":false,"chose_seed":false,"campfire_upgraded":2,"win_rate":0.0,"timestamp":1611986836,"path_taken":["M","?","M","?","M","M","E","R","T","?","E","M","$","M","R","BOSS","M","M","M","$","M","R","E"],"items_purchased_type":["Card","Card","Card","Card","Card"],"build_version":"2020-12-22","purchased_purges":3,"victory":false,"max_hp_per_floor":[72,72,72,72,72,72,72,72,72,72,72,72,72,72,72,72,72,72,72,72,72,72,72,72,72],"card_choices":[{"not_picked":["FlyingSleeves","Weave"],"picked":"Crescendo","floor":1},{"not_picked":["FollowUp","JustLucky"],"picked":"LessonLearned","floor":3},{"not_picked":["Prostrate","Replay:ManipulateFuture","Swivel"],"picked":"SKIP","floor":5},{"not_picked":["Prostrate","CrushJoints"],"picked":"EmptyMind","floor":6},{"not_picked":["FollowUp","MasterReality"],"picked":"FlurryOfBlows","floor":7},{"not_picked":["Evaluate","Replay:BluntJabs"],"picked":"Crescendo","floor":10},{"not_picked":["Blasphemy","BowlingBash"],"picked":"TalkToTheHand","floor":11},{"not_picked":["Evaluate","Replay:ManipulateFuture"],"picked":"Replay:Cycle","floor":12},{"not_picked":["BowlingBash","Replay:Hum"],"picked":"FlurryOfBlows","floor":14},{"not_picked":["SpiritShield","Replay:AllIn"],"picked":"DevaForm","floor":16},{"not_picked":["Vengeance","Halt+1"],"picked":"BattleHymn+1","floor":18},{"not_picked":["Replay:DivineShield","Fasting2"],"picked":"FollowUp","floor":19},{"not_picked":["Replay:Battleflow","Halt","EmptyBody"],"picked":"SKIP","floor":20},{"not_picked":["CarveReality","Crescendo"],"picked":"ThirdEye+1","floor":22}],"player_experience":338208,"relics_obtained":[{"floor":7,"key":"Runesmith:Nanobots"},{"floor":9,"key":"Toy Ornithopter"},{"floor":11,"key":"Damaru"}],"event_choices":[{"cards_removed":["Defend_P"],"damage_healed":0,"gold_gain":0,"player_choice":"Forget","damage_taken":0,"max_hp_gain":0,"max_hp_loss":0,"event_name":"Living Wall","floor":2,"gold_loss":0},{"cards_removed":["Strike_P"],"damage_healed":0,"gold_gain":0,"player_choice":"Offered Basic","damage_taken":0,"max_hp_gain":0,"max_hp_loss":0,"event_name":"Bonfire Elementals","floor":4,"gold_loss":0}],"is_beta":false,"boss_relics":[{"not_picked":["Runic Pyramid","hubris:GrandSneckoEye"],"picked":"hubris:Backtick"}],"items_purged_floors":[0,0,13],"is_endless":false,"potions_floor_spawned":[5,6,11,14,19,22],"killed_by":"Slavers","ascension_level":0}}