{"host":"ymmeoa1x24ihslbm","time":1611964808,"event":{"mods":["AchievementEnabler","BaseMod","Colored Map","Colored Powertips","Defuse TimeMaze Blight","Minty Spire (QoL Compilation)","Permanent Neow","Quick Restart","Rare Cards Sparkle","StSLib","Unceasing Turn Reminder"],"gold_per_floor":[110,110,110,123,133,133,159,11,36,55,89,102,127,141,141,215,215,232,232,147,165,165,191,191,219,219,238,261,261,272,289,289,289,289],"floor_reached":33,"language":"ENG","playtime":2168,"items_purged":[],"score":573,"play_id":"7e9900b7-ef97-407b-8132-2666b0927cac","local_time":"20210130010008","is_ascension_mode":true,"campfire_choices":[{"data":"Neutralize","floor":6.0,"key":"SMITH"},{"data":"Predator","floor":15.0,"key":"SMITH"},{"data":"Phantasmal Killer","floor":24,"key":"SMITH"},{"data":"Survivor","floor":29,"key":"SMITH"},{"data":"Footwork","floor":32,"key":"SMITH"}],"circlet_count":0,"master_deck":["AscendersBane","Strike_G","Strike_G","Strike_G","Strike_G","Defend_G","Defend_G","Defend_G","Defend_G","Defend_G","Survivor+1","Neutralize+1","Dagger Spray","Dagger Throw","Prepared","Blade Dance","Cloak And Dagger","Predator+1","Slice","Phantasmal Killer+1","Noxious Fumes","Die Die Die","Footwork+1","Distraction+1","Backflip"],"relics":["Ring of the Snake","Orichalcum","Lantern","PreservedInsect","Strawberry","Letter Opener","Black Star","MutagenicStrength","Turnip","Nilry\u0027s Codex","Pear","Pen Nib","Gambling Chip","Ancient Tea Set","Eternal Feather","Happy Flower"],"acts_visited":["Exordium","TheCity"],"potions_floor_usage":[21,25,27],"damage_taken":[{"damage":0.0,"enemies":"2 Louse","floor":1.0,"turns":3.0},{"damage":0.0,"enemies":"Cultist","floor":4.0,"turns":4.0},{"damage":0.0,"enemies":"Small Slimes","floor":5.0,"turns":3.0},{"damage":28.0,"enemies":"Gremlin Nob","floor":7.0,"turns":5.0},{"damage":4.0,"enemies":"3 Louse","floor":10.0,"turns":2.0},{"damage":7.0,"enemies":"3 Sentries","floor":11.0,"turns":6.0},{"damage":0.0,"enemies":"Blue Slaver","floor":12.0,"turns":3.0},{"damage":0.0,"enemies":"Lagavulin","floor":13.0,"turns":3.0},{"damage":0.0,"enemies":"Looter","floor":14.0,"turns":2.0},{"damage":21,"enemies":"Slime Boss","floor":16,"turns":10},{"damage":6,"enemies":"Chosen","floor":18,"turns":4},{"damage":5,"enemies":"Shell Parasite","floor":21,"turns":4},{"damage":10,"enemies":"Gremlin Leader","floor":23,"turns":6},{"damage":28,"enemies":"Book of Stabbing","floor":25,"turns":5},{"damage":9,"enemies":"Centurion and Healer","floor":27,"turns":8},{"damage":4,"enemies":"Snake Plant","floor":30,"turns":3},{"damage":0,"enemies":"Sentry and Sphere","floor":31,"turns":5},{"damage":54,"enemies":"Collector","floor":33,"turns":6}],"seed_played":"9124120741761555220","potions_obtained":[{"floor":1.0,"key":"Poison Potion"},{"floor":5.0,"key":"Swift Potion"},{"floor":11.0,"key":"SpeedPotion"},{"floor":12.0,"key":"FearPotion"},{"floor":16,"key":"PowerPotion"},{"floor":18,"key":"BlessingOfTheForge"},{"floor":25,"key":"ColorlessPotion"}],"is_trial":false,"path_per_floor":["M","?","?","M","M","R","E","$","T","M","E","M","E","M","R","B",null,"M","?","?","M","?","E","R","E","T","M","T","R","M","M","R","B"],"character_chosen":"THE_SILENT","items_purchased":["Lantern"],"campfire_rested":0,"item_purchase_floors":[8],"current_hp_per_floor":[63,56,80,80,80,80,52,52,52,48,48,48,48,48,48,27,72,66,66,66,61,45,45,45,17,17,8,8,20,16,16,31,0,0],"gold":289,"neow_bonus":"ONE_RANDOM_RARE_CARD","is_daily":false,"chose_seed":false,"campfire_upgraded":5,"win_rate":0.0,"timestamp":1611964808,"path_taken":["M","?","?","M","M","R","E","$","T","?","E","M","E","M","R","BOSS","M","?","?","M","?","E","R","E","T","M","?","R","?","M","R","BOSS"],"items_purchased_type":["Relic"],"build_version":"2020-12-22","purchased_purges":0,"victory":false,"max_hp_per_floor":[70,70,80,80,80,80,80,80,80,80,87,87,87,87,87,87,87,87,87,87,87,87,97,97,97,97,97,97,97,97,97,97,97,97],"card_choices":[{"not_picked":["Finisher","Terror"],"picked":"Dagger Spray","floor":1.0},{"not_picked":["Dagger Spray","Flying Knee"],"picked":"Dagger Throw","floor":4.0},{"not_picked":["Infinite Blades","Leg Sweep"],"picked":"Prepared","floor":5.0},{"not_picked":["Bouncing Flask","Finisher"],"picked":"Blade Dance","floor":7.0},{"not_picked":["Finisher","Skewer"],"picked":"Cloak And Dagger","floor":10.0},{"not_picked":["Endless Agony","Well Laid Plans","Acrobatics"],"picked":"SKIP","floor":11.0},{"not_picked":["PiercingWail","Slice"],"picked":"Predator","floor":12.0},{"not_picked":["Dash","Malaise"],"picked":"Slice","floor":13.0},{"not_picked":["Choke","Tactician","Leg Sweep"],"picked":"SKIP","floor":14.0},{"not_picked":["Burst","Night Terror"],"picked":"Phantasmal Killer","floor":16},{"not_picked":["Slice","Underhanded Strike"],"picked":"Noxious Fumes","floor":18},{"not_picked":["Slice","Bane"],"picked":"Die Die Die","floor":21},{"not_picked":["Caltrops","Acrobatics"],"picked":"Footwork","floor":23},{"not_picked":["Well Laid Plans","Cloak And Dagger+1","Backstab"],"picked":"SKIP","floor":25},{"not_picked":["Flying Knee","Dash","Noxious Fumes"],"picked":"SKIP","floor":27},{"not_picked":["Outmaneuver","Well Laid Plans"],"picked":"Distraction+1","floor":30},{"not_picked":["Wraith Form v2","Prepared"],"picked":"Backflip","floor":31}],"player_experience":576823,"relics_obtained":[{"floor":7.0,"key":"Orichalcum"},{"floor":9.0,"key":"PreservedInsect"},{"floor":11.0,"key":"Strawberry"},{"floor":13.0,"key":"Letter Opener"},{"floor":22,"key":"Nilry\u0027s Codex"},{"floor":23,"key":"Pear"},{"floor":23,"key":"Pen Nib"},{"floor":25,"key":"Gambling Chip"},{"floor":25,"key":"Ancient Tea Set"},{"floor":26,"key":"Eternal Feather"},{"floor":28,"key":"Happy Flower"}],"event_choices":[{"cards_removed":["Strike_G"],"damage_healed":0.0,"max_hp_gain":0.0,"max_hp_loss":0.0,"gold_gain":0.0,"event_name":"Golden Wing","player_choice":"Card Removal","floor":2.0,"gold_loss":0.0,"damage_taken":7.0},{"cards_removed":["Corpse Explosion"],"damage_healed":14.0,"max_hp_gain":10.0,"max_hp_loss":0.0,"gold_gain":0.0,"event_name":"Bonfire Elementals","player_choice":"Offered Rare","floor":3.0,"gold_loss":0.0,"damage_taken":0.0},{"damage_healed":0,"gold_gain":0,"player_choice":"Inject Mutagens","damage_taken":0,"relics_obtained":["MutagenicStrength"],"max_hp_gain":0,"max_hp_loss":0,"event_name":"Drug Dealer","floor":19,"gold_loss":0},{"damage_healed":0,"gold_gain":0,"player_choice":"Obtained Relic","damage_taken":0,"relics_obtained":["Turnip"],"max_hp_gain":0,"max_hp_loss":0,"event_name":"Addict","floor":20,"gold_loss":85},{"damage_healed":0,"gold_gain":0,"player_choice":"Obtained Book","damage_taken":16,"max_hp_gain":0,"max_hp_loss":0,"event_name":"Cursed Tome","floor":22,"gold_loss":0}],"is_beta":false,"boss_relics":[{"not_picked":["Busted Crown","Runic Dome"],"picked":"Black Star"}],"items_purged_floors":[],"is_endless":false,"potions_floor_spawned":[1,5,11,12,16,18,25],"killed_by":"Collector","ascension_level":13}}