{"host":"15dd7v8o90xso62x","time":1611990735,"event":{"mods":["BaseMod","Minty Spire (QoL Compilation)","Quick Restart","StSLib","SuperFastMode"],"gold_per_floor":[114,114,131,131,206,249,272,272,297,297,325,84,84,107,107,107,107],"floor_reached":16,"language":"KOR","playtime":330,"items_purged":["Defend_G"],"score":250,"play_id":"3468415a-f4f9-49ed-99f1-e70f0a3ae003","local_time":"20210130161215","is_ascension_mode":true,"campfire_choices":[{"data":"Well Laid Plans","floor":8.0,"key":"SMITH"},{"data":"Neutralize","floor":10.0,"key":"SMITH"},{"data":"Blade Dance","floor":13.0,"key":"SMITH"},{"data":"Dagger Throw","floor":15.0,"key":"SMITH"}],"circlet_count":0,"master_deck":["AscendersBane","Strike_G","Strike_G","Strike_G","Strike_G","Strike_G","Defend_G","Defend_G","Defend_G","Defend_G","Survivor","Neutralize+1","Well Laid Plans+1","Leg Sweep","Blade Dance+1","Dagger Throw+1"],"relics":["Ring of the Snake","NeowsBlessing","Golden Idol","CeramicFish","Vajra","PreservedInsect"],"acts_visited":["Exordium"],"potions_floor_usage":[16,16],"damage_taken":[{"damage":0.0,"enemies":"Jaw Worm","floor":1.0,"turns":1.0},{"damage":0.0,"enemies":"Cultist","floor":3.0,"turns":1.0},{"damage":0.0,"enemies":"Lagavulin","floor":6.0,"turns":1.0},{"damage":9.0,"enemies":"Small Slimes","floor":7.0,"turns":6.0},{"damage":1.0,"enemies":"3 Louse","floor":11.0,"turns":4.0},{"damage":4.0,"enemies":"Blue Slaver","floor":14.0,"turns":5.0},{"damage":18,"enemies":"Hexaghost","floor":16,"turns":10}],"seed_played":"2753272799225767955","potions_obtained":[{"floor":1.0,"key":"EssenceOfSteel"},{"floor":3.0,"key":"Weak Potion"},{"floor":7.0,"key":"CunningPotion"}],"is_trial":false,"path_per_floor":["M","?","M","?","?","E","M","R","T","R","M","$","R","M","R","B"],"character_chosen":"THE_SILENT","items_purchased":["PreservedInsect"],"campfire_rested":0,"item_purchase_floors":[12],"current_hp_per_floor":[59,66,66,43,32,32,23,23,23,23,22,22,22,18,18,0,0],"gold":107,"neow_bonus":"THREE_ENEMY_KILL","is_daily":false,"chose_seed":false,"campfire_upgraded":4,"win_rate":0.0,"timestamp":1611990735,"path_taken":["M","?","?","?","?","E","M","R","T","R","M","$","R","M","R","BOSS"],"items_purchased_type":["Relic"],"build_version":"2020-12-22","purchased_purges":1,"victory":false,"max_hp_per_floor":[66,66,66,66,66,66,66,66,66,66,66,66,66,66,66,66,66],"card_choices":[{"not_picked":["Distraction","Terror"],"picked":"Noxious Fumes","floor":1.0},{"not_picked":["Predator","Deadly Poison"],"picked":"Well Laid Plans","floor":3.0},{"not_picked":["Bane","Poisoned Stab"],"picked":"Leg Sweep","floor":6.0},{"not_picked":["Underhanded Strike","Dodge and Roll","Outmaneuver"],"picked":"SKIP","floor":7.0},{"not_picked":["PiercingWail","Expertise"],"picked":"Blade Dance","floor":11.0},{"not_picked":["Prepared","Endless Agony"],"picked":"Dagger Throw","floor":14.0}],"player_experience":901799,"relics_obtained":[{"floor":6.0,"key":"CeramicFish"},{"floor":9.0,"key":"Vajra"}],"event_choices":[{"cards_removed":["Noxious Fumes"],"damage_healed":7.0,"max_hp_gain":0.0,"max_hp_loss":0.0,"gold_gain":0.0,"event_name":"Bonfire Elementals","player_choice":"Offered Uncommon","floor":2.0,"gold_loss":0.0,"damage_taken":0.0},{"damage_healed":0.0,"max_hp_gain":0.0,"max_hp_loss":0.0,"gold_gain":0.0,"event_name":"Golden Idol","player_choice":"Take Damage","floor":4.0,"gold_loss":0.0,"damage_taken":23.0,"relics_obtained":["Golden Idol"]},{"damage_healed":0.0,"max_hp_gain":0.0,"max_hp_loss":0.0,"gold_gain":75.0,"event_name":"World of Goop","player_choice":"Gather Gold","floor":5.0,"gold_loss":0.0,"damage_taken":11.0}],"is_beta":false,"boss_relics":[],"items_purged_floors":[12],"is_endless":false,"potions_floor_spawned":[1,3,7],"killed_by":"Hexaghost","ascension_level":20}}