{"host":"9v3x998ddbx8o276","time":1611988470,"event":{"mods":["AchievementEnabler","BaseMod","Colored Map","Colored Powertips","Highlight Path","Minty Spire (QoL Compilation)","Quick Restart","Rare Cards Sparkle"],"gold_per_floor":[116,6,23,23,36,36,55,74,74,74,74,107,120,146,146,225,225,237,152,152,171,185,185,195,224,224,64,164,164,174,204,204,275,275,293,307,38,38,87,87,112,112,112,131,6,40,62,124,136,148,160,160],"floor_reached":51,"language":"ENG","playtime":2531,"items_purged":["Strike_G+1","Strike_G+1","Strike_G+1"],"score":1485,"play_id":"6b1fc88d-c384-4799-820f-88917de4237d","local_time":"20210130170430","is_ascension_mode":true,"campfire_choices":[{"data":"Crippling Poison","floor":6.0,"key":"SMITH"},{"data":"Blade Dance","floor":10.0,"key":"SMITH"},{"floor":15.0,"key":"REST"},{"floor":23.0,"key":"REST"},{"floor":29.0,"key":"REST"},{"floor":32.0,"key":"REST"},{"floor":40.0,"key":"REST"},{"floor":42,"key":"REST"},{"floor":49,"key":"REST"}],"circlet_count":0,"master_deck":["AscendersBane","Strike_G+1","Strike_G+1","Defend_G+1","Defend_G+1","Defend_G+1","Defend_G+1","Survivor","Neutralize","Crippling Poison+1","Dash","Blade Dance+1","Terror+1","Prepared+1","Setup+1","Outmaneuver+1","Night Terror+1","Cloak And Dagger+1","Crippling Poison+1","Leg Sweep+1","Backflip+1","Bouncing Flask+1","Crippling Poison+1","Choke+1","Acrobatics+1","Backflip+1","Backflip+1","Noxious Fumes+1","Burst+1","Deflect+1","Dodge and Roll+1","Calculated Gamble+1","Malaise+1","PiercingWail+1","Calculated Gamble+1","Well Laid Plans","Tools of the Trade"],"relics":["Ring of the Snake","NeowsBlessing","Toxic Egg 2","Molten Egg 2","Omamori","Pantograph","Fusion Hammer","Meat on the Bone","Matryoshka","Dream Catcher","Blue Candle","Lizard Tail","Letter Opener","Bronze Scales","Sozu","Strange Spoon","The Specimen","War Paint","Potion Belt","White Beast Statue","MawBank"],"acts_visited":["Exordium","TheCity","TheBeyond"],"potions_floor_usage":[50],"damage_taken":[{"damage":0.0,"enemies":"2 Louse","floor":1.0,"turns":1.0},{"damage":0.0,"enemies":"Cultist","floor":3.0,"turns":1.0},{"damage":0.0,"enemies":"Jaw Worm","floor":5.0,"turns":1.0},{"damage":0.0,"enemies":"Looter","floor":7.0,"turns":4.0},{"damage":0.0,"enemies":"Large Slime","floor":8.0,"turns":4.0},{"damage":29.0,"enemies":"Gremlin Nob","floor":12.0,"turns":4.0},{"damage":6.0,"enemies":"3 Louse","floor":13.0,"turns":3.0},{"damage":18.0,"enemies":"Lagavulin","floor":14.0,"turns":7.0},{"damage":43.0,"enemies":"The Guardian","floor":16.0,"turns":12.0},{"damage":15.0,"enemies":"2 Thieves","floor":18.0,"turns":4.0},{"damage":0.0,"enemies":"3 Byrds","floor":21.0,"turns":3.0},{"damage":10.0,"enemies":"Snecko","floor":22.0,"turns":4.0},{"damage":11.0,"enemies":"Cultist and Chosen","floor":24.0,"turns":5.0},{"damage":36.0,"enemies":"Gremlin Leader","floor":25.0,"turns":6.0},{"damage":7.0,"enemies":"Colosseum Slavers","floor":28.0,"turns":3.0},{"damage":11.0,"enemies":"Colosseum Nobs","floor":28.0,"turns":6.0},{"damage":2.0,"enemies":"Snake Plant","floor":30.0,"turns":3.0},{"damage":22.0,"enemies":"Slavers","floor":31.0,"turns":5.0},{"damage":51.0,"enemies":"Champ","floor":33.0,"turns":11.0},{"damage":0.0,"enemies":"3 Darklings","floor":35.0,"turns":3.0},{"damage":0.0,"enemies":"3 Shapes","floor":36.0,"turns":2.0},{"damage":27.0,"enemies":"2 Orb Walkers","floor":39.0,"turns":4.0},{"damage":71,"enemies":"Giant Head","floor":41,"turns":10},{"damage":18,"enemies":"Writhing Mass","floor":44,"turns":6},{"damage":8,"enemies":"Reptomancer","floor":46,"turns":4},{"damage":2,"enemies":"3 Darklings","floor":47,"turns":3},{"damage":53,"enemies":"Donu and Deca","floor":50,"turns":11},{"damage":64,"enemies":"Awakened One","floor":51,"turns":10}],"seed_played":"-1284993582408144600","potions_obtained":[{"floor":13.0,"key":"Fire Potion"},{"floor":16.0,"key":"FearPotion"},{"floor":22.0,"key":"ColorlessPotion"},{"floor":30.0,"key":"Explosive Potion"},{"floor":31.0,"key":"Fire Potion"},{"floor":33.0,"key":"Ancient Potion"}],"is_trial":false,"path_per_floor":["M","$","M","?","M","R","M","M","T","R","?","E","M","E","R","B",null,"M","?","?","M","M","R","M","E","T","$","?","R","M","E","R","B",null,"M","M","$","?","?","R","E","R","T","M","$","E","M","?","R","B","B"],"character_chosen":"THE_SILENT","items_purchased":["PowerPotion","Poison Potion","Crippling Poison+1","Strange Spoon"],"campfire_rested":7,"item_purchase_floors":[2,2,27,37],"current_hp_per_floor":[59,59,59,59,59,59,59,59,59,59,54,25,19,1,20,2,50,35,35,35,35,37,56,45,21,21,21,27,46,44,34,53,27,56,56,56,56,56,41,60,40,59,59,41,41,45,43,43,62,25,0,0],"gold":160,"neow_bonus":"THREE_ENEMY_KILL","is_daily":false,"chose_seed":false,"campfire_upgraded":2,"win_rate":0.0,"timestamp":1611988470,"path_taken":["M","$","M","?","M","R","?","M","T","R","?","E","M","E","R","BOSS","M","?","?","M","M","R","M","E","T","$","?","R","M","E","R","BOSS","M","M","$","?","?","R","E","R","T","M","$","E","M","?","R","BOSS","BOSS"],"items_purchased_type":["Potion","Potion","Card","Relic"],"build_version":"2020-12-22","purchased_purges":3,"victory":false,"max_hp_per_floor":[66,66,66,66,66,66,66,66,66,66,66,66,66,66,66,66,66,66,66,66,66,66,66,66,66,66,66,66,66,66,66,66,66,66,66,66,66,66,66,66,66,66,66,66,66,66,66,66,66,66,66,66],"card_choices":[{"not_picked":["Quick Slash","Deflect"],"picked":"Crippling Poison","floor":1.0},{"not_picked":["Poisoned Stab","Deadly Poison"],"picked":"Dash","floor":3.0},{"not_picked":["Terror","Acrobatics"],"picked":"Blade Dance","floor":5.0},{"not_picked":["Skewer","Sucker Punch"],"picked":"Terror","floor":7.0},{"not_picked":["Bane","Sucker Punch"],"picked":"Prepared","floor":8.0},{"not_picked":["Dagger Throw+1","Dash+1"],"picked":"Setup+1","floor":12.0},{"not_picked":["Sucker Punch+1","Bane+1"],"picked":"Quick Slash+1","floor":13.0},{"not_picked":["Dagger Throw+1","Bane+1"],"picked":"Outmaneuver+1","floor":14.0},{"not_picked":["Die Die Die+1","Bullet Time+1"],"picked":"Night Terror+1","floor":16.0},{"not_picked":["Flying Knee+1","Escape Plan+1"],"picked":"Cloak And Dagger+1","floor":18.0},{"not_picked":["Dodge and Roll+1","Slice+1"],"picked":"Crippling Poison+1","floor":21.0},{"not_picked":["Poisoned Stab+1","Dagger Spray+1"],"picked":"Leg Sweep+1","floor":22.0},{"not_picked":["PiercingWail+1","Accuracy"],"picked":"Backflip+1","floor":24.0},{"not_picked":["Heel Hook+1","Tactician+1"],"picked":"Bouncing Flask+1","floor":25.0},{"not_picked":["Poisoned Stab+1","Setup+1"],"picked":"Choke+1","floor":28.0},{"not_picked":["Dagger Spray+1","Cloak And Dagger+1"],"picked":"Acrobatics+1","floor":29.0},{"not_picked":["Dodge and Roll+1","Outmaneuver+1"],"picked":"Backflip+1","floor":30.0},{"not_picked":["Doppelganger+1","Night Terror+1"],"picked":"Backflip+1","floor":31.0},{"not_picked":["Bouncing Flask+1","Deadly Poison+1"],"picked":"Noxious Fumes+1","floor":32.0},{"not_picked":["Corpse Explosion+1","Phantasmal Killer+1"],"picked":"Burst+1","floor":33.0},{"not_picked":["Dash+1","Skewer+1"],"picked":"Deflect+1","floor":35.0},{"not_picked":["Flying Knee+1","Dagger Throw+1","Deadly Poison+1"],"picked":"SKIP","floor":36.0},{"not_picked":["Backstab+1","Backflip+1"],"picked":"Dodge and Roll+1","floor":39.0},{"not_picked":["Acrobatics+1","Cloak And Dagger+1"],"picked":"Calculated Gamble+1","floor":40.0},{"not_picked":["Cloak And Dagger+1","Quick Slash+1"],"picked":"Malaise+1","floor":41},{"not_picked":["Bane+1","Setup+1"],"picked":"PiercingWail+1","floor":44},{"not_picked":["Prepared+1","Slice+1"],"picked":"Calculated Gamble+1","floor":46},{"not_picked":["Underhanded Strike+1","All Out Attack+1"],"picked":"Well Laid Plans","floor":47},{"not_picked":["Dagger Spray+1","Dodge and Roll+1"],"picked":"Tools of the Trade","floor":49}],"player_experience":1674850,"relics_obtained":[{"floor":9.0,"key":"Toxic Egg 2"},{"floor":12.0,"key":"Omamori"},{"floor":14.0,"key":"Pantograph"},{"floor":25.0,"key":"Matryoshka"},{"floor":26.0,"key":"Dream Catcher"},{"floor":26.0,"key":"Blue Candle"},{"floor":28.0,"key":"Lizard Tail"},{"floor":28.0,"key":"Letter Opener"},{"floor":31.0,"key":"Bronze Scales"},{"floor":39.0,"key":"The Specimen"},{"floor":41,"key":"War Paint"},{"floor":43,"key":"Potion Belt"},{"floor":43,"key":"White Beast Statue"},{"floor":46,"key":"MawBank"}],"event_choices":[{"cards_removed":["Defend_G"],"damage_healed":0.0,"max_hp_gain":0.0,"max_hp_loss":0.0,"gold_gain":0.0,"event_name":"Purifier","player_choice":"Purged","floor":4.0,"gold_loss":0.0,"damage_taken":0.0},{"damage_healed":0.0,"max_hp_gain":0.0,"max_hp_loss":0.0,"gold_gain":0.0,"event_name":"Scrap Ooze","player_choice":"Success","floor":11.0,"gold_loss":0.0,"damage_taken":5.0,"relics_obtained":["Molten Egg 2"]},{"damage_healed":0.0,"max_hp_gain":0.0,"max_hp_loss":0.0,"gold_gain":0.0,"event_name":"Addict","player_choice":"Obtained Relic","floor":19.0,"gold_loss":85.0,"damage_taken":0.0,"relics_obtained":["Meat on the Bone"]},{"damage_healed":0.0,"max_hp_gain":0.0,"max_hp_loss":0.0,"gold_gain":0.0,"event_name":"Back to Basics","player_choice":"Simplicity","floor":20.0,"gold_loss":0.0,"damage_taken":0.0,"cards_upgraded":["Strike_G","Strike_G","Strike_G","Strike_G","Strike_G","Defend_G","Defend_G","Defend_G","Defend_G"]},{"damage_healed":0.0,"max_hp_gain":0.0,"max_hp_loss":0.0,"gold_gain":0.0,"event_name":"Colosseum","player_choice":"Fight","floor":28.0,"gold_loss":0.0,"damage_taken":0.0},{"damage_healed":0.0,"max_hp_gain":0.0,"max_hp_loss":0.0,"gold_gain":0.0,"event_name":"Colosseum","player_choice":"Fought Nobs","floor":28.0,"gold_loss":0.0,"damage_taken":0.0},{"cards_removed":["Quick Slash"],"damage_healed":0.0,"max_hp_gain":0.0,"max_hp_loss":0.0,"gold_gain":0.0,"event_name":"Falling","player_choice":"Removed Attack","floor":38.0,"gold_loss":0.0,"damage_taken":0.0},{"damage_healed":0.0,"max_hp_gain":0.0,"max_hp_loss":0.0,"gold_gain":0.0,"event_name":"Mysterious Sphere","player_choice":"Fight","floor":39.0,"gold_loss":0.0,"damage_taken":0.0},{"damage_healed":0,"gold_gain":50,"player_choice":"Pray","damage_taken":0,"max_hp_gain":0,"max_hp_loss":0,"event_name":"Golden Shrine","floor":48,"gold_loss":0}],"is_beta":false,"boss_relics":[{"not_picked":["Velvet Choker","Cursed Key"],"picked":"Fusion Hammer"},{"not_picked":["Philosopher\u0027s Stone","Calling Bell"],"picked":"Sozu"}],"items_purged_floors":[27,37,45],"is_endless":false,"potions_floor_spawned":[12,13,16,22,30,31,33,36,44,46,47],"killed_by":"Awakened One","ascension_level":20}}