{"host":"2se5dq1do2gp0x9k","time":1611980557,"event":{"mods":["AchievementEnabler","BaseMod","Block Reminder","Colored Map","Colored Powertips","Minty Spire (QoL Compilation)","Relic Stats","StSLib","SuperFastMode"],"gold_per_floor":[117,192,204,41,41,41,41,41],"floor_reached":7,"language":"ENG","playtime":167,"items_purged":[],"score":78,"play_id":"27b99c62-a471-4894-92b4-b9ad1aaf9f33","local_time":"20210129202237","is_ascension_mode":true,"campfire_choices":[{"data":"Rainbow","floor":6,"key":"SMITH"}],"circlet_count":0,"master_deck":["AscendersBane","Dualcast","FTL","Electrodynamics","Recycle","Stack","FTL","Static Discharge","Leap","Rainbow+1","Capacitor","Coolheaded"],"relics":["Pandora\u0027s Box","Runic Capacitor"],"acts_visited":["Exordium"],"potions_floor_usage":[],"damage_taken":[{"damage":9,"enemies":"Small Slimes","floor":1,"turns":3},{"damage":1,"enemies":"Jaw Worm","floor":3,"turns":3},{"damage":36,"enemies":"Gremlin Nob","floor":7,"turns":3}],"seed_played":"6620911828840404243","potions_obtained":[],"is_trial":false,"path_per_floor":["M","?","M","$","?","R","E"],"character_chosen":"DEFECT","items_purchased":["Runic Capacitor"],"campfire_rested":0,"item_purchase_floors":[4],"current_hp_per_floor":[55,44,43,43,36,36,0,0],"gold":41,"neow_bonus":"BOSS_RELIC","is_daily":false,"chose_seed":false,"campfire_upgraded":1,"win_rate":0.0,"timestamp":1611980557,"path_taken":["M","?","M","$","?","R","E"],"items_purchased_type":["Relic"],"build_version":"2020-12-22","purchased_purges":0,"victory":false,"max_hp_per_floor":[71,71,71,71,71,71,71,71],"relic_stats":{"counters":[3,9],"Pandora\u0027s Box":["FTL","Electrodynamics","Recycle","Stack","FTL","Static Discharge","Leap","Rainbow"],"obtain_stats":[{"Pandora\u0027s Box":0,"Runic Capacitor":4,"Cracked Core":0},{"Pandora\u0027s Box":0,"Runic Capacitor":2,"Cracked Core":0},{"Pandora\u0027s Box":0,"Runic Capacitor":6,"Cracked Core":0}]},"card_choices":[{"not_picked":["Rebound","Ball Lightning"],"picked":"Capacitor","floor":1},{"not_picked":["Recycle","Double Energy"],"picked":"Coolheaded","floor":3}],"player_experience":3975499,"relics_obtained":[],"event_choices":[{"damage_healed":0,"gold_gain":75,"player_choice":"Gather Gold","damage_taken":11,"max_hp_gain":0,"max_hp_loss":0,"event_name":"World of Goop","floor":2,"gold_loss":0},{"cards_removed":["Zap"],"damage_healed":0,"gold_gain":0,"player_choice":"Card Removal","damage_taken":7,"max_hp_gain":0,"max_hp_loss":0,"event_name":"Golden Wing","floor":5,"gold_loss":0}],"is_beta":false,"boss_relics":[],"items_purged_floors":[],"is_endless":false,"potions_floor_spawned":[],"killed_by":"Gremlin Nob","ascension_level":20}}