{"host":"d52brwsy6af8zvaq","time":1611982708,"event":{"mods":["AchievementEnabler","BaseMod","Bestiary","Highlight Path","Minty Spire (QoL Compilation)","Quick Restart","Relic Stats","ojb\u0027s Better Paths Mod"],"gold_per_floor":[117,117,137,157,174,203,203,28,28,46,46,72,72,72,72,72,72],"floor_reached":16,"language":"ENG","playtime":528,"items_purged":["Strike_G"],"score":220,"play_id":"ca1d4424-7add-438d-9b8c-5590862d547d","local_time":"20210129215828","is_ascension_mode":true,"campfire_choices":[{"floor":7.0,"key":"REST"},{"data":"Dagger Spray","floor":11.0,"key":"SMITH"},{"floor":13,"key":"REST"},{"data":"Deadly Poison","floor":15,"key":"SMITH"}],"circlet_count":0,"master_deck":["AscendersBane","Strike_G","Strike_G","Strike_G","Defend_G","Defend_G","Defend_G","Defend_G+1","Defend_G+1","Survivor","Neutralize","Dagger Spray+1","Footwork","Bane","Dagger Throw","Poisoned Stab","Unload","Deadly Poison+1","Footwork","Cloak And Dagger","Deadly Poison"],"relics":["Ring of the Snake","War Paint","Paper Crane","The Specimen"],"acts_visited":["Exordium"],"potions_floor_usage":[12,16],"damage_taken":[{"damage":3.0,"enemies":"Jaw Worm","floor":1.0,"turns":5.0},{"damage":1.0,"enemies":"2 Louse","floor":3.0,"turns":4.0},{"damage":1.0,"enemies":"Small Slimes","floor":4.0,"turns":4.0},{"damage":14.0,"enemies":"3 Louse","floor":5.0,"turns":5.0},{"damage":43.0,"enemies":"Lagavulin","floor":6.0,"turns":11.0},{"damage":0.0,"enemies":"Looter","floor":10.0,"turns":2.0},{"damage":34,"enemies":"Gremlin Nob","floor":12,"turns":4},{"damage":40,"enemies":"Slime Boss","floor":16,"turns":6}],"seed_played":"8286853558260837788","potions_obtained":[{"floor":1.0,"key":"Regen Potion"},{"floor":6.0,"key":"Dexterity Potion"},{"floor":10.0,"key":"Regen Potion"}],"is_trial":false,"path_per_floor":["M","?","M","M","M","E","R","$","T","M","R","E","R","?","R","B"],"character_chosen":"THE_SILENT","items_purchased":["Deadly Poison","Footwork"],"campfire_rested":2,"item_purchase_floors":[8,8],"current_hp_per_floor":[56,56,55,54,40,12,31,31,31,31,31,11,30,30,30,0,0],"gold":72,"neow_bonus":"TRANSFORM_CARD","is_daily":false,"chose_seed":false,"campfire_upgraded":2,"win_rate":0.0,"timestamp":1611982708,"path_taken":["M","?","M","M","M","E","R","$","T","M","R","E","R","?","R","BOSS"],"items_purchased_type":["Card","Card"],"build_version":"2020-12-22","purchased_purges":1,"victory":false,"max_hp_per_floor":[66,66,66,66,66,66,66,66,66,66,66,66,66,66,66,66,66],"relic_stats":{"counters":[8,41],"War Paint":["Defend_G","Defend_G"],"obtain_stats":[{"The Specimen":12,"War Paint":6,"Paper Crane":9,"Ring of the Snake":0},{"The Specimen":7,"War Paint":5,"Paper Crane":5,"Ring of the Snake":0},{"The Specimen":35,"War Paint":29,"Paper Crane":29,"Ring of the Snake":0}],"Ring of the Snake":[16]},"card_choices":[{"not_picked":["Dodge and Roll","Flying Knee"],"picked":"Footwork","floor":1.0},{"not_picked":["Flying Knee","Footwork"],"picked":"Bane","floor":3.0},{"not_picked":["Deflect","Concentrate"],"picked":"Dagger Throw","floor":4.0},{"not_picked":["Prepared","Flying Knee"],"picked":"Poisoned Stab","floor":5.0},{"not_picked":["Slice","Well Laid Plans"],"picked":"Unload","floor":6.0},{"not_picked":["Sucker Punch","Endless Agony"],"picked":"Cloak And Dagger","floor":10.0},{"not_picked":["Flying Knee","Calculated Gamble"],"picked":"Deadly Poison","floor":12}],"player_experience":2070813,"relics_obtained":[{"floor":6.0,"key":"War Paint"},{"floor":9.0,"key":"Paper Crane"},{"floor":12,"key":"The Specimen"}],"event_choices":[{"damage_healed":0.0,"max_hp_gain":0.0,"max_hp_loss":0.0,"gold_gain":0.0,"event_name":"Scrap Ooze","player_choice":"Fled","floor":2.0,"gold_loss":0.0,"damage_taken":0.0},{"damage_healed":0,"gold_gain":0,"player_choice":"Ignored","damage_taken":0,"max_hp_gain":0,"max_hp_loss":0,"event_name":"Liars Game","floor":14,"gold_loss":0}],"is_beta":false,"boss_relics":[],"items_purged_floors":[8],"is_endless":false,"potions_floor_spawned":[1,6,10],"killed_by":"Slime Boss","ascension_level":20}}