{"host":"osk2oboccoevp2u5","time":1611973993,"event":{"mods":["AchievementEnabler","Alarm Clock","BaseMod","Colored Powertips","Disable Question Mark Monsters","Displayed Cursed Tome","Hermit","Key Reminder","Minty Spire (QoL Compilation)","Potion Indicator Mod","Quick Restart","Rare Cards Sparkle","Reorder Act Four","StSLib","Useless Jewels Mod"],"gold_per_floor":[111,111,125,135,147,147,160,192,192,220,220,245,245,261,261,261,261],"floor_reached":16,"language":"ENG","playtime":1017,"items_purged":[],"score":137,"play_id":"ac0cc85c-0f83-42a8-a557-0e370cdd3553","local_time":"20210129223313","is_ascension_mode":true,"campfire_choices":[{"data":"hermit:Ricochet","floor":6,"key":"SMITH"},{"floor":13,"key":"REST"},{"floor":15,"key":"REST"}],"circlet_count":0,"master_deck":["hermit:Strike_Hermit","hermit:Strike_Hermit","hermit:Strike_Hermit","hermit:Defend_Hermit","hermit:Defend_Hermit","hermit:Defend_Hermit","hermit:Defend_Hermit","hermit:Snapshot","hermit:Covet","hermit:FlashPowder","hermit:Ricochet+1","hermit:Midnight","Injury","hermit:DeadMansHand","hermit:Quickdraw"],"relics":["hermit:Momento","hermit:Horseshoe","HornCleat","Meat on the Bone","Golden Idol"],"acts_visited":["Exordium"],"potions_floor_usage":[8,8,8,16],"damage_taken":[{"damage":3,"enemies":"Jaw Worm","floor":1,"turns":5},{"damage":0,"enemies":"Cultist","floor":3,"turns":4},{"damage":0,"enemies":"2 Louse","floor":4,"turns":2},{"damage":2,"enemies":"Blue Slaver","floor":5,"turns":4},{"damage":11,"enemies":"3 Louse","floor":7,"turns":4},{"damage":16,"enemies":"Lagavulin","floor":8,"turns":5},{"damage":27,"enemies":"Gremlin Nob","floor":10,"turns":6},{"damage":4,"enemies":"Exordium Wildlife","floor":12,"turns":5},{"damage":10,"enemies":"Red Slaver","floor":14,"turns":2},{"damage":191,"enemies":"Hexaghost","floor":16,"turns":18}],"seed_played":"8282626444089633569","potions_obtained":[{"floor":0,"key":"Energy Potion"},{"floor":0,"key":"BlessingOfTheForge"},{"floor":0,"key":"PowerPotion"},{"floor":3,"key":"PowerPotion"},{"floor":12,"key":"SteroidPotion"},{"floor":14,"key":"SneckoOil"}],"is_trial":false,"path_per_floor":["M","?","M","M","M","R","M","E","T","E","?","M","R","M","R","B"],"character_chosen":"HERMIT","items_purchased":[],"campfire_rested":2,"item_purchase_floors":[],"current_hp_per_floor":[72,72,72,72,70,70,59,43,43,16,16,24,46,48,70,0,0],"gold":261,"neow_bonus":"THREE_SMALL_POTIONS","is_daily":false,"chose_seed":false,"campfire_upgraded":1,"win_rate":0.0,"timestamp":1611973993,"path_taken":["M","?","M","?","M","R","M","E","T","E","?","M","R","M","R","BOSS"],"items_purchased_type":[],"build_version":"2020-12-22","purchased_purges":0,"victory":false,"max_hp_per_floor":[75,75,75,75,75,75,75,75,75,75,75,75,75,75,75,75,75],"card_choices":[{"not_picked":["hermit:TakeCover","hermit:Malice","hermit:Manifest"],"picked":"SKIP","floor":1},{"not_picked":["hermit:FullyLoaded","hermit:Headshot","hermit:Glare"],"picked":"SKIP","floor":3},{"not_picked":["hermit:CalledShot","hermit:HoleUp","hermit:CursedWeapon"],"picked":"SKIP","floor":4},{"not_picked":["hermit:LuckOfTheDraw","hermit:Maintenance"],"picked":"hermit:Ricochet","floor":5},{"not_picked":["hermit:Headshot","hermit:Roulette","hermit:Coalescence"],"picked":"SKIP","floor":7},{"not_picked":["hermit:LowProfile","hermit:Ricochet"],"picked":"hermit:Midnight","floor":8},{"not_picked":["hermit:OverwhelmingPower","hermit:Coalescence","hermit:TrackingShot"],"picked":"SKIP","floor":10},{"not_picked":["hermit:PistolWhip","hermit:Headshot"],"picked":"hermit:DeadMansHand","floor":12},{"not_picked":["hermit:GhostlyPresence","hermit:SprayPray"],"picked":"hermit:Quickdraw","floor":14}],"player_experience":975507,"relics_obtained":[{"floor":8,"key":"hermit:Horseshoe"},{"floor":9,"key":"HornCleat"},{"floor":10,"key":"Meat on the Bone"}],"event_choices":[{"damage_healed":0,"gold_gain":0,"cards_transformed":["hermit:Strike_Hermit"],"player_choice":"Transformed","damage_taken":0,"max_hp_gain":0,"max_hp_loss":0,"event_name":"Transmorgrifier","floor":2,"gold_loss":0,"cards_obtained":["hermit:FlashPowder"]},{"damage_healed":0,"gold_gain":0,"player_choice":"Take Wound","damage_taken":0,"relics_obtained":["Golden Idol"],"max_hp_gain":0,"max_hp_loss":0,"event_name":"Golden Idol","floor":11,"gold_loss":0,"cards_obtained":["Injury"]}],"is_beta":false,"boss_relics":[],"items_purged_floors":[],"is_endless":false,"potions_floor_spawned":[3,5,12,14],"killed_by":"Hexaghost","ascension_level":4}}