{"host":"08sn1703g14rasc1","time":1611987324,"event":{"mods":["AchievementEnabler","BaseMod","Colored Map","Colored Powertips","Hermit","Minty Spire (QoL Compilation)","StSLib"],"gold_per_floor":[119,129,129,18,18,18,31,53,53,53,18,43,59,70,70,169,169,186,204,77,77,77,87,87,87,87,87,87],"floor_reached":27,"language":"ENG","playtime":731,"items_purged":["Strike_P"],"score":281,"play_id":"fd52b8f2-000e-4db3-90c1-37248661955c","local_time":"20210129221524","is_ascension_mode":true,"campfire_choices":[{"floor":6.0,"key":"REST"},{"floor":10,"key":"REST"},{"data":"Eruption","floor":15,"key":"SMITH"},{"floor":24,"key":"REST"}],"circlet_count":0,"master_deck":["Strike_P+1","Defend_P+1","Defend_P+1","Defend_P+1","Eruption+1","Vigilance","BowlingBash","Conclude","SandsOfTime","Meditate","WaveOfTheHand","Vault","Wireheading","EmptyFist","SpiritShield","CutThroughFate+1","EmptyBody","PathToVictory","CrushJoints","DevaForm","ClearTheMind"],"relics":["PureWater","Boot","Tiny Chest","Odd Mushroom","Mercury Hourglass","Strawberry","VioletLotus","Regal Pillow","Bottled Lightning"],"acts_visited":["Exordium","TheCity"],"potions_floor_usage":[16,18,23,27,27],"damage_taken":[{"damage":0.0,"enemies":"2 Louse","floor":1.0,"turns":2.0},{"damage":7.0,"enemies":"Jaw Worm","floor":2.0,"turns":3.0},{"damage":0.0,"enemies":"Small Slimes","floor":7.0,"turns":1.0},{"damage":15,"enemies":"The Mushroom Lair","floor":8,"turns":3},{"damage":1,"enemies":"Blue Slaver","floor":13,"turns":4},{"damage":0,"enemies":"Looter","floor":14,"turns":3},{"damage":42,"enemies":"The Guardian","floor":16,"turns":12},{"damage":46,"enemies":"Shell Parasite","floor":18,"turns":7},{"damage":8,"enemies":"3 Byrds","floor":19,"turns":5},{"damage":4,"enemies":"3 Cultists","floor":23,"turns":5},{"damage":53,"enemies":"Gremlin Leader","floor":27,"turns":6}],"seed_played":"7841340028571127204","potions_obtained":[{"floor":8,"key":"SkillPotion"},{"floor":16,"key":"PowerPotion"},{"floor":18,"key":"GamblersBrew"},{"floor":19,"key":"LiquidBronze"}],"is_trial":false,"path_per_floor":["M","M","?","$","?","R","M","?","T","R","?","T","M","M","R","B",null,"M","M","$","?","?","M","R","T","T","E"],"character_chosen":"WATCHER","items_purchased":["SandsOfTime","Regen Potion","PathToVictory"],"campfire_rested":3,"item_purchase_floors":[4,20,20],"current_hp_per_floor":[65,58,16,16,16,37,37,22,22,43,61,68,67,67,67,25,66,20,12,12,12,12,22,45,45,45,0,0],"gold":87,"neow_bonus":"RANDOM_COMMON_RELIC","is_daily":false,"chose_seed":false,"campfire_upgraded":1,"win_rate":0.0,"timestamp":1611987324,"path_taken":["M","M","?","$","?","R","M","?","T","R","?","?","M","?","R","BOSS","M","M","$","?","?","M","R","?","T","E"],"items_purchased_type":["Card","Potion","Card"],"build_version":"2020-12-22","purchased_purges":1,"victory":false,"max_hp_per_floor":[72,72,72,72,72,72,72,72,72,72,72,79,79,79,79,79,79,79,79,79,79,79,79,79,79,79,79,79],"card_choices":[{"not_picked":["Evaluate","ThirdEye"],"picked":"BowlingBash","floor":1.0},{"not_picked":["SashWhip","Nirvana"],"picked":"Conclude","floor":2.0},{"not_picked":["Prostrate","CrushJoints"],"picked":"WaveOfTheHand","floor":7.0},{"not_picked":["FlyingSleeves","JustLucky"],"picked":"Vault","floor":8},{"not_picked":["ClearTheMind","PathToVictory"],"picked":"Wireheading","floor":13},{"not_picked":["Pray","ClearTheMind"],"picked":"EmptyFist","floor":14},{"not_picked":["DevaForm","Vault"],"picked":"SpiritShield","floor":16},{"not_picked":["Fasting2","Weave"],"picked":"CutThroughFate+1","floor":18},{"not_picked":["CutThroughFate","FlyingSleeves"],"picked":"EmptyBody","floor":19},{"not_picked":["Worship+1","CrushJoints"],"picked":"ClearTheMind","floor":23}],"player_experience":492094,"relics_obtained":[{"floor":8,"key":"Odd Mushroom"},{"floor":9,"key":"Mercury Hourglass"},{"floor":12,"key":"Strawberry"},{"floor":25,"key":"Regal Pillow"},{"floor":26,"key":"Bottled Lightning"}],"event_choices":[{"damage_healed":0.0,"max_hp_gain":0.0,"max_hp_loss":0.0,"gold_gain":0.0,"event_name":"Scrap Ooze","player_choice":"Success","floor":3.0,"gold_loss":0.0,"damage_taken":42.0,"relics_obtained":["Tiny Chest"]},{"damage_healed":0.0,"max_hp_gain":0.0,"max_hp_loss":0.0,"gold_gain":0.0,"cards_transformed":["Strike_P"],"event_name":"Living Wall","player_choice":"Change","floor":5.0,"gold_loss":0.0,"damage_taken":0.0,"cards_obtained":["Meditate"]},{"damage_healed":0,"gold_gain":0,"player_choice":"Fought Mushrooms","damage_taken":0,"max_hp_gain":0,"max_hp_loss":0,"event_name":"Mushrooms","floor":8,"gold_loss":0},{"damage_healed":18,"gold_gain":0,"player_choice":"Healed","damage_taken":0,"max_hp_gain":0,"max_hp_loss":0,"event_name":"The Cleric","floor":11,"gold_loss":35},{"damage_healed":0,"gold_gain":0,"cards_transformed":["Defend_P","Strike_P"],"player_choice":"Became Test Subject","damage_taken":0,"max_hp_gain":0,"max_hp_loss":0,"event_name":"Drug Dealer","floor":21,"gold_loss":0,"cards_obtained":["CrushJoints","DevaForm"]},{"damage_healed":0,"gold_gain":0,"player_choice":"Simplicity","damage_taken":0,"max_hp_gain":0,"max_hp_loss":0,"event_name":"Back to Basics","floor":22,"gold_loss":0,"cards_upgraded":["Strike_P","Defend_P","Defend_P","Defend_P"]}],"is_beta":false,"boss_relics":[{"not_picked":["Black Star","Coffee Dripper"],"picked":"VioletLotus"}],"items_purged_floors":[4],"is_endless":false,"potions_floor_spawned":[8,16,18,19],"killed_by":"Gremlin Leader","ascension_level":8}}