{"host":"takgv9cv6xf64vhq","time":1611988631,"event":{"mods":["BaseMod","Colored Powertips","Downfall","Hubris","LagranYue(拉格朗・月)","Marisa（F雨　魔理沙）","Minty Spire (QoL Compilation)","Replay The Spire","StSLib","The Animator","The Cursed","The Jungle","TheHeartMod"],"gold_per_floor":[119,194,194,212,281,314,328,378,451,469,484,484,89,103,103,203,203,221,10,60,110,160,160,226,240,240,265,265,329,329,361,361,462,462,473,433,453,202,221,221,256,323,402,435,91,125,137,187,187,187,187,187,47,73,73],"floor_reached":56,"language":"ZHS","playtime":5136,"items_purged":["Strike_B"],"score":1481,"play_id":"deaceb8b-bde0-4fb6-89f7-8ce252ce9819","local_time":"20210130143711","is_ascension_mode":true,"campfire_choices":[{"data":"BasicCrystalCard","floor":12.0,"key":"SMITH"},{"data":"Rainbow","floor":15.0,"key":"SMITH"},{"data":"BasicCrystalCard","floor":23.0,"key":"SMITH"},{"data":"Mirror Shield","floor":28.0,"key":"SMITH"},{"data":"Capacitor","floor":30.0,"key":"SMITH"},{"data":"Loop","floor":32.0,"key":"SMITH"},{"floor":40.0,"key":"RECALL"},{"data":"Apotheosis","floor":49.0,"key":"SMITH"},{"data":"Rainbow","floor":52.0,"key":"SMITH"}],"circlet_count":0,"master_deck":["Strike_B","Strike_B","Zap","Dualcast","BasicCrystalCard+1","Core Surge","White Noise","BasicCrystalCard+1","hubris:Ukulele","Loop+1","Rainbow+1","Cold Snap","Mirror Shield+1","Loop+1","Capacitor+1","theJungle:Gourd","theJungle:Gourd","theJungle:Gourd","theJungle:Gourd","theJungle:Gourd","BootSequence+1","Static Discharge","ReplayTheSpireMod:Omega Cannon","Rainbow+1","Go for the Eyes+1","FIFO Queue+1","Turbo","Mirror Shield+1","Coolheaded+1","Echo Form","Glacier+1","Apotheosis+1","Electrodynamics","Buffer","Chaos+1"],"relics":["Cracked Core","NeowsBlessing","SsserpentHead","Lizard Tail","hubris:Towel","Singing Bowl","Cables","Replay:Fungal Core","Replay:Frozen Program","theJungle:SneckoAutograph","theJungle:BirthdayCakeSlice","Emotion Chip","LagranYue:MagicReflectiveArmorRelic","bronze:DecasWashers","hubris:ScarierMask","StoneCalendar","DollysMirror","hubris:BottledRain","Art of War","Anchor","LagranYue:ReturningEmperorRelic","Slimebound:StickyStick"],"acts_visited":["Exordium","Exordium","TheBeyond","TheEnding"],"potions_floor_usage":[],"damage_taken":[{"damage":0.0,"enemies":"2 Louse","floor":1.0,"turns":1.0},{"damage":0.0,"enemies":"Cultist","floor":4.0,"turns":1.0},{"damage":0.0,"enemies":"Jaw Worm","floor":5.0,"turns":1.0},{"damage":0.0,"enemies":"Gremlin Nob","floor":6.0,"turns":2.0},{"damage":8.0,"enemies":"3 Louse","floor":7.0,"turns":4.0},{"damage":1.0,"enemies":"2 Fungi Beasts","floor":10.0,"turns":4.0},{"damage":6.0,"enemies":"Looter","floor":11.0,"turns":3.0},{"damage":20.0,"enemies":"Exordium Wildlife","floor":14.0,"turns":5.0},{"damage":21.0,"enemies":"The Guardian","floor":16.0,"turns":12.0},{"damage":18.0,"enemies":"theJungle:5_Spyders","floor":18.0,"turns":11.0},{"damage":0.0,"enemies":"theJungle:GiantWrat","floor":24.0,"turns":5.0},{"damage":8.0,"enemies":"theJungle:Lyon","floor":25.0,"turns":4.0},{"damage":24.0,"enemies":"theJungle:MamaSnecko","floor":27.0,"turns":11.0},{"damage":0.0,"enemies":"theJungle:Snecko_Cultist_And_Trap","floor":29.0,"turns":5.0},{"damage":30.0,"enemies":"theJungle:Cassacara","floor":31.0,"turns":9.0},{"damage":12.0,"enemies":"theJungle:FunGuy","floor":33.0,"turns":9.0},{"damage":0.0,"enemies":"3 Darklings","floor":35.0,"turns":2.0},{"damage":2.0,"enemies":"Orb Walker","floor":37.0,"turns":3.0},{"damage":5.0,"enemies":"Jaw Worm Horde","floor":39.0,"turns":3.0},{"damage":0.0,"enemies":"Nemesis","floor":41.0,"turns":11.0},{"damage":1.0,"enemies":"Transient","floor":42.0,"turns":5.0},{"damage":0.0,"enemies":"R_Hoarder","floor":44.0,"turns":10.0},{"damage":27.0,"enemies":"Reptomancer","floor":46.0,"turns":7.0},{"damage":0.0,"enemies":"4 Shapes","floor":47.0,"turns":5.0},{"damage":38.0,"enemies":"Awakened One","floor":50.0,"turns":11.0},{"damage":0,"enemies":"Shield and Spear","floor":54,"turns":6},{"damage":45,"enemies":"The Heart","floor":55,"turns":9}],"seed_played":"-8241834791644228204","potions_obtained":[{"floor":4.0,"key":"Fire Potion"},{"floor":6.0,"key":"Reflective Coating"},{"floor":7.0,"key":"FairyPotion"},{"floor":10.0,"key":"Fire Potion"},{"floor":16.0,"key":"SmokeBomb"},{"floor":18.0,"key":"Swift Potion"},{"floor":25.0,"key":"Fire Potion"},{"floor":27.0,"key":"Reflective Coating"},{"floor":37.0,"key":"Flashbang"},{"floor":44.0,"key":"Energy Potion"},{"floor":46.0,"key":"BlessingOfTheForge"},{"floor":47.0,"key":"Block Potion"}],"is_trial":false,"path_per_floor":["M","?","?","M","M","E","M","?","T","M","M","R","$","M","R","B",null,"M","$","?","?","?","R","M","M","T","E","R","M","R","E","R","B",null,"M","?","M","$","M","R","E","M","T","E","$","E","M","?","R","B",null,"R","$","E","B",null],"character_chosen":"DEFECT","items_purchased":["Cables","Rainbow","Replay:Frozen Program","Capacitor","Turbo","DollysMirror","Anchor","Apotheosis","Buffer"],"campfire_rested":0,"item_purchase_floors":[13,13,19,19,38,38,45,45,53],"current_hp_per_floor":[75,64,64,64,64,64,56,56,56,55,51,51,51,31,31,10,77,59,59,59,59,64,64,64,56,56,34,34,36,36,6,6,21,86,86,86,84,84,79,79,79,80,80,80,80,53,55,55,55,17,90,90,90,90,45],"gold":73,"neow_bonus":"THREE_ENEMY_KILL","is_daily":false,"chose_seed":false,"campfire_upgraded":8,"win_rate":0.0,"timestamp":1611988631,"path_taken":["M","?","?","M","?","E","M","?","T","M","M","R","$","M","R","BOSS","M","$","?","?","?","R","?","M","T","E","R","?","R","E","R","BOSS","M","?","M","$","M","R","E","?","T","E","$","E","M","?","R","BOSS","R","$","E","BOSS"],"items_purchased_type":["Relic","Card","Relic","Card","Card","Relic","Relic","Card","Card"],"build_version":"2020-12-22","purchased_purges":1,"victory":true,"max_hp_per_floor":[75,75,75,75,75,75,75,75,75,75,77,77,77,77,77,77,77,77,77,77,77,82,82,82,82,82,84,84,86,86,86,86,86,86,86,86,86,86,86,86,86,88,88,88,88,88,90,90,90,90,90,90,90,90,90],"card_choices":[{"not_picked":["Leap","Hologram"],"picked":"BasicCrystalCard","floor":1.0},{"not_picked":["ReplayTheSpireMod:Reroute Power","BasicCrystalCard"],"picked":"Core Surge","floor":4.0},{"not_picked":["Chill","Lockon"],"picked":"White Noise","floor":5.0},{"not_picked":["Fusion","Stack"],"picked":"BasicCrystalCard","floor":6.0},{"not_picked":["Hologram","Coolheaded"],"picked":"hubris:Ukulele","floor":7.0},{"not_picked":["Barrage","BasicCrystalCard"],"picked":"Loop","floor":10.0},{"not_picked":["Aggregate","Coolheaded","Leap"],"picked":"Singing Bowl","floor":11.0},{"not_picked":["Darkness","Panic Button"],"picked":"Cold Snap","floor":14.0},{"not_picked":["Core Surge","hubris:Prefetch"],"picked":"Mirror Shield","floor":16.0},{"not_picked":["Compile Driver","Beam Cell"],"picked":"Loop+1","floor":18.0},{"not_picked":["Undo+1","Cold Snap+1"],"picked":"BootSequence+1","floor":24.0},{"not_picked":["Sweeping Beam","Steam+1"],"picked":"Static Discharge","floor":25.0},{"not_picked":["Lockon","Steam","Leap"],"picked":"Singing Bowl","floor":27.0},{"not_picked":["Hologram+1","Conserve Battery+1","Rebound+1"],"picked":"Singing Bowl","floor":29.0},{"not_picked":["Barrage","Force Field"],"picked":"ReplayTheSpireMod:Omega Cannon","floor":31.0},{"not_picked":["ReplayRNGCard","hubris:SpecializedCircuitry"],"picked":"Rainbow","floor":33.0},{"not_picked":["ReplayTheSpireMod:Reroute Power+1","Doom and Gloom+1"],"picked":"Go for the Eyes+1","floor":35.0},{"not_picked":["Doom and Gloom","Coolheaded"],"picked":"FIFO Queue+1","floor":37.0},{"not_picked":["Scrape","Undo+1"],"picked":"Coolheaded+1","floor":39.0},{"not_picked":["ReplayTheSpireMod:GoodbyeWorld","Ball Lightning"],"picked":"Echo Form","floor":41.0},{"not_picked":["Go for the Eyes+1","Compile Driver+1","Rebound"],"picked":"Singing Bowl","floor":42.0},{"not_picked":["Undo","ReplayTheSpireMod:Fabricate Wheel"],"picked":"Glacier+1","floor":44.0},{"not_picked":["ReplayTheSpireMod:Reroute Power+1","Streamline"],"picked":"Electrodynamics","floor":46.0},{"not_picked":["Panic Button","Streamline","Auto Shields+1"],"picked":"Singing Bowl","floor":47.0},{"not_picked":["ReplayTheSpireMod:GoodbyeWorld","Panic Button"],"picked":"Chaos+1","floor":54}],"player_experience":216276,"relics_obtained":[{"floor":6.0,"key":"Lizard Tail"},{"floor":9.0,"key":"Singing Bowl"},{"floor":26.0,"key":"Emotion Chip"},{"floor":27.0,"key":"LagranYue:MagicReflectiveArmorRelic"},{"floor":31.0,"key":"bronze:DecasWashers"},{"floor":41.0,"key":"hubris:BottledRain"},{"floor":44.0,"key":"Art of War"},{"floor":46.0,"key":"LagranYue:ReturningEmperorRelic"},{"floor":54,"key":"Slimebound:StickyStick"}],"event_choices":[{"damage_healed":0.0,"max_hp_gain":0.0,"max_hp_loss":0.0,"gold_gain":75.0,"event_name":"World of Goop","player_choice":"Gather Gold","floor":2.0,"gold_loss":0.0,"damage_taken":11.0},{"damage_healed":0.0,"max_hp_gain":0.0,"max_hp_loss":0.0,"gold_gain":0.0,"event_name":"FaceTrader","player_choice":"Trade","floor":3.0,"gold_loss":0.0,"damage_taken":0.0,"relics_obtained":["SsserpentHead"]},{"cards_removed":["Shame"],"damage_healed":0.0,"max_hp_gain":0.0,"max_hp_loss":0.0,"gold_gain":0.0,"event_name":"Designer","player_choice":"Upgrade and Remove","floor":36.0,"gold_loss":90.0,"damage_taken":0.0,"cards_upgraded":["Strike_B"]},{"cards_removed":["Strike_B"],"damage_healed":0.0,"max_hp_gain":0.0,"max_hp_loss":0.0,"gold_gain":0.0,"event_name":"Falling","player_choice":"Removed Attack","floor":48.0,"gold_loss":0.0,"damage_taken":0.0}],"is_beta":false,"boss_relics":[{"not_picked":["Pandora\u0027s Box","Replay:Bronze Core"],"picked":"Replay:Fungal Core"},{"not_picked":["Busted Crown","SacredBark"],"picked":"hubris:ScarierMask"}],"items_purged_floors":[38],"is_endless":false,"potions_floor_spawned":[4,6,7,10,16,18,25,27,37,44,46,47],"ascension_level":1}}