{"host":"2ty4h143nj8vwezc","time":1611969989,"event":{"mods":["BaseMod","Colored Map","Googly Eyes","Highlight Path","Minty Spire (QoL Compilation)","Quick Restart","StSLib"],"gold_per_floor":[110,110,35,56,56,99,99,99,99,132,132,163,183,197,197,292,292,312,312,227,227,81,81,114,114,114,141,158,158,185,110,110,183,183,197,222,182,82,82,82,94,123,147,147,147,147,147,22,22,22],"floor_reached":51,"language":"ENG","playtime":4125,"items_purged":["Strike_G","Strike_G","Defend_G"],"score":1253,"play_id":"4ddf91cc-e2d1-4e53-835a-7291111ba71f","local_time":"20210129202629","is_ascension_mode":true,"campfire_choices":[{"data":"Noxious Fumes","floor":7.0,"key":"SMITH"},{"floor":11.0,"key":"REST"},{"floor":15.0,"key":"REST"},{"data":"Adrenaline","floor":23,"key":"SMITH"},{"data":"Noxious Fumes","floor":25,"key":"SMITH"},{"data":"Noxious Fumes","floor":29,"key":"SMITH"},{"data":"Envenom","floor":32,"key":"SMITH"},{"data":"Burst","floor":40,"key":"SMITH"},{"floor":44,"key":"REST"},{"data":"Well Laid Plans","floor":46,"key":"SMITH"},{"data":"Bouncing Flask","floor":47,"key":"SMITH"},{"data":"Blur","floor":49,"key":"SMITH"}],"circlet_count":0,"master_deck":["AscendersBane","Strike_G+1","Strike_G+1","Defend_G","Defend_G","Defend_G+1","Defend_G","Survivor","Neutralize+1","Dash","Noxious Fumes+1","PiercingWail","PiercingWail","Noxious Fumes+1","Crippling Poison","Adrenaline+1","Endless Agony+1","Well Laid Plans+1","Bouncing Flask+1","Noxious Fumes+1","Burst+1","Backstab+1","Blur+1"],"relics":["Ring of the Snake","NeowsBlessing","Bloody Idol","MealTicket","Whetstone","Kunai","Potion Belt","SlaversCollar","Juzu Bracelet","Art of War","Omamori","Oddly Smooth Stone","Pen Nib","Black Star","WingedGreaves","Ancient Tea Set","Bottled Tornado","Regal Pillow"],"acts_visited":["Exordium","TheCity","TheBeyond"],"potions_floor_usage":[16,18,24,24,24,24,27,30,41,42,42],"damage_taken":[{"damage":0.0,"enemies":"Cultist","floor":1.0,"turns":1.0},{"damage":0.0,"enemies":"2 Louse","floor":4.0,"turns":1.0},{"damage":0.0,"enemies":"Lagavulin","floor":6.0,"turns":1.0},{"damage":24.0,"enemies":"Gremlin Nob","floor":10.0,"turns":5.0},{"damage":8.0,"enemies":"3 Sentries","floor":12.0,"turns":8.0},{"damage":3.0,"enemies":"Small Slimes","floor":13.0,"turns":4.0},{"damage":2.0,"enemies":"Blue Slaver","floor":14.0,"turns":4.0},{"damage":25,"enemies":"The Guardian","floor":16,"turns":11},{"damage":0,"enemies":"Chosen","floor":18,"turns":6},{"damage":13,"enemies":"Slavers","floor":24,"turns":6},{"damage":1,"enemies":"Book of Stabbing","floor":27,"turns":6},{"damage":0,"enemies":"Shell Parasite","floor":28,"turns":6},{"damage":26,"enemies":"Gremlin Leader","floor":30,"turns":6},{"damage":16,"enemies":"Automaton","floor":33,"turns":9},{"damage":11,"enemies":"Orb Walker","floor":35,"turns":4},{"damage":15,"enemies":"Mind Bloom Boss Battle","floor":36,"turns":7},{"damage":4,"enemies":"3 Darklings","floor":41,"turns":5},{"damage":35,"enemies":"Reptomancer","floor":42,"turns":8},{"damage":71,"enemies":"Donu and Deca","floor":50,"turns":8}],"seed_played":"-752594191001138523","potions_obtained":[{"floor":10.0,"key":"SneckoOil"},{"floor":12.0,"key":"Ancient Potion"},{"floor":16,"key":"EntropicBrew"},{"floor":24,"key":"AttackPotion"},{"floor":28,"key":"AttackPotion"},{"floor":37,"key":"Fruit Juice"},{"floor":37,"key":"FairyPotion"},{"floor":37,"key":"DistilledChaos"},{"floor":41,"key":"SpeedPotion"}],"is_trial":false,"path_per_floor":["M","?","?","M","$","E","R","?","T","E","R","E","M","M","R","B",null,"M","?","?","?","$","R","E","R","T","E","M","R","E","?","R","B",null,"M","?","?","$","?","R","M","E","T","R","$","R","R","$","R","B",null],"character_chosen":"THE_SILENT","items_purchased":["Well Laid Plans"],"campfire_rested":3,"item_purchase_floors":[22],"current_hp_per_floor":[59,59,59,59,59,59,59,39,39,15,34,26,23,21,40,15,53,53,53,53,53,66,66,58,58,58,62,66,66,45,45,45,34,58,52,42,42,57,57,57,63,33,38,71,71,71,71,71,71,21],"gold":22,"neow_bonus":"THREE_ENEMY_KILL","is_daily":false,"chose_seed":false,"campfire_upgraded":9,"win_rate":0.0,"timestamp":1611969989,"path_taken":["M","?","?","M","$","E","R","?","T","E","R","E","M","M","R","BOSS","M","?","?","?","$","R","E","R","T","E","M","R","E","?","R","BOSS","M","?","?","$","?","R","M","E","T","R","$","R","R","$","R","BOSS"],"items_purchased_type":["Card"],"build_version":"2020-12-22","purchased_purges":3,"victory":true,"max_hp_per_floor":[66,66,66,66,66,66,66,66,66,66,66,66,66,66,66,66,66,66,66,66,66,66,66,66,66,66,66,66,66,66,66,66,66,66,66,66,66,66,66,66,71,71,71,71,71,71,71,71,71,71],"card_choices":[{"not_picked":["Deflect","Dagger Spray"],"picked":"Dash","floor":1.0},{"not_picked":["Sucker Punch","Acrobatics"],"picked":"Noxious Fumes","floor":4.0},{"not_picked":["Backflip","Underhanded Strike","Infinite Blades"],"picked":"SKIP","floor":6.0},{"not_picked":["Acrobatics","Sucker Punch"],"picked":"PiercingWail","floor":10.0},{"not_picked":["Endless Agony","All Out Attack"],"picked":"PiercingWail","floor":12.0},{"not_picked":["Catalyst","Bane"],"picked":"Noxious Fumes","floor":13.0},{"not_picked":["Prepared","Masterful Stab"],"picked":"Crippling Poison","floor":14.0},{"not_picked":["After Image","Malaise"],"picked":"Adrenaline","floor":16},{"not_picked":["Prepared","Deflect"],"picked":"Endless Agony+1","floor":18},{"not_picked":["Well Laid Plans","Noxious Fumes"],"picked":"Bouncing Flask","floor":24},{"not_picked":["Predator","Concentrate","Flying Knee"],"picked":"SKIP","floor":27},{"not_picked":["Deadly Poison+1","Flying Knee+1"],"picked":"Noxious Fumes","floor":28},{"not_picked":["Flying Knee","Bane"],"picked":"Envenom","floor":30},{"not_picked":["Storm of Steel","A Thousand Cuts"],"picked":"Burst","floor":33},{"not_picked":["Expertise+1","Poisoned Stab","Acrobatics"],"picked":"SKIP","floor":35},{"not_picked":["Sucker Punch","Deadly Poison"],"picked":"Backstab+1","floor":41},{"not_picked":["Bane+1","Blade Dance+1"],"picked":"Blur","floor":42}],"player_experience":305846,"relics_obtained":[{"floor":6.0,"key":"MealTicket"},{"floor":9.0,"key":"Whetstone"},{"floor":10.0,"key":"Kunai"},{"floor":12.0,"key":"Potion Belt"},{"floor":24,"key":"Art of War"},{"floor":26,"key":"Omamori"},{"floor":27,"key":"Oddly Smooth Stone"},{"floor":30,"key":"Pen Nib"},{"floor":36,"key":"WingedGreaves"},{"floor":42,"key":"Ancient Tea Set"},{"floor":42,"key":"Bottled Tornado"},{"floor":43,"key":"Regal Pillow"}],"event_choices":[{"damage_healed":0.0,"max_hp_gain":0.0,"max_hp_loss":0.0,"gold_gain":0.0,"event_name":"Golden Idol","player_choice":"Take Wound","floor":2.0,"gold_loss":0.0,"damage_taken":0.0,"relics_obtained":["Golden Idol"],"cards_obtained":["Injury"]},{"cards_removed":["Injury"],"damage_healed":0.0,"max_hp_gain":0.0,"max_hp_loss":0.0,"gold_gain":0.0,"event_name":"The Cleric","player_choice":"Card Removal","floor":3.0,"gold_loss":75.0,"damage_taken":0.0},{"damage_healed":0.0,"max_hp_gain":0.0,"max_hp_loss":0.0,"gold_gain":0.0,"event_name":"Shining Light","player_choice":"Entered Light","floor":8.0,"gold_loss":0.0,"damage_taken":20.0,"cards_upgraded":["Defend_G","Neutralize"]},{"damage_healed":0,"gold_gain":0,"player_choice":"Gave Idol","damage_taken":0,"relics_obtained":["Bloody Idol"],"max_hp_gain":0,"max_hp_loss":0,"event_name":"Forgotten Altar","floor":19,"relics_lost":["Golden Idol"],"gold_loss":0},{"damage_healed":0,"gold_gain":0,"player_choice":"Obtained Relic","damage_taken":0,"relics_obtained":["Juzu Bracelet"],"max_hp_gain":0,"max_hp_loss":0,"event_name":"Addict","floor":20,"gold_loss":85},{"damage_healed":0,"gold_gain":0,"player_choice":"Got Potions","damage_taken":0,"max_hp_gain":0,"max_hp_loss":0,"event_name":"Lab","floor":21,"gold_loss":0},{"cards_removed":["Strike_G"],"damage_healed":0,"gold_gain":0,"player_choice":"Gave Gold","damage_taken":0,"max_hp_gain":0,"max_hp_loss":0,"event_name":"Beggar","floor":31,"gold_loss":75},{"damage_healed":0,"gold_gain":0,"player_choice":"Fight","damage_taken":0,"max_hp_gain":0,"max_hp_loss":0,"event_name":"MindBloom","floor":36,"gold_loss":0},{"damage_healed":0,"gold_gain":0,"player_choice":"Bought 3 Potions","damage_taken":0,"max_hp_gain":0,"max_hp_loss":0,"event_name":"The Woman in Blue","floor":37,"gold_loss":0},{"cards_removed":["Envenom"],"damage_healed":0,"gold_gain":0,"player_choice":"Removed Power","damage_taken":0,"max_hp_gain":0,"max_hp_loss":0,"event_name":"Falling","floor":39,"gold_loss":0}],"is_beta":false,"boss_relics":[{"not_picked":["Snecko Eye","Fusion Hammer"],"picked":"SlaversCollar"},{"not_picked":["Coffee Dripper","Velvet Choker"],"picked":"Black Star"}],"items_purged_floors":[22,38,48],"is_endless":false,"potions_floor_spawned":[10,12,16,18,24,28,41],"ascension_level":15}}