{"host":"bxd97rc2ofc6op20","time":1611992936,"event":{"mods":["BaseMod","Colored Map","Colored Powertips","Googly Eyes","Highlight Path","Minty Spire (QoL Compilation)","Quick Restart","Rare Cards Sparkle"],"gold_per_floor":[114,114,126,126,126,126,159,159,159,159,4,34,34,34,34,34,34],"floor_reached":16,"language":"ENG","playtime":515,"items_purged":[],"score":186,"play_id":"39416a65-30bb-4142-beef-d1f8bca52577","local_time":"20210129234856","is_ascension_mode":true,"campfire_choices":[{"data":"Feed","floor":6,"key":"SMITH"},{"data":"Combust","floor":8,"key":"SMITH"},{"data":"Armaments","floor":10,"key":"SMITH"},{"data":"Dark Embrace","floor":13,"key":"SMITH"},{"data":"Bash","floor":15,"key":"SMITH"}],"circlet_count":0,"master_deck":["Strike_R","Strike_R","Strike_R","Strike_R","Defend_R","Defend_R","Defend_R","Defend_R","Bash+1","Armaments+1","Pain","Feed+1","Combust+1","Feed+1","Dark Embrace+1"],"relics":["Burning Blood","NeowsBlessing","WarpedTongs","Art of War","Pear","Darkstone Periapt","DollysMirror","Charon\u0027s Ashes"],"acts_visited":["Exordium"],"potions_floor_usage":[16],"damage_taken":[{"damage":0,"enemies":"Cultist","floor":1,"turns":1},{"damage":1,"enemies":"Jaw Worm","floor":3,"turns":1},{"damage":2,"enemies":"Lagavulin","floor":7,"turns":2},{"damage":24,"enemies":"3 Sentries","floor":12,"turns":6},{"damage":78,"enemies":"Hexaghost","floor":16,"turns":9}],"seed_played":"4331056402199895924","potions_obtained":[{"floor":7,"key":"Energy Potion"},{"floor":12,"key":"ElixirPotion"}],"is_trial":false,"path_per_floor":["M","?","M","?","?","R","E","R","T","R","$","E","R","$","R","B"],"character_chosen":"IRONCLAD","items_purchased":["DollysMirror"],"campfire_rested":0,"item_purchase_floors":[11],"current_hp_per_floor":[80,80,80,73,66,66,84,84,84,84,84,74,74,74,74,0,0],"gold":34,"neow_bonus":"THREE_ENEMY_KILL","is_daily":false,"chose_seed":false,"campfire_upgraded":5,"win_rate":0.0,"timestamp":1611992936,"path_taken":["M","?","?","?","?","R","E","R","T","R","$","E","R","$","R","BOSS"],"items_purchased_type":["Relic"],"build_version":"2020-12-22","purchased_purges":0,"victory":false,"max_hp_per_floor":[80,80,80,80,80,80,94,94,94,94,94,102,102,102,102,102,102],"card_choices":[{"not_picked":["Sword Boomerang","Anger"],"picked":"Armaments","floor":1},{"not_picked":["Armaments","Shrug It Off"],"picked":"Feed","floor":3},{"not_picked":["Blood for Blood","True Grit"],"picked":"Combust","floor":7},{"not_picked":["Inflame","Twin Strike"],"picked":"Dark Embrace","floor":12}],"player_experience":415351,"relics_obtained":[{"floor":7,"key":"Pear"},{"floor":9,"key":"Darkstone Periapt"},{"floor":12,"key":"Charon\u0027s Ashes"}],"event_choices":[{"damage_healed":0,"gold_gain":0,"player_choice":"Rummage","damage_taken":0,"relics_obtained":["WarpedTongs"],"max_hp_gain":0,"max_hp_loss":0,"event_name":"Accursed Blacksmith","floor":2,"gold_loss":0,"cards_obtained":["Pain"]},{"damage_healed":0,"gold_gain":0,"player_choice":"Success","damage_taken":7,"relics_obtained":["Art of War"],"max_hp_gain":0,"max_hp_loss":0,"event_name":"Scrap Ooze","floor":4,"gold_loss":0},{"cards_removed":["Strike_R"],"damage_healed":0,"gold_gain":0,"player_choice":"Card Removal","damage_taken":7,"max_hp_gain":0,"max_hp_loss":0,"event_name":"Golden Wing","floor":5,"gold_loss":0}],"is_beta":false,"boss_relics":[],"items_purged_floors":[],"is_endless":false,"potions_floor_spawned":[7,12],"killed_by":"Hexaghost","ascension_level":5}}