{"host":"m4qpn8a4h7jhbw2f","time":1611985897,"event":{"mods":["BaseMod","Colored Map","Colored Powertips","Minty Spire (QoL Compilation)","Rare Cards Sparkle","Relic Stats"],"gold_per_floor":[114,114,128,31,48,82,82,93,93,106,138,148,162,162,162],"floor_reached":14,"language":"ENG","playtime":922,"items_purged":[],"score":109,"play_id":"df2b0d34-30c8-4f2b-9849-cf053e736c24","local_time":"20210130005137","is_ascension_mode":true,"campfire_choices":[{"data":"Flex","floor":7,"key":"SMITH"}],"circlet_count":0,"master_deck":["Strike_R","Strike_R","Strike_R","Strike_R","Strike_R","Defend_R","Defend_R","Defend_R","Defend_R","Bash","Limit Break","Shrug It Off","Burning Pact","Impatience","Iron Wave","Flex","Heavy Blade","Flex+1","Cleave","Dropkick","Pommel Strike","Cleave","Infernal Blade","Heavy Blade"],"relics":["Burning Blood","Darkstone Periapt","Gremlin Horn","Matryoshka"],"acts_visited":["Exordium"],"potions_floor_usage":[11,11],"damage_taken":[{"damage":2,"enemies":"Small Slimes","floor":1,"turns":5},{"damage":0,"enemies":"Cultist","floor":3,"turns":4},{"damage":0,"enemies":"2 Louse","floor":5,"turns":2},{"damage":48,"enemies":"Lagavulin","floor":6,"turns":9},{"damage":11,"enemies":"Large Slime","floor":8,"turns":4},{"damage":16,"enemies":"Blue Slaver","floor":10,"turns":4},{"damage":6,"enemies":"Gremlin Nob","floor":11,"turns":4},{"damage":9,"enemies":"Gremlin Gang","floor":12,"turns":4},{"damage":10,"enemies":"Looter","floor":13,"turns":3},{"damage":23,"enemies":"Lagavulin","floor":14,"turns":4}],"seed_played":"6978983145600343064","potions_obtained":[{"floor":6,"key":"Regen Potion"},{"floor":8,"key":"SpeedPotion"},{"floor":11,"key":"Dexterity Potion"},{"floor":13,"key":"SneckoOil"}],"is_trial":false,"path_per_floor":["M","?","M","$","M","E","R","M","T","M","E","M","M","E"],"character_chosen":"IRONCLAD","items_purchased":["Flex","Heavy Blade"],"campfire_rested":0,"item_purchase_floors":[4,4],"current_hp_per_floor":[72,72,72,72,72,30,30,25,25,15,27,24,20,0,0],"gold":162,"neow_bonus":"THREE_RARE_CARDS","is_daily":false,"chose_seed":false,"campfire_upgraded":1,"win_rate":0.0,"timestamp":1611985897,"path_taken":["M","?","M","$","?","E","R","?","T","M","E","?","M","E"],"items_purchased_type":["Card","Card"],"build_version":"2020-12-22","purchased_purges":0,"victory":false,"max_hp_per_floor":[72,72,72,72,72,72,72,72,72,72,72,72,72,72,72],"relic_stats":{"Darkstone Periapt":0,"Gremlin Horn":[3,3],"counters":[10,43],"obtain_stats":[{"Darkstone Periapt":6,"Matryoshka":11,"Gremlin Horn":9,"Burning Blood":0},{"Darkstone Periapt":4,"Matryoshka":7,"Gremlin Horn":5,"Burning Blood":0},{"Darkstone Periapt":20,"Matryoshka":32,"Gremlin Horn":24,"Burning Blood":0}],"Burning Blood":38},"card_choices":[{"not_picked":["Bludgeon","Reaper"],"picked":"Limit Break","floor":0},{"not_picked":["Iron Wave","Twin Strike"],"picked":"Shrug It Off","floor":1},{"not_picked":["Body Slam","Cleave"],"picked":"Iron Wave","floor":3},{"not_picked":["Twin Strike","Hemokinesis"],"picked":"Flex","floor":5},{"not_picked":["Infernal Blade","Body Slam"],"picked":"Cleave","floor":6},{"not_picked":["Reckless Charge","Havoc"],"picked":"Dropkick","floor":8},{"not_picked":["True Grit","Reckless Charge"],"picked":"Pommel Strike","floor":10},{"not_picked":["Second Wind","Hemokinesis"],"picked":"Cleave","floor":11},{"not_picked":["Clash","Armaments"],"picked":"Infernal Blade","floor":12},{"not_picked":["Dropkick","Pommel Strike"],"picked":"Heavy Blade","floor":13}],"player_experience":152118,"relics_obtained":[{"floor":6,"key":"Darkstone Periapt"},{"floor":9,"key":"Gremlin Horn"},{"floor":11,"key":"Matryoshka"}],"event_choices":[{"damage_healed":0,"gold_gain":0,"player_choice":"2 cards matched","damage_taken":0,"max_hp_gain":0,"max_hp_loss":0,"event_name":"Match and Keep!","floor":2,"gold_loss":0,"cards_obtained":["Burning Pact","Impatience"]}],"is_beta":false,"boss_relics":[],"items_purged_floors":[],"is_endless":false,"potions_floor_spawned":[6,8,11,13],"killed_by":"Lagavulin","ascension_level":1}}