{"host":"6yti76gw1x84gcsv","time":1611983947,"event":{"mods":["100% Spire Juice","2.2 Compatiblity","AchievementEnabler","Act Like it!","Aspiration","BaseMod","Beaked The Cultist","Better Altar","Better Sensory Stone","Better Silent Start","Better-Laid Plans","BetterRewards","Block Reminder","CapriCore","Colored Map","Colored Powertips","Conspire","Curses Come First","Displayed Cursed Tome","Downfall","Faster Ascension Climbing","Fox Events","Friendly Minions","GifTheSpireLib","Good Game Mod","Googly Eyes","GungeonMod","Hermit","HololiveMod","Hubris","Jess\u0027s Bottle","Lobotomy","Marked Mod","Minty Spire (QoL Compilation)","MostiFishMod","Pale of the Ancients","Permanent Neow","Potionbrewer","Prisma Mod","Reimu??????","Relic Filter Mod","Relic Stats","Reliquary","Replay The Spire","Shade Mod","Shop Mod","Smile Girya","Spire Arcade","StS++","StSLib","Synergy Search","The Construct","The Hierophant","The Immortal","The Jungle","The Mystic","The Runesmith","The Senshi","Uncapped","WarShipGirlsR/????R mod","Wide Potions"],"gold_per_floor":[112,112,112,112,129,143,168,179,179,191,191,191,218,241,241,371,371,389,61,61,77,77,77,90,90,167,167,167],"floor_reached":27,"language":"ENG","playtime":2310,"items_purged":["beaked:Defend_Y"],"score":213,"play_id":"ef8f2f02-dc6a-4c7e-a021-958718391bfe","local_time":"20210130001907","is_ascension_mode":false,"campfire_choices":[{"data":"beaked:Evade","floor":11,"key":"SMITH"},{"floor":15,"key":"REST"},{"data":"beaked:VigorBurst","floor":23,"key":"SMITH"},{"floor":25,"key":"RECALL"}],"circlet_count":0,"master_deck":["beaked:Strike_Y","beaked:Strike_Y","beaked:Strike_Y","beaked:Strike_Y","beaked:Defend_Y","beaked:Defend_Y","beaked:Defend_Y+1","beaked:Ceremony","beaked:Ceremony+1","beaked:Ceremony","beaked:ScreechingChant+1","BigBadWolf","SnowQueen","beaked:Evade+1","FairyFestival","beaked:VigorBurst+1","VoidDream","beaked:TuckingFeathers+1","SingingMachine","beaked:Tweet","DreamingCurrent","beaked:Tweet","Woodsman","Freischutz","beaked:StunningBlow","beaked:WarriorEssence","beaked:Insight","Yin","beaked:Brace","SpiderBud","beaked:Flinch"],"relics":["beaked:MendingPlumage","DaveBox","REME:ComplimentaryCards","BirthdayGift-Icosahedron","CogitoBucket","SynthV:TestCard","hubris:Towel","CombinedTypeHook","reliquary:Firecrackers","BackwardClock","Golden Idol","War Paint","ChiXiaoBlade","MerchantsRug","ReplayTheSpireMod:Ring of Exchange","hubris:PeanutButter"],"acts_visited":["Exordium","TheCity"],"potions_floor_usage":[],"damage_taken":[{"damage":0,"enemies":"2 Louse","floor":1,"turns":2},{"damage":0,"enemies":"Jaw Worm","floor":5,"turns":2},{"damage":0,"enemies":"Small Slimes","floor":6,"turns":2},{"damage":2,"enemies":"3 Sentries","floor":7,"turns":3},{"damage":0,"enemies":"Exordium Thugs","floor":8,"turns":3},{"damage":6,"enemies":"Large Slime","floor":10,"turns":3},{"damage":25,"enemies":"Looter","floor":14,"turns":3},{"damage":51,"enemies":"Hexaghost","floor":16,"turns":4},{"damage":19,"enemies":"Shell Parasite","floor":18,"turns":3},{"damage":10,"enemies":"Chosen","floor":21,"turns":4},{"damage":62,"enemies":"Centurion and Healer","floor":24,"turns":5},{"damage":0,"enemies":"conspire:HollyBat","floor":27,"turns":4}],"seed_played":"3068973279682218985","potions_obtained":[{"floor":6,"key":"SteroidPotion"},{"floor":8,"key":"Venom Potion"},{"floor":18,"key":"SteroidPotion"},{"floor":21,"key":"PowerPotion"}],"is_trial":false,"path_per_floor":["M","?","?","?","M","M","E","M","T","M","R","?","T","M","R","B",null,"M","$","?","M","?","R","M","R","T","M"],"character_chosen":"BEAKED_THE_CULTIST","items_purchased":["MerchantsRug","beaked:WarriorEssence","beaked:Insight"],"campfire_rested":1,"item_purchase_floors":[19,19,19],"current_hp_per_floor":[50,40,40,45,50,50,55,55,55,55,55,42,42,33,49,17,55,52,52,52,55,55,55,39,39,39,0,0],"gold":167,"neow_bonus":"","is_daily":false,"chose_seed":false,"campfire_upgraded":2,"win_rate":0.0,"timestamp":1611983947,"path_taken":["M","?","?","?","M","M","E","M","T","?","R","?","?","M","R","BOSS","M","$","?","M","?","R","M","R","T","M"],"items_purchased_type":["Relic","Card","Card"],"build_version":"2020-12-22","purchased_purges":1,"victory":false,"max_hp_per_floor":[50,50,50,50,50,50,55,55,55,55,55,55,55,55,55,55,55,55,55,55,55,55,55,55,55,55,55,55],"relic_stats":{"counters":[14,38],"Golden Idol":41,"War Paint":["beaked:Defend_Y","beaked:TuckingFeathers"],"obtain_stats":[{"CombinedTypeHook":7,"BackwardClock":10,"MerchantsRug":19,"ReplayTheSpireMod:Ring of Exchange":20,"DaveBox":0,"Golden Idol":12,"reliquary:Firecrackers":9,"DemoMod:GlassGuonStoneRelic":5,"BirthdayGift-Icosahedron":0,"hubris:Towel":3,"War Paint":13,"Yang_Lob":24,"REME:ComplimentaryCards":0,"CogitoBucket":0,"SynthV:TestCard":1,"ChiXiaoBlade":17,"hubris:PeanutButter":26,"beaked:MendingPlumage":0},{"CombinedTypeHook":4,"BackwardClock":7,"MerchantsRug":10,"ReplayTheSpireMod:Ring of Exchange":10,"DaveBox":0,"Golden Idol":7,"reliquary:Firecrackers":5,"DemoMod:GlassGuonStoneRelic":2,"BirthdayGift-Icosahedron":0,"hubris:Towel":1,"War Paint":7,"Yang_Lob":13,"REME:ComplimentaryCards":0,"CogitoBucket":0,"SynthV:TestCard":1,"ChiXiaoBlade":9,"hubris:PeanutButter":13,"beaked:MendingPlumage":0},{"CombinedTypeHook":9,"BackwardClock":15,"MerchantsRug":24,"ReplayTheSpireMod:Ring of Exchange":24,"DaveBox":0,"Golden Idol":15,"reliquary:Firecrackers":11,"DemoMod:GlassGuonStoneRelic":4,"BirthdayGift-Icosahedron":0,"hubris:Towel":2,"War Paint":15,"Yang_Lob":34,"REME:ComplimentaryCards":0,"CogitoBucket":0,"SynthV:TestCard":2,"ChiXiaoBlade":21,"hubris:PeanutButter":34,"beaked:MendingPlumage":0}]},"card_choices":[{"not_picked":["ShyLook","MeatLantern"],"picked":"BigBadWolf","floor":1},{"not_picked":["beaked:Foresight","beaked:Hexing"],"picked":"beaked:Windmill","floor":1},{"not_picked":["NakedNest","MHz"],"picked":"LittlePrince","floor":5},{"not_picked":["beaked:Poke","beaked:Daydream","ReplayTheSpireMod:RavenHex","beaked:Redirect"],"picked":"beaked:Foresight","floor":5},{"not_picked":["SingingMachine","Funeral"],"picked":"SnowQueen","floor":6},{"not_picked":["beaked:Redirect","beaked:Foresight","beaked:StickSmack","beaked:Tweet"],"picked":"beaked:Evade","floor":6},{"not_picked":["CrumblingArmor","Wellcheers"],"picked":"FairyFestival","floor":7},{"not_picked":["ReplayTheSpireMod:Wings of Steel","beaked:Negation","beaked:WarriorEssence","beaked:SurvivalInstinct"],"picked":"beaked:VigorBurst","floor":7},{"not_picked":["WallGazer","MHz"],"picked":"VoidDream","floor":8},{"not_picked":["beaked:Pecker","beaked:DigDeep","beaked:Hexing","beaked:BraceForImpact"],"picked":"beaked:TuckingFeathers","floor":8},{"not_picked":["BeautyBeast","OSAHOGD"],"picked":"SingingMachine","floor":10},{"not_picked":["beaked:Poke","beaked:Redirect","beaked:TuckingFeathers","beaked:Foresight"],"picked":"beaked:Tweet","floor":10},{"not_picked":["Porccubus","Yin"],"picked":"DreamingCurrent","floor":14},{"not_picked":["beaked:Evade","beaked:BounceBack","beaked:Redirect","beaked:FeelMyPain"],"picked":"beaked:Tweet","floor":14},{"not_picked":["UniverseFragment","Bloodbath"],"picked":"Woodsman","floor":16},{"not_picked":["QueenBee","LaLuna"],"picked":"Freischutz","floor":18},{"not_picked":["beaked:Cower","beaked:Tweet","beaked:Poke","beaked:Recite"],"picked":"beaked:StunningBlow","floor":18},{"not_picked":["GreedKing","Alriune"],"picked":"Yin","floor":21},{"not_picked":["beaked:Molting+1","beaked:MachineEssence","beaked:Flinch","beaked:Windmill"],"picked":"beaked:Brace","floor":21},{"not_picked":["OldLady","GalaxyChild"],"picked":"SpiderBud","floor":24},{"not_picked":["beaked:LiftOff","beaked:SacrificialDive","beaked:BloodRitual","beaked:Brace"],"picked":"beaked:Flinch","floor":24}],"player_experience":171954,"relics_obtained":[{"floor":1,"key":"SynthV:TestCard"},{"floor":7,"key":"CombinedTypeHook"},{"floor":9,"key":"reliquary:Firecrackers"},{"floor":13,"key":"War Paint"},{"floor":20,"key":"ReplayTheSpireMod:Ring of Exchange"},{"floor":26,"key":"hubris:PeanutButter"}],"event_choices":[{"damage_healed":0,"gold_gain":0,"player_choice":"Entered Light","damage_taken":10,"max_hp_gain":0,"max_hp_loss":0,"event_name":"Shining Light","floor":2,"gold_loss":0,"cards_upgraded":["beaked:Ceremony","beaked:ScreechingChant"]},{"damage_healed":0,"gold_gain":0,"player_choice":"Take Damage","damage_taken":13,"relics_obtained":["Golden Idol"],"max_hp_gain":0,"max_hp_loss":0,"event_name":"Golden Idol","floor":12,"gold_loss":0},{"cards_removed":["LittlePrince"],"damage_healed":0,"gold_gain":0,"player_choice":"Elegance","damage_taken":0,"max_hp_gain":0,"max_hp_loss":0,"event_name":"Back to Basics","floor":22,"gold_loss":0}],"is_beta":false,"boss_relics":[{"not_picked":["Black Star","EE1DDrone"],"picked":"ChiXiaoBlade"}],"items_purged_floors":[19],"is_endless":false,"potions_floor_spawned":[6,8,18,21],"killed_by":"conspire:HollyBat","ascension_level":0}}