{"host":"3vgzk5mhz751jdrj","time":1611987045,"event":{"mods":["2.2 Compatiblity","AchievementEnabler","Act Like it!","Aspiration","BaseMod","Better Altar","Better Match","Better Note","Better Sensory Stone","Better Skull","Better Third Choice","Block Reminder","Colored Map","Conspire","Curses Come First","Dark Map","Displayed Cursed Tome","Downfall","Friendly Minions","GifTheSpireLib","Halation","Hubris","Marked Mod","Mimic Mod","Minty Spire (QoL Compilation)","Quick Restart","Rare Cards Sparkle","Replay The Spire","Shop Mod","Spicy Shops","Spikes Relics","StSLib","Stuff the Spire","TheSurvivalist","Trackpad"],"gold_per_floor":[99,111,111,126,143,14,49,62,76,105,125,187,87,120,133,237,237,237,250,250,306,406,466,489,17,67,117,17,32,32,47,60,159,159,59,76,86,71,171,221,271,333,360,410,460,460,474,484,497,497,497,532,4,4,4,4],"floor_reached":57,"language":"ENG","playtime":6045,"items_purged":["Pride"],"score":1463,"play_id":"71403077-85c2-4a9d-8c6c-b7469607685f","local_time":"20210130011045","is_ascension_mode":true,"campfire_choices":[{"data":"champ:Taunt","floor":1.0,"key":"SMITH"},{"data":"champ:DefensiveStyle","floor":13.0,"key":"SMITH"},{"floor":18.0,"key":"RECALL"},{"floor":28.0,"key":"REST"},{"floor":30.0,"key":"REST"},{"data":"champ:ShieldWall","floor":35.0,"key":"SMITH"},{"floor":46.0,"key":"REST"},{"floor":54,"key":"REST"}],"circlet_count":0,"master_deck":["champ:Strike","champ:Strike+1","champ:Strike","champ:Strike","champ:Defend","champ:Defend","champ:Defend","champ:Defend+1","champ:Execute","champ:Taunt+1","champ:ShieldThrow","champ:PreemptiveStrike","champ:Duel","champ:DefensiveStyle+1","champ:DefensiveShout","champ:FalseCounter+1","champ:FlashCut","champ:Circumvent","champ:PreciseThrust","champ:TornadoPunch","champ:BringItOn","champ:PreciseThrust","champ:CrownThrow","champ:EnGarde","champ:ShieldThrow+1","champ:RisingSlash+1","ReplayTheSpireMod:Splinters","champ:ShieldSigil","champ:ShieldWall+1","champ:ViciousMockery","champ:ShieldThrow","champ:RageSigil","champ:SwordSigil+1","champ:SwordSigil+1","StuffTheSpire:BrainWave","champ:Parry+1","champ:UltimateStance"],"relics":["champ:ChampionCrown","aspiration:BabyByrd","Pen Nib","Orichalcum","downfall:HeartBlessingGreen","Peace Pipe","aspiration:RitualDagger","aspiration:RitualStick","hubris:ToyBattleship","downfall:CloakOfManyFaces","CultistMask","FaceOfCleric","NlothsMask","GremlinMask","SsserpentHead","hubris:Potato","hubris:GlazedTorus","trackpad:WritersBlock","Gremlin Food","downfall:HeartBlessingRed","trackpad:Coffee","downfall:HeartBlessingBlue","StuffTheSpire:Expresso","downfall:TeleportStone","SpikesRelics:DaevaFist","StuffTheSpire:HeavyRock","halation:BlueSoulGem","Replay:Wax Seal","MerchantsRug"],"acts_visited":["Exordium","TheCity","TheBeyond","TheEnding"],"potions_floor_usage":[50,52,55,55],"damage_taken":[{"damage":0.0,"enemies":"Jaw Worm","floor":2.0,"turns":3.0},{"damage":4.0,"enemies":"2 Louse","floor":4.0,"turns":3.0},{"damage":10.0,"enemies":"Cultist","floor":5.0,"turns":2.0},{"damage":1.0,"enemies":"downfall:FleeingMerchant","floor":6.0,"turns":4.0},{"damage":0.0,"enemies":"Blue Slaver","floor":7.0,"turns":7.0},{"damage":0.0,"enemies":"Blue Slaver","floor":8.0,"turns":3.0},{"damage":0.0,"enemies":"2 Fungi Beasts","floor":9.0,"turns":4.0},{"damage":0.0,"enemies":"Gremlin Nob","floor":10.0,"turns":3.0},{"damage":2.0,"enemies":"Large Slime","floor":11.0,"turns":5.0},{"damage":30.0,"enemies":"Lagavulin Event","floor":12.0,"turns":5.0},{"damage":12.0,"enemies":"Lagavulin","floor":14.0,"turns":5.0},{"damage":0.0,"enemies":"Red Slaver","floor":15.0,"turns":1.0},{"damage":17.0,"enemies":"SI_SHIV_ARCHETYPE","floor":16.0,"turns":7.0},{"damage":6.0,"enemies":"Spheric Guardian","floor":19.0,"turns":2.0},{"damage":25.0,"enemies":"downfall:FaceTrader","floor":22.0,"turns":7.0},{"damage":17.0,"enemies":"Shell Parasite","floor":23.0,"turns":3.0},{"damage":14.0,"enemies":"downfall:FleeingMerchant","floor":25.0,"turns":4.0},{"damage":0.0,"enemies":"Centurion and Healer","floor":29.0,"turns":5.0},{"damage":6.0,"enemies":"Chosen and Byrds","floor":31.0,"turns":2.0},{"damage":6.0,"enemies":"Cultist and Chosen","floor":32.0,"turns":6.0},{"damage":7.0,"enemies":"WA_ARCHETYPE_CALM","floor":33.0,"turns":8.0},{"damage":25.0,"enemies":"3 Darklings","floor":36.0,"turns":3.0},{"damage":5.0,"enemies":"Orb Walker","floor":37.0,"turns":3.0},{"damage":0.0,"enemies":"downfall:FleeingMerchant","floor":38.0,"turns":4.0},{"damage":1.0,"enemies":"downfall:FleeingMerchant","floor":39.0,"turns":6.0},{"damage":29.0,"enemies":"Spire Growth","floor":42.0,"turns":3.0},{"damage":0.0,"enemies":"R_Hoarder","floor":43.0,"turns":4.0},{"damage":0.0,"enemies":"4 Shapes","floor":47.0,"turns":4.0},{"damage":14.0,"enemies":"Sphere and 2 Shapes","floor":48.0,"turns":4.0},{"damage":71.0,"enemies":"Transient","floor":49.0,"turns":5.0},{"damage":59,"enemies":"IC_BLOCK_ARCHETYPE","floor":50,"turns":9},{"damage":31,"enemies":"downfall:CharBossMerchant","floor":52,"turns":6},{"damage":17,"enemies":"downfall:NeowBoss","floor":55,"turns":11},{"damage":118,"enemies":"downfall:NeowBossFinal","floor":56,"turns":11}],"seed_played":"-5449995372463095666","potions_obtained":[{"floor":4.0,"key":"conspire:TimeTravelPotion"},{"floor":8.0,"key":"Fire Potion"},{"floor":9.0,"key":"Explosive Potion"},{"floor":11.0,"key":"Elixir"},{"floor":12.0,"key":"Elixir"},{"floor":15.0,"key":"Fire Potion"},{"floor":16.0,"key":"Flashbang"},{"floor":19.0,"key":"sneckomod:MuddlingPotion"},{"floor":29.0,"key":"PowerPotion"},{"floor":31.0,"key":"SkillPotion"},{"floor":36.0,"key":"Energy Potion"},{"floor":39.0,"key":"champ:CounterPotion"},{"floor":42.0,"key":"Swift Potion"},{"floor":47.0,"key":"Explosive Potion"},{"floor":49.0,"key":"Cursed Concoction"},{"floor":52,"key":"Fruit Juice"}],"is_trial":false,"path_per_floor":["R","M","?","M","M","$","MIM","M","M","E","M","?","R","E","M","B",null,"R","M","?","?","?","M","T","$","?","?","R","M","R","M","M","B",null,"R","M","M","$","?","?","T","M","E","?","?","R","M","M","M","B",null,"E","$","R","B","B",null],"character_chosen":"THE_CHAMP","items_purchased":["champ:FalseCounter","hubris:Potato","hubris:GlazedTorus","trackpad:WritersBlock","MerchantsRug","champ:UltimateStance","Swift Potion","Swift Potion"],"campfire_rested":4,"item_purchase_floors":[6,25,25,25,53,53,53,53],"current_hp_per_floor":[90,90,90,86,86,85,85,85,85,85,83,83,83,81,81,74,90,90,84,66,66,41,25,25,12,12,12,39,40,67,62,57,51,96,106,82,78,79,79,79,79,51,62,62,62,92,102,99,29,102,105,111,111,111,112,65],"gold":4,"neow_bonus":"ONE_RANDOM_RARE_CARD","is_daily":false,"chose_seed":false,"campfire_upgraded":3,"win_rate":0.0,"timestamp":1611987045,"path_taken":["R","M","?","M","M","$","MIM","?","M","E","M","?","R","E","M","BOSS","R","M","?","?","?","?","T","$","?","?","R","M","R","M","M","BOSS","R","M","M","$","?","?","T","?","E","?","?","R","M","M","M","BOSS","E","$","R","BOSS","BOSS"],"items_purchased_type":["Card","Relic","Relic","Relic","Relic","Card","Potion","Potion"],"build_version":"2020-12-22","purchased_purges":1,"victory":true,"max_hp_per_floor":[90,90,90,90,90,90,90,90,90,90,90,90,90,90,90,90,90,90,90,90,90,90,91,91,92,92,92,92,93,93,94,95,96,96,106,107,108,109,110,110,110,111,112,101,101,101,102,103,104,105,105,111,111,111,112,113],"card_choices":[{"not_picked":["champ:StanceDance","champ:Shatter"],"picked":"champ:PreemptiveStrike","floor":2.0},{"not_picked":["champ:CrownThrow","champ:FlashCut"],"picked":"champ:Duel","floor":4.0},{"not_picked":["champ:PerfectedStrike","champ:BerserkersShout"],"picked":"champ:DefensiveStyle","floor":5.0},{"not_picked":["champ:RapidStrikes","champ:HeavySlash"],"picked":"champ:DefensiveShout","floor":6.0},{"not_picked":["champ:PerfectedStrike","champ:FocusedBerserking"],"picked":"champ:FlashCut","floor":7.0},{"not_picked":["champ:PerfectedStrike","champ:CrownThrow"],"picked":"champ:Circumvent","floor":8.0},{"not_picked":["champ:GutPunch","champ:Devastate"],"picked":"champ:PreciseThrust","floor":9.0},{"not_picked":["champ:Backstep","champ:RapidStrikes"],"picked":"champ:TornadoPunch","floor":10.0},{"not_picked":["champ:RecklessLeap","champ:GladiatorStyle"],"picked":"champ:BringItOn","floor":11.0},{"not_picked":["champ:BladeFlurry","champ:EndlessRage"],"picked":"champ:PreciseThrust","floor":12.0},{"not_picked":["champ:Shatter","champ:DeathBlow"],"picked":"champ:CrownThrow","floor":14.0},{"not_picked":["champ:LastStand","champ:Duel"],"picked":"champ:EnGarde","floor":15.0},{"not_picked":["champ:GladiatorForm","champ:TripleStrike"],"picked":"champ:ShieldThrow","floor":16.0},{"not_picked":["champ:FancyFootwork","champ:Parry"],"picked":"champ:RisingSlash+1","floor":19.0},{"not_picked":["champ:AdrenalArmor","champ:Encircle"],"picked":"champ:ShieldSigil","floor":21.0},{"not_picked":["champ:CrownThrow","champ:PreemptiveStrike+1"],"picked":"champ:ShieldWall","floor":23.0},{"not_picked":["champ:CrownThrow","champ:RapidStrikes","champ:BerserkerStyle"],"picked":"SKIP","floor":25.0},{"not_picked":["champ:BringItOn","champ:RisingSlash+1","champ:FancyFootwork"],"picked":"SKIP","floor":29.0},{"not_picked":["champ:Haymaker","champ:BladeFlurry","champ:Duel"],"picked":"SKIP","floor":31.0},{"not_picked":["champ:CalledShot","champ:RapidStrikes+1"],"picked":"champ:ViciousMockery","floor":32.0},{"not_picked":["champ:EnchantSword","champ:DancingMaster"],"picked":"champ:ShieldThrow","floor":33.0},{"not_picked":["champ:FlashCut","champ:DefensiveShout"],"picked":"champ:RageSigil","floor":36.0},{"not_picked":["champ:TornadoPunch","champ:StanceDance+1","champ:DefensiveShout+1"],"picked":"SKIP","floor":37.0},{"not_picked":["champ:Backstep","champ:VampiricStrike","champ:DefensiveShout"],"picked":"SKIP","floor":38.0},{"not_picked":["champ:BringItOn+1","champ:RageSigil"],"picked":"champ:SwordSigil+1","floor":39.0},{"not_picked":["champ:BladeFlurry","champ:Shatter+1"],"picked":"champ:SwordSigil+1","floor":42.0},{"not_picked":["champ:Encircle","champ:AdrenalArmor+1","champ:BerserkersShout+1"],"picked":"SKIP","floor":43.0},{"not_picked":["champ:Haymaker+1","champ:ArenaPreparation","champ:Endure"],"picked":"SKIP","floor":47.0},{"not_picked":["champ:PreemptiveStrike+1","champ:FlashCut","champ:BringItOn+1"],"picked":"SKIP","floor":48.0},{"not_picked":["champ:CrownThrow+1","champ:StanceDance"],"picked":"champ:Parry+1","floor":49.0},{"not_picked":["champ:BerserkersShout","champ:TornadoPunch+1","champ:FaceSlap"],"picked":"SKIP","floor":52}],"player_experience":422918,"relics_obtained":[{"floor":10.0,"key":"Pen Nib"},{"floor":12.0,"key":"Orichalcum"},{"floor":14.0,"key":"Peace Pipe"},{"floor":21.0,"key":"hubris:ToyBattleship"},{"floor":22.0,"key":"downfall:CloakOfManyFaces"},{"floor":39.0,"key":"StuffTheSpire:Expresso"},{"floor":41.0,"key":"SpikesRelics:DaevaFist"},{"floor":43.0,"key":"StuffTheSpire:HeavyRock"},{"floor":52,"key":"Replay:Wax Seal"}],"event_choices":[{"damage_healed":0.0,"max_hp_gain":0.0,"max_hp_loss":0.0,"gold_gain":0.0,"event_name":"Addict","player_choice":"Stole Relic","floor":26.0,"gold_loss":0.0,"damage_taken":0.0,"relics_obtained":["Gremlin Food"],"cards_obtained":["Pride"]},{"damage_healed":0.0,"max_hp_gain":0.0,"max_hp_loss":0.0,"gold_gain":2.0,"event_name":"betterStone:BetterStone","player_choice":"1","floor":27.0,"gold_loss":0.0,"damage_taken":0.0}],"is_beta":false,"boss_relics":[{"not_picked":["Replay:Wanted Poster","hubris:CrackedHourglass"],"picked":"aspiration:RitualDagger"},{"not_picked":["Black Star","hubris:GrandSneckoEye"],"picked":"trackpad:Coffee"}],"items_purged_floors":[53],"is_endless":false,"potions_floor_spawned":[4,8,9,11,12,15,16,19,29,31,36,39,42,47,49,52],"ascension_level":3}}