{"host":"6rz02yiipefhcw4r","time":1611983565,"event":{"mods":["2.2 Compatiblity","BaseMod","Block Reminder","Colored Map","Curses Come First","DeckTracker","Googly Eyes","Minty Spire (QoL Compilation)","Quick Restart","Rare Cards Sparkle","StSLib"],"gold_per_floor":[113,113,113,113,30,74,74,74,74,92,108,151,174,218,218,218,218],"floor_reached":16,"language":"ENG","playtime":379,"items_purged":[],"score":286,"play_id":"fb91f5fc-302b-49e9-b718-a68fd965d89b","local_time":"20210130031245","is_ascension_mode":true,"campfire_choices":[{"data":"Uppercut","floor":8,"key":"SMITH"},{"data":"Iron Wave","floor":15,"key":"SMITH"}],"circlet_count":0,"master_deck":["AscendersBane","Strike_R","Strike_R","Strike_R","Strike_R","Strike_R+1","Defend_R","Defend_R","Defend_R","Defend_R","Bash+1","Cleave","Uppercut+1","Iron Wave+1","Iron Wave"],"relics":["Burning Blood","NeowsBlessing","Golden Idol","Whetstone","StrikeDummy","Kunai","Peace Pipe","WingedGreaves","Letter Opener"],"acts_visited":["Exordium"],"potions_floor_usage":[12],"damage_taken":[{"damage":0,"enemies":"2 Louse","floor":1,"turns":1},{"damage":0,"enemies":"3 Sentries","floor":6,"turns":2},{"damage":0,"enemies":"Jaw Worm","floor":10,"turns":1},{"damage":0,"enemies":"Cultist","floor":11,"turns":3},{"damage":12,"enemies":"Lagavulin","floor":12,"turns":5},{"damage":18,"enemies":"Large Slime","floor":13,"turns":5},{"damage":16,"enemies":"Gremlin Nob","floor":14,"turns":4},{"damage":43,"enemies":"Hexaghost","floor":16,"turns":9}],"seed_played":"-6161703441316759870","potions_obtained":[{"floor":10,"key":"FearPotion"},{"floor":11,"key":"Energy Potion"}],"is_trial":false,"path_per_floor":["M","?","?","T","$","E","T","R","T","M","M","E","M","E","R","B"],"character_chosen":"IRONCLAD","items_purchased":["Uppercut"],"campfire_rested":0,"item_purchase_floors":[5],"current_hp_per_floor":[74,68,68,68,68,68,68,68,68,68,68,62,50,40,40,0,0],"gold":218,"neow_bonus":"THREE_ENEMY_KILL","is_daily":false,"chose_seed":false,"campfire_upgraded":2,"win_rate":0.0,"timestamp":1611983565,"path_taken":["M","?","?","?","$","E","?","R","T","?","M","E","M","E","R","BOSS"],"items_purchased_type":["Card"],"build_version":"2020-12-22","purchased_purges":0,"victory":false,"max_hp_per_floor":[75,68,68,68,68,68,68,68,68,68,68,68,68,68,68,68,68],"card_choices":[{"not_picked":["Anger","Heavy Blade"],"picked":"Cleave","floor":1},{"not_picked":["Warcry","Body Slam","Intimidate"],"picked":"SKIP","floor":6},{"not_picked":["Sword Boomerang","Intimidate","Brutality"],"picked":"SKIP","floor":10},{"not_picked":["Heavy Blade","Wild Strike","Flex"],"picked":"SKIP","floor":11},{"not_picked":["Fire Breathing","Havoc"],"picked":"Iron Wave","floor":12},{"not_picked":["Uppercut","Armaments"],"picked":"Iron Wave","floor":13},{"not_picked":["Perfected Strike","Power Through","Havoc"],"picked":"SKIP","floor":14}],"player_experience":760238,"relics_obtained":[{"floor":4,"key":"Whetstone"},{"floor":6,"key":"StrikeDummy"},{"floor":7,"key":"Kunai"},{"floor":9,"key":"Peace Pipe"},{"floor":12,"key":"WingedGreaves"},{"floor":14,"key":"Letter Opener"}],"event_choices":[{"damage_healed":0,"gold_gain":0,"player_choice":"Lose Max HP","damage_taken":0,"relics_obtained":["Golden Idol"],"max_hp_gain":0,"max_hp_loss":7,"event_name":"Golden Idol","floor":2,"gold_loss":0},{"damage_healed":0,"gold_gain":0,"player_choice":"Leave","damage_taken":0,"max_hp_gain":0,"max_hp_loss":0,"event_name":"The Cleric","floor":3,"gold_loss":0}],"is_beta":false,"boss_relics":[],"items_purged_floors":[],"is_endless":false,"potions_floor_spawned":[10,11],"killed_by":"Hexaghost","ascension_level":20}}