{"host":"v711dtdb46xe9u7l","time":1611969929,"event":{"mods":["BaseMod","Highlight Path","Minty Spire (QoL Compilation)","Quick Restart","StSLib"],"gold_per_floor":[115,130,56,56,71,106,106,136,136,149,162,162,175,190,190,285,285,299,214,211,256,181,181,213,213,281,309,329,348,348,390,390,494,494,517,526,84,96,123,123,147,181,181,217,197,225,247,247,247,247,247,247,51,85,85],"floor_reached":56,"language":"ENG","playtime":3586,"items_purged":["Strike_G","Strike_G"],"score":1863,"play_id":"69850603-19fc-41ff-9f0f-2df97bac7091","local_time":"20210130012529","is_ascension_mode":true,"campfire_choices":[{"data":"Infinite Blades","floor":7.0,"key":"SMITH"},{"floor":12.0,"key":"REST"},{"data":"Terror","floor":15.0,"key":"SMITH"},{"floor":23.0,"key":"REST"},{"data":"Footwork","floor":25.0,"key":"SMITH"},{"floor":30.0,"key":"REST"},{"data":"Infinite Blades","floor":32.0,"key":"SMITH"},{"floor":40.0,"key":"REST"},{"floor":49.0,"key":"RECALL"},{"data":"Prepared","floor":52,"key":"SMITH"}],"circlet_count":0,"master_deck":["Defend_G","Defend_G","Defend_G","Defend_G","Survivor","Neutralize+1","Accuracy","Terror+1","Outmaneuver","Prepared+1","Regret","Infinite Blades+1","Accuracy","Infinite Blades+1","Dodge and Roll+1","Cloak And Dagger+1","Footwork+1","Burst+1","Escape Plan+1","Calculated Gamble+1","Ghostly+1","Ghostly+1","Ghostly+1","Ghostly+1","Ghostly+1","Well Laid Plans","Backflip+1","Skewer+1","Phantasmal Killer+1","Malaise+1","Quick Slash+1","Flash of Steel","Burst+1","Infinite Blades","Blade Dance+1","Phantasmal Killer+1","Deflect+1","Parasite","Cloak And Dagger+1","Expertise+1","Footwork","Distraction+1"],"relics":["Ring of the Snake","NeowsBlessing","Regal Pillow","Lizard Tail","Blue Candle","Toxic Egg 2","Empty Cage","CeramicFish","Lantern","Pantograph","Pear","SlaversCollar","TungstenRod","Dream Catcher","Whetstone","Snake Skull"],"acts_visited":["Exordium","TheCity","TheBeyond","TheEnding"],"potions_floor_usage":[],"damage_taken":[{"damage":0.0,"enemies":"Small Slimes","floor":1.0,"turns":1.0},{"damage":0.0,"enemies":"2 Louse","floor":2.0,"turns":1.0},{"damage":0.0,"enemies":"Jaw Worm","floor":5.0,"turns":1.0},{"damage":20.0,"enemies":"Gremlin Nob","floor":6.0,"turns":4.0},{"damage":43.0,"enemies":"3 Sentries","floor":8.0,"turns":9.0},{"damage":16.0,"enemies":"3 Louse","floor":10.0,"turns":3.0},{"damage":8.0,"enemies":"Exordium Wildlife","floor":11.0,"turns":4.0},{"damage":1.0,"enemies":"Large Slime","floor":13.0,"turns":6.0},{"damage":0.0,"enemies":"2 Fungi Beasts","floor":14.0,"turns":3.0},{"damage":15.0,"enemies":"The Guardian","floor":16.0,"turns":6.0},{"damage":11.0,"enemies":"Spheric Guardian","floor":18.0,"turns":5.0},{"damage":39.0,"enemies":"2 Thieves","floor":20.0,"turns":4.0},{"damage":17.0,"enemies":"Slavers","floor":24.0,"turns":11.0},{"damage":2.0,"enemies":"Centurion and Healer","floor":27.0,"turns":6.0},{"damage":1.0,"enemies":"Snake Plant","floor":28.0,"turns":5.0},{"damage":3.0,"enemies":"Chosen and Byrds","floor":29.0,"turns":6.0},{"damage":1.0,"enemies":"Gremlin Leader","floor":31.0,"turns":6.0},{"damage":12.0,"enemies":"Automaton","floor":33.0,"turns":11.0},{"damage":4.0,"enemies":"3 Shapes","floor":35.0,"turns":5.0},{"damage":0.0,"enemies":"3 Darklings","floor":38.0,"turns":9.0},{"damage":23.0,"enemies":"Maw","floor":39.0,"turns":8.0},{"damage":8.0,"enemies":"4 Shapes","floor":41.0,"turns":12.0},{"damage":0.0,"enemies":"Reptomancer","floor":42.0,"turns":5.0},{"damage":5.0,"enemies":"Giant Head","floor":44.0,"turns":8.0},{"damage":0.0,"enemies":"Writhing Mass","floor":46.0,"turns":7.0},{"damage":0.0,"enemies":"Jaw Worm Horde","floor":47.0,"turns":4.0},{"damage":13,"enemies":"Time Eater","floor":50,"turns":13},{"damage":0,"enemies":"Shield and Spear","floor":54,"turns":7},{"damage":0,"enemies":"The Heart","floor":55,"turns":11}],"seed_played":"7803243394472081475","potions_obtained":[{"floor":1.0,"key":"CultistPotion"},{"floor":2.0,"key":"Block Potion"},{"floor":6.0,"key":"Poison Potion"},{"floor":8.0,"key":"LiquidBronze"},{"floor":20.0,"key":"ColorlessPotion"},{"floor":27.0,"key":"GamblersBrew"},{"floor":29.0,"key":"LiquidBronze"},{"floor":33.0,"key":"SmokeBomb"},{"floor":38.0,"key":"BlessingOfTheForge"},{"floor":41.0,"key":"Fruit Juice"},{"floor":42.0,"key":"AttackPotion"},{"floor":44.0,"key":"AttackPotion"},{"floor":45.0,"key":"FearPotion"},{"floor":54,"key":"FairyPotion"}],"is_trial":false,"path_per_floor":["M","M","$","?","M","E","R","E","T","M","M","R","M","M","R","B",null,"M","?","M","?","?","R","E","R","T","M","M","M","R","E","R","B",null,"M","?","$","M","M","R","M","E","T","E","?","M","M","?","R","B",null,"R","$","E","B",null],"character_chosen":"THE_SILENT","items_purchased":["Outmaneuver","Prepared","TungstenRod","Burst+1","Footwork","Distraction+1"],"campfire_rested":4,"item_purchase_floors":[3,3,37,37,53,53],"current_hp_per_floor":[63,63,63,63,63,43,43,35,35,19,11,47,46,46,46,31,60,49,49,10,10,10,35,18,18,18,16,15,12,35,44,44,33,42,38,38,38,38,15,43,40,40,40,35,35,35,35,35,35,37,47,47,47,47,50],"gold":85,"neow_bonus":"THREE_ENEMY_KILL","is_daily":false,"chose_seed":false,"campfire_upgraded":5,"win_rate":0.0,"timestamp":1611969929,"path_taken":["M","M","$","?","M","E","R","E","T","M","M","R","M","M","R","BOSS","M","?","M","?","?","R","E","R","T","M","?","M","R","E","R","BOSS","M","?","$","M","M","R","M","E","T","E","?","?","M","?","R","BOSS","R","$","E","BOSS"],"items_purchased_type":["Card","Card","Relic","Card","Card","Card"],"build_version":"2020-12-22","purchased_purges":2,"victory":true,"max_hp_per_floor":[70,70,70,70,70,70,70,70,70,70,70,70,70,70,70,70,70,70,70,70,35,35,35,35,35,35,35,35,35,35,45,45,45,45,45,45,45,45,45,45,50,50,50,50,50,50,50,50,50,50,50,50,50,50,50],"card_choices":[{"not_picked":["Underhanded Strike","Eviscerate"],"picked":"Accuracy","floor":1.0},{"not_picked":["Setup","Noxious Fumes"],"picked":"Terror","floor":2.0},{"not_picked":["All Out Attack","Deadly Poison"],"picked":"Infinite Blades","floor":5.0},{"not_picked":["Slice","Backflip"],"picked":"Accuracy","floor":6.0},{"not_picked":["Predator","PiercingWail"],"picked":"Infinite Blades","floor":8.0},{"not_picked":["Crippling Poison+1","Reflex+1","Eviscerate"],"picked":"SKIP","floor":10.0},{"not_picked":["Outmaneuver+1","Acrobatics+1"],"picked":"Dodge and Roll+1","floor":11.0},{"not_picked":["Dagger Spray","Choke"],"picked":"Cloak And Dagger+1","floor":13.0},{"not_picked":["Reflex+1","Acrobatics+1"],"picked":"Footwork","floor":14.0},{"not_picked":["Die Die Die","Storm of Steel+1"],"picked":"Burst+1","floor":16.0},{"not_picked":["Outmaneuver+1","Poisoned Stab+1"],"picked":"Escape Plan+1","floor":18.0},{"not_picked":["Skewer","Bane"],"picked":"Calculated Gamble+1","floor":20.0},{"not_picked":["Riddle With Holes","Quick Slash","Dodge and Roll+1"],"picked":"SKIP","floor":24.0},{"not_picked":["Predator","Crippling Poison+1"],"picked":"Well Laid Plans","floor":27.0},{"not_picked":["Skewer","Deadly Poison+1"],"picked":"Backflip+1","floor":28.0},{"not_picked":["Concentrate+1","Dash"],"picked":"Skewer+1","floor":29.0},{"not_picked":["Choke+1","Sucker Punch"],"picked":"Phantasmal Killer+1","floor":31.0},{"not_picked":["Bullet Time+1","Glass Knife"],"picked":"Malaise+1","floor":33.0},{"not_picked":["Bane","Masterful Stab"],"picked":"Quick Slash","floor":35.0},{"not_picked":["Jack Of All Trades+1","Discovery+1"],"picked":"Flash of Steel","floor":36.0},{"not_picked":["Choke","Deadly Poison+1","Noxious Fumes+1"],"picked":"SKIP","floor":38.0},{"not_picked":["Underhanded Strike+1","Poisoned Stab"],"picked":"Infinite Blades","floor":39.0},{"not_picked":["Underhanded Strike+1","Tactician+1"],"picked":"Blade Dance+1","floor":41.0},{"not_picked":["Quick Slash","Reflex+1"],"picked":"Phantasmal Killer+1","floor":42.0},{"not_picked":["Underhanded Strike","Bane"],"picked":"Deflect+1","floor":44.0},{"not_picked":["All Out Attack","PiercingWail+1"],"picked":"Cloak And Dagger+1","floor":46.0},{"not_picked":["Dagger Spray+1","Expertise+1","Slice+1"],"picked":"SKIP","floor":47.0},{"not_picked":["Dagger Spray+1","Slice+1"],"picked":"Expertise+1","floor":47.0},{"not_picked":["Underhanded Strike","Expertise+1","Outmaneuver+1"],"picked":"SKIP","floor":54}],"player_experience":412440,"relics_obtained":[{"floor":6.0,"key":"Lizard Tail"},{"floor":8.0,"key":"Blue Candle"},{"floor":9.0,"key":"Toxic Egg 2"},{"floor":24.0,"key":"Lantern"},{"floor":26.0,"key":"Pantograph"},{"floor":31.0,"key":"Pear"},{"floor":42.0,"key":"Dream Catcher"},{"floor":44.0,"key":"Whetstone"},{"floor":54,"key":"Snake Skull"}],"event_choices":[{"damage_healed":0.0,"max_hp_gain":0.0,"max_hp_loss":0.0,"gold_gain":0.0,"event_name":"Big Fish","player_choice":"Box","floor":4.0,"gold_loss":0.0,"damage_taken":0.0,"relics_obtained":["Regal Pillow"],"cards_obtained":["Regret"]},{"damage_healed":0.0,"max_hp_gain":0.0,"max_hp_loss":0.0,"gold_gain":0.0,"event_name":"Addict","player_choice":"Obtained Relic","floor":19.0,"gold_loss":85.0,"damage_taken":0.0,"relics_obtained":["CeramicFish"]},{"damage_healed":0.0,"max_hp_gain":0.0,"max_hp_loss":35.0,"gold_gain":0.0,"event_name":"Ghosts","player_choice":"Became a Ghost","floor":21.0,"gold_loss":0.0,"damage_taken":0.0,"cards_obtained":["Ghostly","Ghostly","Ghostly","Ghostly","Ghostly"]},{"cards_removed":["Strike_G"],"damage_healed":0.0,"max_hp_gain":0.0,"max_hp_loss":0.0,"gold_gain":0.0,"event_name":"Beggar","player_choice":"Gave Gold","floor":22.0,"gold_loss":75.0,"damage_taken":0.0},{"damage_healed":0.0,"max_hp_gain":0.0,"max_hp_loss":0.0,"gold_gain":0.0,"event_name":"SensoryStone","player_choice":"Memory 1","floor":36.0,"gold_loss":0.0,"damage_taken":0.0},{"damage_healed":0.0,"max_hp_gain":0.0,"max_hp_loss":0.0,"gold_gain":0.0,"event_name":"The Woman in Blue","player_choice":"Bought 1 Potion","floor":45.0,"gold_loss":0.0,"damage_taken":0.0},{"cards_removed":["Defend_G"],"damage_healed":0.0,"max_hp_gain":0.0,"max_hp_loss":0.0,"gold_gain":0.0,"event_name":"Falling","player_choice":"Removed Skill","floor":48.0,"gold_loss":0.0,"damage_taken":0.0}],"is_beta":false,"boss_relics":[{"not_picked":["Black Star","Snecko Eye"],"picked":"Empty Cage"},{"not_picked":["Velvet Choker","Coffee Dripper"],"picked":"SlaversCollar"}],"items_purged_floors":[37,53],"is_endless":false,"potions_floor_spawned":[1,2,6,8,20,27,28,29,33,38,41,42,44,54],"ascension_level":9}}