{"host":"0kk91h4bq4kgfj0u","time":1611974256,"event":{"mods":["BaseMod","Minty Spire (QoL Compilation)","StSLib"],"gold_per_floor":[118,118,134,147,171,171,190,190,214,214,314,353,380,399,399,507,507,529,151,151,180,202,202,241,241,241,51,51,77,57,57,57],"floor_reached":31,"language":"ENG","playtime":938,"items_purged":[],"score":319,"play_id":"a7480fee-110e-413c-ba93-9481b9e7e76f","local_time":"20210129213736","is_ascension_mode":true,"campfire_choices":[{"data":"Defragment","floor":6.0,"key":"SMITH"},{"floor":8.0,"key":"REST"},{"data":"White Noise","floor":10.0,"key":"SMITH"},{"floor":15.0,"key":"REST"},{"floor":23,"key":"REST"},{"floor":25,"key":"REST"},{"data":"Apotheosis","floor":28,"key":"SMITH"}],"circlet_count":0,"master_deck":["Strike_B","Strike_B","Strike_B","Strike_B","Defend_B+1","Defend_B","Defend_B+1","Defend_B","Zap","Dualcast","Defragment+1","White Noise+1","Ball Lightning","Coolheaded","Stack","Redo","Leap","Thunder Strike","Turbo","Apotheosis+1","Defragment","Sweeping Beam","Auto Shields+1","Beam Cell","Turbo","Stack"],"relics":["Cracked Core","Bag of Marbles","Letter Opener","CeramicFish","War Paint","Centennial Puzzle","Inserter","DataDisk","Nunchaku","Symbiotic Virus","Regal Pillow"],"acts_visited":["Exordium","TheCity"],"potions_floor_usage":[22,24,24,31],"damage_taken":[{"damage":0.0,"enemies":"Cultist","floor":1.0,"turns":3.0},{"damage":7.0,"enemies":"Jaw Worm","floor":3.0,"turns":3.0},{"damage":4.0,"enemies":"Small Slimes","floor":4.0,"turns":3.0},{"damage":9.0,"enemies":"Red Slaver","floor":7.0,"turns":3.0},{"damage":25.0,"enemies":"Gremlin Nob","floor":12.0,"turns":4.0},{"damage":12.0,"enemies":"Exordium Thugs","floor":13.0,"turns":4.0},{"damage":4.0,"enemies":"Blue Slaver","floor":14.0,"turns":2.0},{"damage":17.0,"enemies":"Slime Boss","floor":16.0,"turns":12.0},{"damage":20.0,"enemies":"Spheric Guardian","floor":18.0,"turns":6.0},{"damage":9,"enemies":"Shell Parasite","floor":21,"turns":5},{"damage":10,"enemies":"Chosen and Byrds","floor":22,"turns":4},{"damage":33,"enemies":"Gremlin Leader","floor":24,"turns":7},{"damage":26,"enemies":"Sentry and Sphere","floor":29,"turns":6},{"damage":23,"enemies":"Cultist and Chosen","floor":31,"turns":6}],"seed_played":"-5666228197234343563","potions_obtained":[{"floor":1.0,"key":"DistilledChaos"},{"floor":3.0,"key":"Strength Potion"},{"floor":13.0,"key":"Energy Potion"},{"floor":22,"key":"Regen Potion"},{"floor":29,"key":"PotionOfCapacity"},{"floor":30,"key":"SkillPotion"}],"is_trial":false,"path_per_floor":["M","?","M","M","T","R","M","R","T","R","?","E","M","M","R","B",null,"M","$","?","M","M","R","E","R","T","$","R","M","?","M"],"character_chosen":"DEFECT","items_purchased":["DataDisk","Apotheosis","Defragment","Regal Pillow","Turbo"],"campfire_rested":4,"item_purchase_floors":[19,19,19,27,27],"current_hp_per_floor":[75,72,65,61,61,61,52,74,74,74,74,49,37,33,55,38,66,46,46,46,37,27,49,21,43,43,43,43,17,17,0,0],"gold":57,"neow_bonus":"RANDOM_COMMON_RELIC","is_daily":false,"chose_seed":false,"campfire_upgraded":3,"win_rate":0.0,"timestamp":1611974256,"path_taken":["M","?","M","M","?","R","?","R","T","R","?","E","?","M","R","BOSS","M","$","?","M","M","R","E","R","T","$","R","M","?","M"],"items_purchased_type":["Relic","Card","Card","Relic","Card"],"build_version":"2020-12-22","purchased_purges":0,"victory":false,"max_hp_per_floor":[75,75,75,75,75,75,75,75,75,75,75,75,75,75,75,75,75,75,75,75,75,75,75,75,75,75,75,75,75,75,75,75],"card_choices":[{"not_picked":["Compile Driver","Hologram"],"picked":"Defragment","floor":1.0},{"not_picked":["Leap","Redo"],"picked":"White Noise","floor":3.0},{"not_picked":["Conserve Battery","White Noise"],"picked":"Ball Lightning","floor":4.0},{"not_picked":["Compile Driver","Hologram"],"picked":"Coolheaded","floor":7.0},{"not_picked":["Sunder","Gash"],"picked":"Stack","floor":12.0},{"not_picked":["Compile Driver","Multi-Cast"],"picked":"Redo","floor":13.0},{"not_picked":["Gash","Steam"],"picked":"Leap","floor":14.0},{"not_picked":["Buffer","Hyperbeam"],"picked":"Thunder Strike","floor":16.0},{"not_picked":["Go for the Eyes+1","Ball Lightning"],"picked":"Turbo","floor":18.0},{"not_picked":["White Noise+1","Barrage"],"picked":"Sweeping Beam","floor":21},{"not_picked":["Stack","Beam Cell"],"picked":"Auto Shields+1","floor":22},{"not_picked":["Capacitor","All For One"],"picked":"Beam Cell","floor":24},{"not_picked":["Sweeping Beam","Storm"],"picked":"Stack","floor":29}],"player_experience":824858,"relics_obtained":[{"floor":5.0,"key":"CeramicFish"},{"floor":9.0,"key":"War Paint"},{"floor":12.0,"key":"Centennial Puzzle"},{"floor":24,"key":"Nunchaku"},{"floor":26,"key":"Symbiotic Virus"}],"event_choices":[{"damage_healed":0.0,"max_hp_gain":0.0,"max_hp_loss":0.0,"gold_gain":0.0,"event_name":"Scrap Ooze","player_choice":"Success","floor":2.0,"gold_loss":0.0,"damage_taken":3.0,"relics_obtained":["Letter Opener"]},{"damage_healed":0.0,"max_hp_gain":0.0,"max_hp_loss":0.0,"gold_gain":100.0,"event_name":"Golden Shrine","player_choice":"Pray","floor":11.0,"gold_loss":0.0,"damage_taken":0.0},{"damage_healed":0,"gold_gain":0,"player_choice":"Ignored","damage_taken":0,"max_hp_gain":0,"max_hp_loss":0,"event_name":"Vampires","floor":20,"gold_loss":0},{"damage_healed":0,"gold_gain":0,"player_choice":"Bought 1 Potion","damage_taken":0,"max_hp_gain":0,"max_hp_loss":0,"event_name":"The Woman in Blue","floor":30,"gold_loss":0}],"is_beta":false,"boss_relics":[{"not_picked":["Nuclear Battery","Empty Cage"],"picked":"Inserter"}],"items_purged_floors":[],"is_endless":false,"potions_floor_spawned":[1,3,13,22,29],"killed_by":"Cultist and Chosen","ascension_level":5}}