{"host":"2brg86hfzr3u5cix","time":1611995092,"event":{"mods":["AchievementEnabler","Ascension Unlocker","BaseMod","CapriCore","DeckTracker","Highlight Path","Keyboard Shortcuts","Minty Spire (QoL Compilation)","Permanent Neow","Relic Stats","StSLib","Twitch Utils","Uncapped","UnlockEverythingMod"],"gold_per_floor":[111,36,50,66,83,83,93,119,146,146,157,56,56,56],"floor_reached":13,"language":"KOR","playtime":381,"items_purged":["Defend_P"],"score":174,"play_id":"04a10332-355e-4809-9556-1f4877cc4742","local_time":"20210130172452","is_ascension_mode":true,"campfire_choices":[{"data":"Eruption","floor":6.0,"key":"SMITH"}],"circlet_count":0,"master_deck":["AscendersBane","Strike_P","Strike_P","Strike_P","Strike_P","Defend_P","Defend_P","Defend_P","Eruption+1","Vigilance","Scrawl","Worship","CrushJoints","WreathOfFlame","EmptyMind","ThirdEye","Swift Strike"],"relics":["PureWater","Omamori","Bag of Preparation","CultistMask"],"acts_visited":["Exordium"],"potions_floor_usage":[13],"damage_taken":[{"damage":0.0,"enemies":"Jaw Worm","floor":1.0,"turns":3.0},{"damage":12.0,"enemies":"Cultist","floor":3.0,"turns":3.0},{"damage":2.0,"enemies":"Small Slimes","floor":4.0,"turns":4.0},{"damage":15.0,"enemies":"Exordium Wildlife","floor":5.0,"turns":5.0},{"damage":0.0,"enemies":"Looter","floor":7.0,"turns":4.0},{"damage":16.0,"enemies":"Gremlin Nob","floor":8.0,"turns":3.0},{"damage":12.0,"enemies":"Large Slime","floor":11.0,"turns":5.0},{"damage":15,"enemies":"Lagavulin","floor":13,"turns":4}],"seed_played":"-1071636804307853458","potions_obtained":[{"floor":1.0,"key":"SpeedPotion"},{"floor":5.0,"key":"EssenceOfSteel"},{"floor":7.0,"key":"Swift Potion"},{"floor":11.0,"key":"ColorlessPotion"}],"is_trial":false,"path_per_floor":["M","$","M","M","M","R","M","E","T","?","M","$","E"],"character_chosen":"WATCHER","items_purchased":["Swift Strike"],"campfire_rested":0,"item_purchase_floors":[12],"current_hp_per_floor":[61,61,49,47,32,32,32,16,16,16,4,4,0,0],"gold":56,"neow_bonus":"THREE_RARE_CARDS","is_daily":false,"chose_seed":false,"campfire_upgraded":1,"win_rate":0.0,"timestamp":1611995092,"path_taken":["M","$","M","M","M","R","M","E","T","?","?","$","E"],"items_purchased_type":["Card"],"build_version":"2020-12-22","purchased_purges":1,"victory":false,"max_hp_per_floor":[62,62,62,62,62,62,62,62,62,62,62,62,62,62],"relic_stats":{"counters":[8,31],"Bag of Preparation":[4],"obtain_stats":[{"CultistMask":10,"Omamori":8,"Bag of Preparation":9,"PureWater":0},{"CultistMask":6,"Omamori":6,"Bag of Preparation":6,"PureWater":0},{"CultistMask":22,"Omamori":22,"Bag of Preparation":22,"PureWater":0}]},"card_choices":[{"not_picked":["Omniscience","Alpha"],"picked":"Scrawl","floor":0.0},{"not_picked":["Wireheading","FlyingSleeves"],"picked":"Worship","floor":1.0},{"not_picked":["ForeignInfluence","Wallop"],"picked":"CrushJoints","floor":3.0},{"not_picked":["BattleHymn","FlurryOfBlows","Consecrate"],"picked":"SKIP","floor":4.0},{"not_picked":["FlyingSleeves","FearNoEvil"],"picked":"WreathOfFlame","floor":5.0},{"not_picked":["CrushJoints","Indignation"],"picked":"EmptyMind","floor":7.0},{"not_picked":["Alpha","Study","FlurryOfBlows"],"picked":"SKIP","floor":8.0},{"not_picked":["Protect","FlyingSleeves"],"picked":"ThirdEye","floor":11.0}],"player_experience":342390,"relics_obtained":[{"floor":8.0,"key":"Omamori"},{"floor":9.0,"key":"Bag of Preparation"}],"event_choices":[{"damage_healed":0.0,"max_hp_gain":0.0,"max_hp_loss":0.0,"gold_gain":0.0,"event_name":"FaceTrader","player_choice":"Trade","floor":10.0,"gold_loss":0.0,"damage_taken":0.0,"relics_obtained":["CultistMask"]}],"is_beta":false,"boss_relics":[],"items_purged_floors":[2],"is_endless":false,"potions_floor_spawned":[1,5,7,11],"killed_by":"Lagavulin","ascension_level":20}}