{"host":"3y33rrrkia6pkpow","time":1611965116,"event":{"mods":["2.2 Compatiblity","AchievementEnabler","Act Like it!","BaseMod","BetterRewards","Block Reminder","Colored Map","Colored Powertips","DeckTracker","Faster Ascension Climbing","Gensokyo","Highlight Path","Infinite Spire","Minty Spire (QoL Compilation)","Quick Restart","Rare Cards Sparkle","Replay The Spire","Shop Mod","Spicy Shops","StSLib","Synergy Search","The Animator","The Blue Laboratory","Unknown Chances"],"gold_per_floor":[113,126,126,137,160,160,178,178,178,210,210,210,210,239,239,316,316,334,294,294,244,344,362,362,372,396,396,24,24,24],"floor_reached":29,"language":"ENG","playtime":2909,"items_purged":["animator:Strike","animator:Strike"],"score":467,"play_id":"84e59fe3-bce0-46bb-b27f-c15acb1ec0ef","local_time":"20210129180516","is_ascension_mode":true,"campfire_choices":[{"floor":6.0,"key":"REST"},{"floor":8.0,"key":"REST"},{"floor":12.0,"key":"REST"},{"floor":15.0,"key":"REST"},{"floor":24,"key":"REST"},{"floor":27,"key":"REST"}],"circlet_count":0,"master_deck":["AscendersBane","animator:Strike_FullmetalAlchemist","animator:Defend_FullmetalAlchemist","animator:Defend","animator:Defend","animator:Defend","animator:ElricEdward","animator:ElricAlphonse","animator:Arpeggio","animator:Evileye","animator:Ain","animator:ChlammyZell","animator:Aisha","animator:Elsword","animator:Ain","animator:ElricAlphonse","animator:FielNirvalen","animator:KoishiKomeiji","animator:RoyMustang","animator:ElricAlphonse","animator:YuukaKazami","animator:Aisha","animator:Shiro","animator:Truth+1","Gensokyo:FourOfAKind","Gensokyo:FourOfAKind","Gensokyo:FourOfAKind","Gensokyo:FourOfAKind","animator:SanaeKochiya","animator:FielNirvalen","animator:Jibril","animator:FielNirvalen","animator:Albedo","animator:Togame"],"relics":["animator:LivingPicture","animator:TheMissingPiece","animator:PurgingStone","Membership Card","Runic Capacitor","infinitespire:Lucky Rock","infinitespire:EmpoweringShard","Du-Vu Doll","Velvet Choker","animator:CursedGlyph","Unceasing Top","Bird Faced Urn","Akabeko","OrangePellets","PreservedInsect"],"acts_visited":["Gensokyo:Gensokyo","Gensokyo:Gensokyoer"],"potions_floor_usage":[23,29],"damage_taken":[{"damage":11.0,"enemies":"Gensokyo:Python","floor":1.0,"turns":4.0},{"damage":12.0,"enemies":"Gensokyo:Gryphon","floor":2.0,"turns":3.0},{"damage":0.0,"enemies":"Gensokyo:2_Kodama","floor":4.0,"turns":2.0},{"damage":21.0,"enemies":"Gensokyo:LivingMonolith","floor":5.0,"turns":4.0},{"damage":19.0,"enemies":"Gensokyo:2_Rabbits","floor":7.0,"turns":4.0},{"damage":20.0,"enemies":"Gensokyo:Aya","floor":10.0,"turns":5.0},{"damage":3.0,"enemies":"Gensokyo:Cirno","floor":14.0,"turns":5.0},{"damage":29.0,"enemies":"Gensokyo:Reimu","floor":16.0,"turns":5.0},{"damage":18.0,"enemies":"Gensokyo:AngelMirror","floor":18.0,"turns":3.0},{"damage":35.0,"enemies":"Gensokyo:AngelMirror","floor":22.0,"turns":7.0},{"damage":0,"enemies":"Gensokyo:Chomper","floor":23,"turns":3},{"damage":22,"enemies":"Gensokyo:Mirror_and_Dog","floor":25,"turns":2},{"damage":29,"enemies":"Gensokyo:Tenshi","floor":29,"turns":2}],"seed_played":"6053223562650054123","potions_obtained":[{"floor":1.0,"key":"blueLaboratory:Moonshine"},{"floor":2.0,"key":"blueLaboratory:StoneskinPotion"},{"floor":7.0,"key":"blueLaboratory:EnragingPotion"},{"floor":25,"key":"PowerPotion"}],"is_trial":false,"path_per_floor":["M","M","?","M","M","R","M","R","T","E","?","R","?","E","R","B",null,"M","?","?","?","?","M","R","M","T","R","$","E"],"character_chosen":"THE_ANIMATOR","items_purchased":["animator:Arpeggio","animator:Evileye","animator:Ain","animator:ChlammyZell","animator:Aisha","Membership Card","Runic Capacitor","animator:Elsword","animator:Eris","animator:Ain","animator:ElricAlphonse","animator:FielNirvalen","OrangePellets","animator:Albedo","animator:Togame","PreservedInsect"],"campfire_rested":6,"item_purchase_floors":[0,0,0,0,0,0,0,0,0,0,0,28,28,28,28,28],"current_hp_per_floor":[34,22,22,22,4,22,6,24,24,7,7,25,25,25,43,17,49,34,34,34,41,9,9,22,4,4,17,17,0,0],"gold":24,"neow_bonus":"","is_daily":false,"chose_seed":true,"campfire_upgraded":0,"win_rate":0.0,"timestamp":1611965116,"path_taken":["M","M","?","?","M","R","M","R","T","E","?","R","?","E","R","BOSS","M","?","?","?","?","?","R","M","T","R","$","E"],"items_purchased_type":["Card","Card","Card","Card","Card","Relic","Relic","Card","Card","Card","Card","Card","Relic","Card","Card","Relic"],"build_version":"2020-12-22","purchased_purges":2,"victory":false,"max_hp_per_floor":[60,60,60,60,60,60,60,60,60,60,60,60,60,60,60,60,60,56,56,37,44,44,44,44,44,44,44,44,44,44],"card_choices":[{"not_picked":["animator:SuikaIbuki","animator:Konayuki"],"picked":"animator:FielNirvalen","floor":1.0},{"not_picked":["animator:YuukaKazami","animator:Cocytus"],"picked":"animator:KoishiKomeiji","floor":2.0},{"not_picked":["animator:Raven","animator:AyaShameimaru","animator:DolaRiku"],"picked":"SKIP","floor":4.0},{"not_picked":["animator:Envy","animator:ElricEdward"],"picked":"animator:RoyMustang","floor":5.0},{"not_picked":["animator:YaoHaDucy","animator:Elsword"],"picked":"animator:ElricAlphonse","floor":7.0},{"not_picked":["animator:Togame","animator:Gluttony"],"picked":"animator:YuukaKazami","floor":10.0},{"not_picked":["animator:Kyubey","animator:Ciel"],"picked":"animator:Aisha","floor":14.0},{"not_picked":["animator:Albedo","animator:Father"],"picked":"animator:Shiro","floor":16.0},{"not_picked":["animator:ElricAlphonse","animator:Gluttony"],"picked":"animator:Truth","floor":18.0},{"not_picked":["animator:Chris","animator:Demiurge"],"picked":"animator:SanaeKochiya","floor":22.0},{"not_picked":["animator:Mitsurugi+1","animator:Demiurge"],"picked":"animator:FielNirvalen","floor":23},{"not_picked":["animator:Aqua","animator:Envy"],"picked":"animator:Jibril","floor":25}],"player_experience":931406,"relics_obtained":[{"floor":9.0,"key":"infinitespire:Lucky Rock"},{"floor":10.0,"key":"infinitespire:EmpoweringShard"},{"floor":14.0,"key":"Du-Vu Doll"},{"floor":18.0,"key":"animator:CursedGlyph"},{"floor":22.0,"key":"Unceasing Top"},{"floor":22.0,"key":"Bird Faced Urn"},{"floor":26,"key":"Akabeko"}],"event_choices":[],"is_beta":false,"boss_relics":[{"not_picked":["animator:HolyGrailRelic","Replay:Bronze Core"],"picked":"Velvet Choker"}],"items_purged_floors":[0,28],"is_endless":false,"potions_floor_spawned":[1,2,7,10,16,18,22,25],"killed_by":"Gensokyo:Tenshi","ascension_level":20}}