{"host":"r1c9rokeut2vel5g","time":1611979578,"event":{"mods":["BaseMod","Minty Spire (QoL Compilation)","Quick Restart","StSLib"],"gold_per_floor":[114,114,125,142,67,67,67,86,111,126,126,126,48,72,72,198,198,211,227,71,89,113,113,0,0,0,0,0,0,14,25,25,25,25],"floor_reached":33,"language":"ZHS","playtime":1249,"items_purged":["Regret"],"score":289,"play_id":"f24e8244-a954-4596-b533-4e91277c6a49","local_time":"20210130120618","is_ascension_mode":false,"campfire_choices":[{"data":"Prostrate","floor":6.0,"key":"SMITH"},{"floor":11.0,"key":"REST"},{"floor":15.0,"key":"REST"},{"floor":23,"key":"REST"},{"floor":25,"key":"REST"},{"floor":32,"key":"REST"}],"circlet_count":0,"master_deck":["Strike_P","Strike_P","Strike_P","Defend_P","Defend_P+1","Defend_P","Defend_P","Eruption","Vigilance+1","SignatureMove","Prostrate+1","MasterReality","Pray","Worship","Alpha","Brilliance","JustLucky","JustLucky+1","Establishment","Shame","SandsOfTime+1"],"relics":["PureWater","Prayer Wheel","Damaru","Potion Belt","Bloody Idol","VioletLotus","Centennial Puzzle","War Paint","Ancient Tea Set"],"acts_visited":["Exordium","TheCity"],"potions_floor_usage":[22,22,30,30,33],"damage_taken":[{"damage":0.0,"enemies":"Small Slimes","floor":1.0,"turns":2.0},{"damage":1.0,"enemies":"2 Louse","floor":3.0,"turns":2.0},{"damage":16.0,"enemies":"Cultist","floor":4.0,"turns":3.0},{"damage":5.0,"enemies":"Looter","floor":8.0,"turns":4.0},{"damage":9.0,"enemies":"3 Louse","floor":10.0,"turns":5.0},{"damage":0.0,"enemies":"Blue Slaver","floor":14.0,"turns":2.0},{"damage":0.0,"enemies":"Slime Boss","floor":16.0,"turns":3.0},{"damage":22,"enemies":"Spheric Guardian","floor":18,"turns":4},{"damage":32,"enemies":"3 Byrds","floor":19,"turns":4},{"damage":12,"enemies":"Centurion and Healer","floor":21,"turns":5},{"damage":0,"enemies":"Snake Plant","floor":22,"turns":1},{"damage":13,"enemies":"Cultist and Chosen","floor":30,"turns":6},{"damage":0,"enemies":"Shelled Parasite and Fungi","floor":31,"turns":2},{"damage":92,"enemies":"Collector","floor":33,"turns":5}],"seed_played":"5293989352831005637","potions_obtained":[{"floor":1.0,"key":"LiquidMemories"},{"floor":8.0,"key":"DuplicationPotion"},{"floor":10.0,"key":"ColorlessPotion"},{"floor":18,"key":"Energy Potion"},{"floor":19,"key":"Fire Potion"},{"floor":21,"key":"SneckoOil"},{"floor":31,"key":"EssenceOfSteel"}],"is_trial":false,"path_per_floor":["M","?","M","M","$","R","?","M","T","M","R","?","$","M","R","B",null,"M","M","$","M","M","R","?","R","T","?","$","?","M","M","R","B"],"character_chosen":"WATCHER","items_purchased":["Alpha","Centennial Puzzle"],"campfire_rested":5,"item_purchase_floors":[13,20],"current_hp_per_floor":[51,51,50,34,34,34,34,29,29,20,41,41,41,41,61,61,67,45,13,13,1,1,21,21,41,41,41,41,41,33,38,58,0,0],"gold":25,"neow_bonus":"ONE_RARE_RELIC","is_daily":false,"chose_seed":false,"campfire_upgraded":1,"win_rate":0.0,"timestamp":1611979578,"path_taken":["M","?","M","M","$","R","?","M","T","?","R","?","$","M","R","BOSS","M","M","$","M","M","R","?","R","T","?","$","?","M","M","R","BOSS"],"items_purchased_type":["Card","Relic"],"build_version":"2020-12-22","purchased_purges":1,"victory":false,"max_hp_per_floor":[72,72,72,72,72,72,72,72,72,72,72,67,67,67,67,67,67,67,67,67,67,67,67,67,67,67,67,67,67,67,67,67,67,67],"card_choices":[{"not_picked":["InnerPeace","Sanctity"],"picked":"SignatureMove","floor":1.0},{"not_picked":["WheelKick","Study"],"picked":"Prostrate","floor":1.0},{"not_picked":["Tantrum","Vengeance","PathToVictory"],"picked":"SKIP","floor":3.0},{"not_picked":["InnerPeace","MentalFortress","Crescendo"],"picked":"SKIP","floor":3.0},{"not_picked":["Sanctity","ThirdEye","FlyingSleeves"],"picked":"SKIP","floor":4.0},{"not_picked":["Sanctity","FlyingSleeves","Protect"],"picked":"SKIP","floor":4.0},{"not_picked":["Sanctity","Evaluate"],"picked":"Pray","floor":8.0},{"not_picked":["Nirvana","EmptyFist","InnerPeace"],"picked":"SKIP","floor":8.0},{"not_picked":["SignatureMove","Vengeance"],"picked":"Worship","floor":10.0},{"not_picked":["Meditate","ForeignInfluence","CrushJoints"],"picked":"SKIP","floor":10.0},{"not_picked":["FearNoEvil","Weave","FlyingSleeves"],"picked":"SKIP","floor":14.0},{"not_picked":["SashWhip","CrushJoints","ThirdEye"],"picked":"SKIP","floor":14.0},{"not_picked":["Omniscience","DevaForm"],"picked":"Brilliance","floor":16.0},{"not_picked":["CrushJoints","Evaluate"],"picked":"JustLucky","floor":18},{"not_picked":["EmptyFist+1","Consecrate","Halt"],"picked":"SKIP","floor":18},{"not_picked":["Consecrate","Evaluate","WaveOfTheHand"],"picked":"SKIP","floor":19},{"not_picked":["Nirvana","LikeWater","Crescendo+1"],"picked":"SKIP","floor":19},{"not_picked":["Vengeance+1","Worship"],"picked":"JustLucky+1","floor":21},{"not_picked":["ForeignInfluence+1","EmptyMind","Crescendo"],"picked":"SKIP","floor":21},{"not_picked":["Meditate","FollowUp+1"],"picked":"Establishment","floor":22},{"not_picked":["Evaluate","FlurryOfBlows","JustLucky"],"picked":"SKIP","floor":22},{"not_picked":["CutThroughFate","Consecrate+1"],"picked":"SandsOfTime+1","floor":30},{"not_picked":["Evaluate","EmptyFist","DeceiveReality"],"picked":"SKIP","floor":30},{"not_picked":["CrushJoints","Halt","CutThroughFate"],"picked":"SKIP","floor":31},{"not_picked":["Crescendo+1","Halt","Prostrate"],"picked":"SKIP","floor":31}],"player_experience":49224,"relics_obtained":[{"floor":9.0,"key":"Potion Belt"},{"floor":26,"key":"War Paint"}],"event_choices":[{"damage_healed":0.0,"max_hp_gain":0.0,"max_hp_loss":0.0,"gold_gain":0.0,"event_name":"Big Fish","player_choice":"Box","floor":2.0,"gold_loss":0.0,"damage_taken":0.0,"relics_obtained":["Damaru"],"cards_obtained":["Regret"]},{"damage_healed":0.0,"max_hp_gain":0.0,"max_hp_loss":0.0,"gold_gain":0.0,"cards_transformed":["Strike_P"],"event_name":"Transmorgrifier","player_choice":"Transformed","floor":7.0,"gold_loss":0.0,"damage_taken":0.0,"cards_obtained":["MasterReality"]},{"damage_healed":0.0,"max_hp_gain":0.0,"max_hp_loss":5.0,"gold_gain":0.0,"event_name":"Golden Idol","player_choice":"Lose Max HP","floor":12.0,"gold_loss":0.0,"damage_taken":0.0,"relics_obtained":["Golden Idol"]},{"damage_healed":0,"gold_gain":0,"player_choice":"Paid Fearfully","damage_taken":0,"max_hp_gain":0,"max_hp_loss":0,"event_name":"Masked Bandits","floor":24,"gold_loss":113},{"damage_healed":0,"gold_gain":0,"player_choice":"Gave Idol","damage_taken":0,"relics_obtained":["Bloody Idol"],"max_hp_gain":0,"max_hp_loss":0,"event_name":"Forgotten Altar","floor":27,"relics_lost":["Golden Idol"],"gold_loss":0},{"damage_healed":0,"gold_gain":0,"player_choice":"Stole Relic","damage_taken":0,"relics_obtained":["Ancient Tea Set"],"max_hp_gain":0,"max_hp_loss":0,"event_name":"Addict","floor":29,"gold_loss":0,"cards_obtained":["Shame"]}],"is_beta":false,"boss_relics":[{"not_picked":["Empty Cage","Ectoplasm"],"picked":"VioletLotus"}],"items_purged_floors":[5],"is_endless":false,"potions_floor_spawned":[1,8,10,18,19,21,31],"killed_by":"Collector","ascension_level":0}}