{"host":"hkj1blq6xqcrzx6o","time":1611992114,"event":{"mods":["BaseMod","Downfall","Marisa£®ÏF”Í°°ƒß¿Ì…≥£©","Minty Spire (QoL Compilation)","Reimu£®≤©¿ˆ¡È√Œ£©","Remilia£®¿Ÿ√◊¿Ú—«£©","Replay The Spire","StSLib","The Cursed","The Senshi","The Servant 0.9.4"],"gold_per_floor":[110,110,110,110,110,138,21,21,47,47,62,62,81,179,179,278,278,293,293,310,39,39,72,91,91,91],"floor_reached":25,"language":"ZHS","playtime":1412,"items_purged":[],"score":242,"play_id":"965372b8-47b4-4544-b0fe-c0beaff5ce02","local_time":"20210130153514","is_ascension_mode":false,"campfire_choices":[{"floor":10,"key":"REST"},{"data":"TricksterDevil","floor":12,"key":"SMITH"},{"floor":15,"key":"REST"}],"circlet_count":0,"master_deck":["Strike_RM","Strike_RM+1","Strike_RM+1","Defend_RM","Defend_RM+1","Defend_RM","Defend_RM","RedMoon","ScarletShoot","FitfulNightmare","ScarletDevilSign+1","VampireClaw","UnstableMagic","UnstableMagic","ScarletNetherworld+1","Spreading Infection","TricksterDevil+1","NightLord","MastersStateliness","VampireSweep","LeisurelyOfLord","BloodySeventeenLaser","MiserableFate+1","StarOfDavid","Magnetism","Blind","Jack Of All Trades","DevilSight+1","ScarletSymphony"],"relics":["ScarletHat","NeowsBlessing","ReplayTheSpireMod:Lightbulb","Matryoshka","ReplayTheSpireMod:Ring of Collecting","ReplayTheSpireMod:Ring of Exchange","Ring of Peace","Happy Flower","Whetstone","ReplayTheSpireMod:TigerMarble","theSenshi:FeatherClipsRelic","RedLine:ReiMu","ReplayTheSpireMod:ShopPack","Bag of Marbles","Replay:Arrowhead"],"acts_visited":["Exordium","TheCity"],"potions_floor_usage":[16,25],"damage_taken":[{"damage":0,"enemies":"Small Slimes","floor":1,"turns":1},{"damage":0,"enemies":"Lagavulin","floor":6,"turns":1},{"damage":0,"enemies":"2 Louse","floor":11,"turns":2},{"damage":0,"enemies":"Jaw Worm","floor":13,"turns":5},{"damage":23,"enemies":"The Guardian","floor":16,"turns":7},{"damage":0,"enemies":"3 Byrds","floor":18,"turns":5},{"damage":4,"enemies":"Chosen","floor":20,"turns":4},{"damage":49,"enemies":"Slavers","floor":23,"turns":6},{"damage":6,"enemies":"Shelled Parasite and Fungi","floor":24,"turns":4},{"damage":42,"enemies":"Masked Bandits","floor":25,"turns":4}],"seed_played":"1873670250194662281","potions_obtained":[{"floor":6,"key":"Adrenaline Potion"},{"floor":23,"key":"LiquidMemories"}],"is_trial":false,"path_per_floor":["M","?","?","?","?","E","$","?","T","R","M","R","M","?","R","B",null,"M","?","M","$","?","E","M","?"],"character_chosen":"REMILIA","items_purchased":["UnstableMagic","ScarletNetherworld","ReplayTheSpireMod:ShopPack","Bag of Marbles"],"campfire_rested":2,"item_purchase_floors":[7,7,21,21],"current_hp_per_floor":[75,75,75,72,57,57,57,57,57,75,75,75,75,57,75,75,75,75,75,75,75,75,38,42,0,0],"gold":91,"neow_bonus":"THREE_ENEMY_KILL","is_daily":false,"chose_seed":false,"campfire_upgraded":1,"win_rate":0.0,"timestamp":1611992114,"path_taken":["M","?","?","?","?","E","$","?","T","R","?","R","M","?","R","BOSS","M","?","?","$","?","E","M","?"],"items_purchased_type":["Card","Card","Relic","Relic"],"build_version":"2020-12-22","purchased_purges":0,"victory":false,"max_hp_per_floor":[75,75,75,75,75,75,75,75,75,75,75,75,75,75,75,75,75,75,75,75,75,75,75,75,75,75],"card_choices":[{"not_picked":["CharismaGuard","RedRainbow"],"picked":"FitfulNightmare","floor":1},{"not_picked":["StarOfDavid","RedRainbow"],"picked":"VampireClaw","floor":6},{"not_picked":["BombardNight","ScarletNetherworld"],"picked":"TricksterDevil","floor":11},{"not_picked":["ScarletImprint","MastersStateliness"],"picked":"NightLord","floor":13},{"not_picked":["VampireSweep","VampireClaw"],"picked":"MastersStateliness","floor":14},{"not_picked":["BloodAndWine","BlasphemousPunishment"],"picked":"VampireSweep","floor":14},{"not_picked":["SuperhumanBloodyKnife","VampireClaw"],"picked":"LeisurelyOfLord","floor":14},{"not_picked":["ScarletCoffin","HellCatastrophe"],"picked":"BloodySeventeenLaser","floor":16},{"not_picked":["Ultimatum","BloodHunter"],"picked":"MiserableFate+1","floor":18},{"not_picked":["ScarletDevil","NightDance"],"picked":"StarOfDavid","floor":20},{"not_picked":["HandOfGreed","ReplayTheSpireMod:Necrogeddon"],"picked":"Magnetism","floor":21},{"not_picked":["Deep Breath","Madness"],"picked":"Blind","floor":21},{"not_picked":["Replay:BasicMightCard","Magnetism"],"picked":"Jack Of All Trades","floor":21},{"not_picked":["RedRainbow","VampireKiss"],"picked":"DevilSight+1","floor":23},{"not_picked":["CharismaGuard+1","EndlessAdversity"],"picked":"ScarletSymphony","floor":24}],"player_experience":17323,"relics_obtained":[{"floor":6,"key":"Matryoshka"},{"floor":8,"key":"ReplayTheSpireMod:Ring of Collecting"},{"floor":8,"key":"ReplayTheSpireMod:Ring of Exchange"},{"floor":9,"key":"Ring of Peace"},{"floor":9,"key":"Happy Flower"},{"floor":9,"key":"Whetstone"},{"floor":14,"key":"ReplayTheSpireMod:TigerMarble"},{"floor":14,"key":"theSenshi:FeatherClipsRelic"},{"floor":23,"key":"Replay:Arrowhead"}],"event_choices":[{"damage_healed":0,"gold_gain":0,"cards_transformed":["Strike_RM"],"player_choice":"Change","damage_taken":0,"max_hp_gain":0,"max_hp_loss":0,"event_name":"Living Wall","floor":2,"gold_loss":0,"cards_obtained":["ScarletDevilSign"]},{"damage_healed":0,"gold_gain":0,"player_choice":"Leave","damage_taken":0,"max_hp_gain":0,"max_hp_loss":0,"event_name":"The Cleric","floor":3,"gold_loss":0},{"damage_healed":0,"gold_gain":0,"player_choice":"Success","damage_taken":3,"relics_obtained":["ReplayTheSpireMod:Lightbulb"],"max_hp_gain":0,"max_hp_loss":0,"event_name":"Scrap Ooze","floor":4,"gold_loss":0},{"damage_healed":0,"gold_gain":0,"player_choice":"Entered Light","damage_taken":15,"max_hp_gain":0,"max_hp_loss":0,"event_name":"Shining Light","floor":5,"gold_loss":0,"cards_upgraded":["Strike_RM","Defend_RM"]},{"damage_healed":0,"gold_gain":0,"player_choice":"Upgraded","damage_taken":0,"max_hp_gain":0,"max_hp_loss":0,"event_name":"Upgrade Shrine","floor":19,"gold_loss":0,"cards_upgraded":["ScarletNetherworld"]},{"damage_healed":0,"gold_gain":0,"player_choice":"Fought Bandits","damage_taken":0,"max_hp_gain":0,"max_hp_loss":0,"event_name":"Masked Bandits","floor":25,"gold_loss":0}],"is_beta":false,"boss_relics":[{"not_picked":["ChewingGum","Painkiller Herb"],"picked":"RedLine:ReiMu"}],"items_purged_floors":[],"is_endless":false,"potions_floor_spawned":[6,23],"killed_by":"Masked Bandits","ascension_level":0}}