{"host":"u1dfzl6o6mfmauc3","time":1611965755,"event":{"mods":["2.2 Compatiblity","AchievementEnabler","BaseMod","Bestiary","Block Reminder","Challenge The Spire","Colored Map","Dark Map","Hermit","Minty Spire (QoL Compilation)","Random Character Button","Rare Cards Sparkle","Relic Stats","Robot Space Explorer","StSLib","The Disciple"],"gold_per_floor":[359,359,359,371,73,104,120,138,138,138,138,213,224,224,253,5,5,106,106,119,218,228,254,354,354,379,379,402,402,428,447,47,66,66,66,178,178,189,189,89,20,31,31,73,88,88,88,88,101,101,101,135,135,135,135,135,10,44,44],"floor_reached":60,"language":"ENG","playtime":3929,"items_purged":["Strike_P","Strike_P","Strike_P"],"score":1373,"play_id":"70247f3c-afe0-4c6b-ab1a-bb70310cfffe","local_time":"20210129191555","is_ascension_mode":true,"campfire_choices":[{"data":"Wallop","floor":11.0,"key":"SMITH"},{"floor":14.0,"key":"REST"},{"data":"Discovery","floor":17.0,"key":"SMITH"},{"data":"Vault","floor":25.0,"key":"SMITH"},{"data":"Eruption","floor":27.0,"key":"SMITH"},{"data":"EmptyFist","floor":29.0,"key":"SMITH"},{"data":"Wallop","floor":34.0,"key":"SMITH"},{"data":"LikeWater","floor":35.0,"key":"SMITH"},{"data":"WaveOfTheHand","floor":43,"key":"SMITH"},{"floor":46,"key":"RECALL"},{"floor":50,"key":"REST"},{"floor":53,"key":"REST"},{"data":"DevaForm","floor":56,"key":"SMITH"}],"circlet_count":0,"master_deck":["Defend_P","Defend_P","Defend_P","Defend_P","Eruption+1","Vigilance","TalkToTheHand+1","Wallop+1","EmptyBody","FollowUp","Discovery+1","Vault+1","EmptyFist+1","TalkToTheHand+1","Consecrate","LikeWater+1","Wallop+1","DevaForm+1","WaveOfTheHand+1","Indignation","Tantrum"],"relics":["PureWater","PreservedInsect","Vajra","Blood Vial","Question Card","ClockworkSouvenir","Runic Pyramid","CeramicFish","Art of War","Nunchaku","Letter Opener","Black Star","Ornamental Fan","Mummified Hand","Juzu Bracelet","Pen Nib","Torii","Gambling Chip","Oddly Smooth Stone"],"acts_visited":["Exordium","TheCity","TheBeyond","TheEnding"],"potions_floor_usage":[51,58,58],"damage_taken":[{"damage":0.0,"enemies":"2 Louse","floor":1.0,"turns":4.0},{"damage":7.0,"enemies":"Small Slimes","floor":4.0,"turns":4.0},{"damage":0.0,"enemies":"Gremlin Nob","floor":6.0,"turns":2.0},{"damage":4.0,"enemies":"Jaw Worm","floor":7.0,"turns":2.0},{"damage":0.0,"enemies":"Exordium Thugs","floor":8.0,"turns":3.0},{"damage":0.0,"enemies":"Blue Slaver","floor":13.0,"turns":2.0},{"damage":13.0,"enemies":"Lagavulin","floor":15.0,"turns":6.0},{"damage":22.0,"enemies":"The Guardian","floor":18.0,"turns":10.0},{"damage":0.0,"enemies":"2 Thieves","floor":20.0,"turns":5.0},{"damage":9.0,"enemies":"Shell Parasite","floor":22.0,"turns":6.0},{"damage":11.0,"enemies":"Book of Stabbing","floor":26.0,"turns":4.0},{"damage":18.0,"enemies":"Centurion and Healer","floor":30.0,"turns":4.0},{"damage":0.0,"enemies":"Snake Plant","floor":31.0,"turns":4.0},{"damage":2.0,"enemies":"Shelled Parasite and Fungi","floor":33.0,"turns":4.0},{"damage":35.0,"enemies":"Automaton","floor":36.0,"turns":12.0},{"damage":0,"enemies":"Orb Walker","floor":38,"turns":4},{"damage":0,"enemies":"3 Shapes","floor":42,"turns":4},{"damage":36,"enemies":"Reptomancer","floor":44,"turns":7},{"damage":0,"enemies":"Maw","floor":45,"turns":7},{"damage":11,"enemies":"Jaw Worm Horde","floor":49,"turns":3},{"damage":8,"enemies":"Sphere and 2 Shapes","floor":51,"turns":3},{"damage":2,"enemies":"Giant Head","floor":52,"turns":6},{"damage":56,"enemies":"Awakened One","floor":54,"turns":12},{"damage":40,"enemies":"Shield and Spear","floor":58,"turns":3},{"damage":52,"enemies":"The Heart","floor":59,"turns":15}],"seed_played":"3473829473874682830","potions_obtained":[{"floor":1.0,"key":"Explosive Potion"},{"floor":7.0,"key":"Block Potion"},{"floor":8.0,"key":"Explosive Potion"},{"floor":18.0,"key":"SmokeBomb"},{"floor":22.0,"key":"BottledMiracle"},{"floor":26.0,"key":"SteroidPotion"},{"floor":52,"key":"Fire Potion"}],"is_trial":false,"path_per_floor":["M","?","?","M","$","E","M","M","T","T","R","?","M","R","E","$","R","B",null,"M","?","M","T","?","R","E","R","T","R","M","M","$","M","R","R","B",null,"M","?","$","$","M","R","E","M","R","T","?","M","R","M","E","R","B",null,"R","$","E","B",null],"character_chosen":"WATCHER","items_purchased":["PreservedInsect","BowlingBash","FairyPotion","Discovery","ClockworkSouvenir","LikeWater","Letter Opener","WaveOfTheHand"],"campfire_rested":3,"item_purchase_floors":[5,5,5,16,16,32,32,41],"current_hp_per_floor":[51,51,44,37,37,37,33,33,33,33,33,22,24,45,34,34,34,14,72,72,72,63,63,63,63,54,54,54,54,38,40,40,40,40,40,7,72,72,72,72,72,72,72,36,38,38,38,38,29,50,44,44,65,11,72,72,72,32,3],"gold":44,"neow_bonus":"TWO_FIFTY_GOLD","is_daily":false,"chose_seed":false,"campfire_upgraded":9,"win_rate":0.0,"timestamp":1611965755,"path_taken":["M","?","?","M","$","E","M","M","T","T","R","?","M","R","E","$","R","BOSS","M","?","M","?","?","R","E","R","T","R","?","M","$","M","R","R","BOSS","M","?","?","$","M","R","E","M","R","T","?","M","R","M","E","R","BOSS","R","$","E","BOSS"],"items_purchased_type":["Relic","Card","Potion","Card","Relic","Card","Relic","Card"],"build_version":"2020-12-22","purchased_purges":3,"victory":true,"max_hp_per_floor":[72,72,72,72,72,72,72,72,72,72,72,72,72,72,72,72,72,72,72,72,72,72,72,72,72,72,72,72,72,72,72,72,72,72,72,72,72,72,72,72,72,72,72,72,72,72,72,72,72,72,72,72,72,72,72,72,72,72,72],"relic_stats":{"Torii":0,"counters":[25,136],"CeramicFish":72,"PreservedInsect":339,"Pen Nib":[7],"Juzu Bracelet":1,"Letter Opener":[131],"Question Card":15,"Blood Vial":28,"Nunchaku":[20],"Ornamental Fan":[92],"Mummified Hand":[16],"Gambling Chip":[2],"Art of War":[6],"Black Star":3,"obtain_stats":[{"Torii":52,"CeramicFish":23,"Vajra":6,"Oddly Smooth Stone":58,"PreservedInsect":5,"Pen Nib":52,"Juzu Bracelet":47,"Letter Opener":32,"Question Card":15,"ClockworkSouvenir":16,"Blood Vial":10,"Nunchaku":28,"Ornamental Fan":44,"Mummified Hand":44,"Gambling Chip":58,"Art of War":26,"Black Star":37,"PureWater":0,"Runic Pyramid":19},{"Torii":22,"CeramicFish":10,"Vajra":3,"Oddly Smooth Stone":24,"PreservedInsect":2,"Pen Nib":22,"Juzu Bracelet":19,"Letter Opener":13,"Question Card":7,"ClockworkSouvenir":7,"Blood Vial":5,"Nunchaku":11,"Ornamental Fan":18,"Mummified Hand":18,"Gambling Chip":24,"Art of War":11,"Black Star":15,"PureWater":0,"Runic Pyramid":8},{"Torii":106,"CeramicFish":44,"Vajra":10,"Oddly Smooth Stone":121,"PreservedInsect":8,"Pen Nib":106,"Juzu Bracelet":94,"Letter Opener":56,"Question Card":23,"ClockworkSouvenir":23,"Blood Vial":15,"Nunchaku":48,"Ornamental Fan":87,"Mummified Hand":87,"Gambling Chip":121,"Art of War":48,"Black Star":72,"PureWater":0,"Runic Pyramid":33}]},"card_choices":[{"not_picked":["SandsOfTime","PathToVictory"],"picked":"TalkToTheHand","floor":1.0},{"not_picked":["Protect","FlyingSleeves","Blasphemy"],"picked":"SKIP","floor":4.0},{"not_picked":["Prostrate","SandsOfTime"],"picked":"Wallop","floor":6.0},{"not_picked":["FollowUp","ThirdEye"],"picked":"EmptyBody","floor":7.0},{"not_picked":["Prostrate","FollowUp","SashWhip"],"picked":"SKIP","floor":8.0},{"not_picked":["ThirdEye","InnerPeace"],"picked":"FollowUp","floor":13.0},{"not_picked":["WindmillStrike","ThirdEye","SignatureMove"],"picked":"SKIP","floor":15.0},{"not_picked":["Alpha","Wish","Brilliance"],"picked":"Vault","floor":18.0},{"not_picked":["WindmillStrike","ThirdEye","FlyingSleeves"],"picked":"EmptyFist","floor":20.0},{"not_picked":["FlyingSleeves","ClearTheMind+1","ThirdEye","PathToVictory+1"],"picked":"SKIP","floor":22.0},{"not_picked":["Crescendo","WindmillStrike+1","WreathOfFlame","JustLucky"],"picked":"SKIP","floor":26.0},{"not_picked":["ConjureBlade","Halt","Collect"],"picked":"TalkToTheHand+1","floor":30.0},{"not_picked":["Evaluate+1","EmptyMind+1","DeceiveReality"],"picked":"Consecrate","floor":31.0},{"not_picked":["Prostrate","Consecrate+1","WheelKick"],"picked":"Wallop","floor":33.0},{"not_picked":["Scrawl","ConjureBlade","Vault"],"picked":"DevaForm","floor":36.0},{"not_picked":["Adaptation","JustLucky","FlyingSleeves","ClearTheMind"],"picked":"SKIP","floor":38},{"not_picked":["Worship+1","Nirvana","FollowUp+1","Wallop"],"picked":"SKIP","floor":42},{"not_picked":["BattleHymn+1","Establishment","Prostrate"],"picked":"Indignation","floor":44},{"not_picked":["SandsOfTime+1","Crescendo+1","Meditate","DeceiveReality+1"],"picked":"SKIP","floor":45},{"not_picked":["Prostrate","CrushJoints","Indignation+1","EmptyFist+1"],"picked":"SKIP","floor":49},{"not_picked":["EmptyMind","FlurryOfBlows+1","Halt+1"],"picked":"Tantrum","floor":52},{"not_picked":["Evaluate","ThirdEye","DevaForm","Meditate"],"picked":"SKIP","floor":58}],"player_experience":191811,"relics_obtained":[{"floor":6.0,"key":"Vajra"},{"floor":10.0,"key":"Blood Vial"},{"floor":15.0,"key":"Question Card"},{"floor":23.0,"key":"CeramicFish"},{"floor":26.0,"key":"Art of War"},{"floor":28.0,"key":"Nunchaku"},{"floor":44,"key":"Ornamental Fan"},{"floor":44,"key":"Mummified Hand"},{"floor":47,"key":"Juzu Bracelet"},{"floor":52,"key":"Pen Nib"},{"floor":52,"key":"Torii"},{"floor":58,"key":"Gambling Chip"},{"floor":58,"key":"Oddly Smooth Stone"}],"event_choices":[{"damage_healed":0.0,"max_hp_gain":0.0,"max_hp_loss":0.0,"gold_gain":0.0,"event_name":"Living Wall","player_choice":"Grow","floor":2.0,"gold_loss":0.0,"damage_taken":0.0,"cards_upgraded":["TalkToTheHand"]},{"cards_removed":["Strike_P"],"damage_healed":0.0,"max_hp_gain":0.0,"max_hp_loss":0.0,"gold_gain":0.0,"event_name":"Golden Wing","player_choice":"Card Removal","floor":3.0,"gold_loss":0.0,"damage_taken":7.0},{"damage_healed":0.0,"max_hp_gain":0.0,"max_hp_loss":0.0,"gold_gain":75.0,"event_name":"World of Goop","player_choice":"Gather Gold","floor":12.0,"gold_loss":0.0,"damage_taken":11.0},{"damage_healed":0.0,"max_hp_gain":0.0,"max_hp_loss":0.0,"gold_gain":99.0,"event_name":"Nest","player_choice":"Stole From Cult","floor":21.0,"gold_loss":0.0,"damage_taken":0.0},{"damage_healed":0.0,"max_hp_gain":0.0,"max_hp_loss":0.0,"gold_gain":100.0,"event_name":"Golden Shrine","player_choice":"Pray","floor":24.0,"gold_loss":0.0,"damage_taken":0.0},{"damage_healed":0,"gold_gain":0,"player_choice":"Got Potions","damage_taken":0,"max_hp_gain":0,"max_hp_loss":0,"event_name":"Lab","floor":39,"gold_loss":0},{"cards_removed":["BowlingBash"],"damage_healed":0,"gold_gain":0,"player_choice":"Removed Attack","damage_taken":0,"max_hp_gain":0,"max_hp_loss":0,"event_name":"Falling","floor":48,"gold_loss":0}],"is_beta":false,"boss_relics":[{"not_picked":["Fusion Hammer","Philosopher\u0027s Stone"],"picked":"Runic Pyramid"},{"not_picked":["Velvet Choker","Cursed Key"],"picked":"Black Star"}],"items_purged_floors":[32,40,57],"is_endless":false,"potions_floor_spawned":[1,7,8,18,22,26,33,36,42,51,52],"ascension_level":3}}