{"host":"lehz9p79pih88cc3","time":1611971695,"event":{"mods":["AchievementEnabler","Act Like it!","BaseMod","Downfall","Minty Spire (QoL Compilation)","Permanent Neow","Quick Restart","Reimu??????","Relic Stats","Replay The Spire","SacredBarkPlus","StSLib","The Administrix","The Construct","The Mystic","The Runesmith","The Servant 0.9.4","Transform Curses","Uncapped","Yakumo Yukari mod"],"gold_per_floor":[99,116,128,160,171,188,188,188,188,222,238,2,32,17,32,133,133,133,146,165,183,200,200,200,126,143,143,160,260,276,20,40,137,137,137,151,171,184,284,284,284,315,365,395,407,435,446,113,124,124],"floor_reached":51,"language":"ENG","playtime":12533,"items_purged":["champ:Defend"],"score":885,"play_id":"87d4319c-0685-4dfa-9286-6a4e5e88f494","local_time":"20210129205455","is_ascension_mode":true,"campfire_choices":[{"floor":1.0,"key":"DIG"},{"data":"champ:SwordThrow","floor":18.0,"key":"SMITH"},{"data":"champ:StanceDance","floor":23.0,"key":"SMITH"},{"data":"champ:StrikeOfGenius","floor":35.0,"key":"SMITH"}],"circlet_count":0,"master_deck":["champ:Strike","champ:Strike","champ:Strike","champ:Defend","champ:Defend","champ:Defend","champ:Execute","champ:Taunt","champ:RisingSlash","champ:PerfectedStrike","champ:ShieldWall","champ:FanOfKnives","champ:PreciseThrust","champ:RageSigil","champ:StanceDance+1","champ:EnragedBash","champ:RageSigil","champ:PerfectedStrike","champ:SwordThrow+1","champ:BringItOn","champ:Haymaker","champ:PerfectedStrike","champ:PerfectedStrike","champ:StanceDance","champ:BerserkersShout","champ:SkillfulDodge","champ:VampiricStrike+1","champ:EndlessRage","champ:HoldFirm","champ:HoldFirm+1","champ:PerfectedStrike+1","champ:StrikeOfGenius+1","champ:IronFortress+1","champ:Shatter+1","champ:CrookedStrike+1","champ:FocusedBerserking","champ:FanOfKnives","champ:ShieldWall+1"],"relics":["Sozu","FossilizedHelix","TungstenRod","Mirror","ReplayTheSpireMod:Lightbulb","Blue Doll","Anchor","Cursed Key","Replay:Bottled Steam","MealTicket","Guide Book","SlaversCollar","Toolbox","downfall:GremlinWheel","Nunchaku","Durian","Replay:Bottled Flurry","Replay:Baseball"],"acts_visited":["Exordium","TheCity","TheBeyond"],"potions_floor_usage":[],"damage_taken":[{"damage":10.0,"enemies":"Small Slimes","floor":2.0,"turns":4.0},{"damage":19.0,"enemies":"Cultist","floor":3.0,"turns":3.0},{"damage":0.0,"enemies":"2 Louse","floor":5.0,"turns":1.0},{"damage":16.0,"enemies":"Exordium Wildlife","floor":6.0,"turns":5.0},{"damage":14.0,"enemies":"3 Sentries","floor":10.0,"turns":5.0},{"damage":4.0,"enemies":"Red Slaver","floor":11.0,"turns":3.0},{"damage":18.0,"enemies":"downfall:FleeingMerchant","floor":12.0,"turns":4.0},{"damage":19.0,"enemies":"Gremlin Nob","floor":13.0,"turns":3.0},{"damage":34.0,"enemies":"downfall:FleeingMerchant","floor":14.0,"turns":4.0},{"damage":0.0,"enemies":"2 Fungi Beasts","floor":15.0,"turns":2.0},{"damage":31.0,"enemies":"SI_SHIV_ARCHETYPE","floor":16.0,"turns":6.0},{"damage":15.0,"enemies":"3 Byrds","floor":19.0,"turns":4.0},{"damage":0.0,"enemies":"Chosen","floor":20.0,"turns":2.0},{"damage":14.0,"enemies":"Snecko","floor":21.0,"turns":4.0},{"damage":12.0,"enemies":"Snake Plant","floor":22.0,"turns":3.0},{"damage":18.0,"enemies":"Slavers","floor":25.0,"turns":5.0},{"damage":20.0,"enemies":"Cultist and Chosen","floor":26.0,"turns":4.0},{"damage":3.0,"enemies":"3 Cultists","floor":28.0,"turns":3.0},{"damage":32.0,"enemies":"Snake Plant","floor":30.0,"turns":4.0},{"damage":32.0,"enemies":"downfall:FleeingMerchant","floor":31.0,"turns":4.0},{"damage":0.0,"enemies":"Cultist and Chosen","floor":32.0,"turns":4.0},{"damage":32.0,"enemies":"IC_MUSHROOM_ARCHETYPE","floor":33.0,"turns":7.0},{"damage":0.0,"enemies":"3 Shapes","floor":36.0,"turns":4.0},{"damage":0.0,"enemies":"Orb Walker","floor":37.0,"turns":2.0},{"damage":0.0,"enemies":"downfall:FleeingMerchant","floor":38.0,"turns":2.0},{"damage":0.0,"enemies":"downfall:FleeingMerchant","floor":39.0,"turns":2.0},{"damage":34.0,"enemies":"Reptomancer","floor":42.0,"turns":6.0},{"damage":25.0,"enemies":"Reptomancer","floor":43.0,"turns":5.0},{"damage":39.0,"enemies":"Giant Head","floor":44.0,"turns":8.0},{"damage":35.0,"enemies":"Spire Growth","floor":45.0,"turns":3.0},{"damage":42.0,"enemies":"Reptomancer","floor":46.0,"turns":4.0},{"damage":4.0,"enemies":"Writhing Mass","floor":47.0,"turns":4.0},{"damage":18,"enemies":"4 Shapes","floor":49,"turns":5},{"damage":112,"enemies":"DF_ARCHETYPE_ORBS","floor":50,"turns":10}],"seed_played":"4516080931752303288","potions_obtained":[],"is_trial":false,"path_per_floor":["R","M","M","?","M","M","T","?","?","E","M","$","E","$","M","B",null,"R","M","M","M","M","R","T","E","M","?","M","?","M","$","M","B",null,"R","M","M","$","?","?","T","E","?","E","M","E","M","?","M","B",null],"character_chosen":"THE_CHAMP","items_purchased":["Blue Doll","champ:EnragedBash","champ:HoldFirm","Guide Book","champ:CrookedStrike+1","champ:Backstep","Toolbox"],"campfire_rested":0,"item_purchase_floors":[12,12,31,31,38,38,38],"current_hp_per_floor":[90,90,86,64,64,58,58,58,58,54,55,57,53,59,59,68,90,90,88,90,76,69,69,69,51,61,61,58,58,56,64,64,42,90,90,90,90,90,90,90,90,87,90,95,70,63,64,107,94,22],"gold":124,"neow_bonus":"BOSS_RELIC","is_daily":false,"chose_seed":false,"campfire_upgraded":3,"win_rate":0.0,"timestamp":1611971695,"path_taken":["R","M","M","?","M","?","T","?","?","E","M","$","E","?","M","BOSS","R","M","M","M","M","R","T","E","M","?","?","?","M","$","M","BOSS","R","M","M","$","?","?","T","E","?","E","M","E","?","?","M","BOSS"],"items_purchased_type":["Relic","Card","Card","Relic","Card","Card","Relic"],"build_version":"2020-12-22","purchased_purges":1,"victory":true,"max_hp_per_floor":[90,90,90,90,90,90,90,90,90,90,90,90,90,90,90,90,90,90,90,90,90,90,90,90,90,90,90,90,90,90,90,90,90,90,90,90,90,90,90,90,90,90,95,95,95,95,95,107,107,107],"relic_stats":{"Sozu":14,"Nunchaku":[9],"counters":[34,139],"MealTicket":15,"Cursed Key":1,"obtain_stats":[{"Guide Book":31,"champ:ChampionCrown":0,"Blue Doll":12,"Cursed Key":17,"Sozu":0,"SlaversCollar":34,"Anchor":13,"Nunchaku":42,"Replay:Baseball":46,"downfall:GremlinWheel":39,"Toolbox":38,"MealTicket":25,"Durian":43,"Replay:Bottled Flurry":44,"Mirror":7,"ReplayTheSpireMod:Lightbulb":10,"FossilizedHelix":1,"TungstenRod":4,"Replay:Bottled Steam":24},{"Guide Book":20,"champ:ChampionCrown":0,"Blue Doll":7,"Cursed Key":11,"Sozu":0,"SlaversCollar":22,"Anchor":8,"Nunchaku":27,"Replay:Baseball":31,"downfall:GremlinWheel":26,"Toolbox":25,"MealTicket":16,"Durian":28,"Replay:Bottled Flurry":29,"Mirror":4,"ReplayTheSpireMod:Lightbulb":5,"FossilizedHelix":0,"TungstenRod":2,"Replay:Bottled Steam":15},{"Guide Book":73,"champ:ChampionCrown":0,"Blue Doll":25,"Cursed Key":40,"Sozu":0,"SlaversCollar":84,"Anchor":28,"Nunchaku":100,"Replay:Baseball":120,"downfall:GremlinWheel":94,"Toolbox":92,"MealTicket":58,"Durian":105,"Replay:Bottled Flurry":113,"Mirror":13,"ReplayTheSpireMod:Lightbulb":18,"FossilizedHelix":0,"TungstenRod":7,"Replay:Bottled Steam":53}],"TungstenRod":137},"card_choices":[{"not_picked":["champ:Backstep","champ:IronFortress"],"picked":"champ:RisingSlash","floor":2.0},{"not_picked":["champ:BladeFlurry","champ:Shatter","champ:CrownThrow"],"picked":"SKIP","floor":3.0},{"not_picked":["champ:Haymaker","champ:PreciseThrust"],"picked":"champ:PerfectedStrike","floor":4.0},{"not_picked":["champ:Parry","champ:FlashCut"],"picked":"champ:ShieldWall","floor":5.0},{"not_picked":["champ:Parry","champ:Encircle"],"picked":"champ:FanOfKnives","floor":6.0},{"not_picked":["champ:Haymaker","champ:MurderStrike"],"picked":"champ:PreciseThrust","floor":10.0},{"not_picked":["champ:FaceSlap","champ:DefensiveShout"],"picked":"champ:RageSigil","floor":11.0},{"not_picked":["champ:CrookedStrike","champ:Haymaker"],"picked":"champ:StanceDance","floor":12.0},{"not_picked":["champ:Lariat","champ:DeathBlow"],"picked":"champ:RageSigil","floor":13.0},{"not_picked":["champ:BerserkerStyle","champ:IronFortress"],"picked":"champ:PerfectedStrike","floor":14.0},{"not_picked":["champ:BerserkersShout","champ:PreciseThrust","champ:FancyFootwork"],"picked":"SKIP","floor":15.0},{"not_picked":["champ:DancingMaster","champ:Devastate"],"picked":"champ:SwordThrow","floor":16.0},{"not_picked":["champ:FlashCut+1","champ:Haymaker+1"],"picked":"champ:BringItOn","floor":19.0},{"not_picked":["champ:RecklessLeap","champ:ShieldSigil"],"picked":"champ:Haymaker","floor":20.0},{"not_picked":["champ:RageSigil","champ:DeathBlow"],"picked":"champ:PerfectedStrike","floor":21.0},{"not_picked":["champ:GutPunch","champ:SwordSigil"],"picked":"champ:PerfectedStrike","floor":22.0},{"not_picked":["champ:BladeFlurry","champ:FaceSlap"],"picked":"champ:StanceDance","floor":25.0},{"not_picked":["champ:DefensiveShout+1","champ:FaceSlap"],"picked":"champ:BerserkersShout","floor":26.0},{"not_picked":["champ:Backstep","champ:AdrenalArmor"],"picked":"champ:VampiricStrike","floor":28.0},{"not_picked":["champ:GutPunch","champ:TornadoPunch"],"picked":"champ:EndlessRage","floor":30.0},{"not_picked":["champ:DeathBlow","champ:BringItOn","champ:CrownThrow"],"picked":"SKIP","floor":31.0},{"not_picked":["champ:AdrenalArmor","champ:BerserkersShout"],"picked":"champ:PerfectedStrike+1","floor":32.0},{"not_picked":["champ:TripleStrike","champ:ShieldThrow"],"picked":"champ:StrikeOfGenius","floor":33.0},{"not_picked":["champ:BringItOn+1","champ:ArenaPreparation+1"],"picked":"champ:IronFortress+1","floor":36.0},{"not_picked":["champ:StanceDance","champ:GutPunch"],"picked":"champ:Shatter+1","floor":37.0},{"not_picked":["champ:ShieldSigil","champ:EnGarde","champ:BringItOn"],"picked":"SKIP","floor":38.0},{"not_picked":["champ:EnGarde+1","champ:CalledShot+1","champ:Parry+1"],"picked":"SKIP","floor":42.0},{"not_picked":["champ:RageSigil","champ:CrookedStrike+1"],"picked":"champ:FocusedBerserking","floor":43.0},{"not_picked":["champ:DeathBlow","champ:BladeFlurry","champ:HeartStrike+1"],"picked":"SKIP","floor":44.0},{"not_picked":["champ:DeathBlow","champ:BladeFlurry","champ:HeartStrike+1"],"picked":"SKIP","floor":44.0},{"not_picked":["champ:BerserkersShout","champ:Haymaker"],"picked":"champ:FanOfKnives","floor":45.0},{"not_picked":["champ:CrownThrow+1","champ:DefensiveStyle+1","champ:FocusedBerserking+1"],"picked":"SKIP","floor":46.0},{"not_picked":["champ:BringItOn","champ:Haymaker+1","champ:FanOfKnives+1"],"picked":"SKIP","floor":47.0},{"not_picked":["champ:DefensiveShout+1","champ:RageSigil+1"],"picked":"champ:ShieldWall+1","floor":49}],"player_experience":206427,"relics_obtained":[{"floor":1.0,"key":"FossilizedHelix"},{"floor":4.0,"key":"TungstenRod"},{"floor":7.0,"key":"Mirror"},{"floor":10.0,"key":"ReplayTheSpireMod:Lightbulb"},{"floor":13.0,"key":"Anchor"},{"floor":24.0,"key":"Replay:Bottled Steam"},{"floor":25.0,"key":"MealTicket"},{"floor":39.0,"key":"downfall:GremlinWheel"},{"floor":42.0,"key":"Nunchaku"},{"floor":43.0,"key":"Durian"},{"floor":44.0,"key":"Replay:Bottled Flurry"},{"floor":46.0,"key":"Replay:Baseball"}],"event_choices":[{"cards_removed":["champ:Backstep"],"damage_healed":0.0,"max_hp_gain":0.0,"max_hp_loss":0.0,"gold_gain":0.0,"event_name":"Falling","player_choice":"Removed Skill","floor":40.0,"gold_loss":0.0,"damage_taken":0.0}],"is_beta":false,"boss_relics":[{"not_picked":["Tiny House","Painkiller Herb"],"picked":"Cursed Key"},{"not_picked":["Calling Bell","Fusion Hammer"],"picked":"SlaversCollar"}],"items_purged_floors":[38],"is_endless":false,"potions_floor_spawned":[2,3,6,11,16,19,22,26,30,33,36,42,45,47],"ascension_level":1}}