{"host":"dprcptr190br6xbd","time":1611976036,"event":{"mods":["AchievementEnabler","BaseMod","Colored Map","Colored Powertips","Googly Eyes","Hubris","Minty Spire (QoL Compilation)","Permanent Neow","Quick Restart","Remilia??????","Replay The Spire","StSLib"],"gold_per_floor":[10117,10117,10127,9245,9340,9340,9393,9393,9445,9464,9464,9464],"floor_reached":11,"language":"ENG","playtime":258,"items_purged":[],"score":204,"play_id":"e33790da-ce27-4ff6-bdcc-82a475c1f9a5","local_time":"20210129210716","is_ascension_mode":true,"campfire_choices":[{"data":"BloodHunter","floor":8,"key":"SMITH"}],"circlet_count":0,"master_deck":["Strike_RM","Strike_RM","Strike_RM","Strike_RM+1","Defend_RM","Defend_RM","Defend_RM+1","Defend_RM","RedMoon","ScarletShoot","NightDance","UnstableMagic","RedRainbow","DiffusionOfMisfortune","ScarletImprint","BloodHunter+1","VampirishNight","TwelveNightmare","Stigmanizer","DiffusionOfMisfortune","BombardNight"],"relics":["ScarletHat","Gambling Chip","ScarletDevilRocket","Toolbox","hubris:OldNail","Simple Rune"],"acts_visited":["Exordium"],"potions_floor_usage":[],"damage_taken":[{"damage":2,"enemies":"Jaw Worm","floor":1,"turns":2},{"damage":1,"enemies":"2 Louse","floor":3,"turns":3},{"damage":0,"enemies":"Small Slimes","floor":10,"turns":3},{"damage":0,"enemies":"Lagavulin","floor":11,"turns":2}],"seed_played":"-7394763990630526168","potions_obtained":[{"floor":3,"key":"ColorlessPotion"}],"is_trial":false,"path_per_floor":["M","?","M","$","?","?","?","R","T","M","E"],"character_chosen":"REMILIA","items_purchased":["Gambling Chip","ScarletDevilRocket","Toolbox","DiffusionOfMisfortune","ScarletImprint","BloodHunter","VampirishNight","TwelveNightmare"],"campfire_rested":0,"item_purchase_floors":[4,4,4,4,4,4,4,4],"current_hp_per_floor":[92,92,91,91,91,96,96,96,96,96,100,100],"gold":9464,"neow_bonus":"RANDOM_EVENT","is_daily":false,"chose_seed":false,"campfire_upgraded":1,"win_rate":0.0,"timestamp":1611976036,"path_taken":["M","?","M","$","?","?","?","R","T","?","E"],"items_purchased_type":["Relic","Relic","Relic","Card","Card","Card","Card","Card"],"build_version":"2020-12-22","purchased_purges":0,"victory":false,"max_hp_per_floor":[100,100,100,100,100,105,105,105,105,105,105,105],"card_choices":[{"not_picked":["EndlessAdversity","TwelveNightmare"],"picked":"UnstableMagic","floor":1},{"not_picked":["CharismaGuard","VampireKiss"],"picked":"RedRainbow","floor":3},{"not_picked":["BloodHunter","CharismaGuard"],"picked":"Stigmanizer","floor":5},{"not_picked":["UnderTheZenith","BloodHunter"],"picked":"DiffusionOfMisfortune","floor":5},{"not_picked":["BloodAndWine","Maim"],"picked":"BombardNight","floor":10}],"player_experience":73302,"relics_obtained":[{"floor":5,"key":"hubris:OldNail"},{"floor":9,"key":"Simple Rune"}],"event_choices":[{"damage_healed":0,"gold_gain":0,"player_choice":"Ignored","damage_taken":0,"max_hp_gain":0,"max_hp_loss":0,"event_name":"Liars Game","floor":2,"gold_loss":0},{"damage_healed":0,"gold_gain":0,"player_choice":"Donut","damage_taken":0,"max_hp_gain":5,"max_hp_loss":0,"event_name":"Big Fish","floor":6,"gold_loss":0},{"damage_healed":0,"gold_gain":53,"player_choice":"Gained Gold","damage_taken":0,"max_hp_gain":0,"max_hp_loss":0,"event_name":"Golden Wing","floor":7,"gold_loss":0}],"is_beta":false,"boss_relics":[],"items_purged_floors":[],"is_endless":false,"potions_floor_spawned":[3],"killed_by":"Lagavulin","ascension_level":6}}