{"host":"2j5d0uw0vihq8b8w","time":1611965898,"event":{"mods":["2.2 Compatiblity","AchievementEnabler","BaseMod","BetterRewards","Colored Map","Colored Powertips","Custom Start","DeckTracker","Minty Spire (QoL Compilation)","Permanent Neow","Quick Restart","Rare Cards Sparkle","StSLib","SuperFastMode"],"gold_per_floor":[114,114,125,26,26,51,69,104,104,116,127,161,161,171,171,275,275,294,14,14,14,14,14,14,46,46,46,58,76,102,102,102,102,102],"floor_reached":33,"language":"KOR","playtime":2996,"items_purged":["Defend_R","Pain"],"score":484,"play_id":"24944016-bc73-4722-8d30-707f1a25d55c","local_time":"20210130091818","is_ascension_mode":true,"campfire_choices":[{"data":"Body Slam","floor":15.0,"key":"SMITH"},{"data":"Chrysalis","floor":23.0,"key":"SMITH"},{"floor":32,"key":"REST"}],"circlet_count":0,"master_deck":["Strike_R+1","Strike_R","Strike_R","Strike_R","Defend_R","Defend_R","Defend_R","Bash","Apotheosis+1","Purity+1","Anger","Dropkick+1","Shrug It Off","Combust+1","Shrug It Off","Barricade+1","Body Slam+1","Offering","Metallicize+1","Chrysalis+1","Necronomicurse","Entrench","Sentinel+1","Flame Barrier+1","Fire Breathing+1"],"relics":["Burning Blood","Unceasing Top","CultistMask","Frozen Egg 2","Pear","HornCleat","The Courier","WarpedTongs","Runic Dome","Necronomicon","War Paint","CaptainsWheel","Matryoshka","Whetstone"],"acts_visited":["Exordium","TheCity"],"potions_floor_usage":[30,33],"damage_taken":[{"damage":0.0,"enemies":"Small Slimes","floor":1.0,"turns":3.0},{"damage":0.0,"enemies":"2 Louse","floor":3.0,"turns":2.0},{"damage":21.0,"enemies":"Lagavulin","floor":6.0,"turns":6.0},{"damage":0.0,"enemies":"Cultist","floor":7.0,"turns":2.0},{"damage":16.0,"enemies":"Gremlin Nob","floor":8.0,"turns":3.0},{"damage":4.0,"enemies":"2 Fungi Beasts","floor":10.0,"turns":4.0},{"damage":3.0,"enemies":"Red Slaver","floor":11.0,"turns":2.0},{"damage":9.0,"enemies":"3 Sentries","floor":12.0,"turns":4.0},{"damage":11.0,"enemies":"Looter","floor":14.0,"turns":2.0},{"damage":10.0,"enemies":"The Guardian","floor":16.0,"turns":9.0},{"damage":19.0,"enemies":"Shell Parasite","floor":18.0,"turns":3.0},{"damage":17.0,"enemies":"Book of Stabbing","floor":25.0,"turns":4.0},{"damage":9.0,"enemies":"3 Byrds","floor":28.0,"turns":4.0},{"damage":20.0,"enemies":"Shelled Parasite and Fungi","floor":29.0,"turns":6.0},{"damage":7,"enemies":"Gremlin Leader","floor":30,"turns":4},{"damage":75,"enemies":"Collector","floor":33,"turns":7}],"seed_played":"4021923988622881957","potions_obtained":[{"floor":6.0,"key":"PowerPotion"},{"floor":7.0,"key":"SkillPotion"},{"floor":10.0,"key":"Energy Potion"},{"floor":25.0,"key":"PowerPotion"}],"is_trial":false,"path_per_floor":["M","?","M","$","?","E","M","E","T","M","M","E","?","M","R","B",null,"M","$","?","?","?","R","?","E","T","T","M","M","E","?","R","B"],"character_chosen":"IRONCLAD","items_purchased":["Apotheosis","Shrug It Off","Metallicize+1","Chrysalis"],"campfire_rested":1,"item_purchase_floors":[0,4,19,19],"current_hp_per_floor":[54,54,60,60,60,45,51,51,51,53,56,53,53,48,48,44,90,77,77,61,61,61,61,61,50,50,50,47,33,32,32,59,0,0],"gold":102,"neow_bonus":"","is_daily":false,"chose_seed":false,"campfire_upgraded":2,"win_rate":0.0,"timestamp":1611965898,"path_taken":["M","?","M","$","?","E","M","E","T","?","M","E","?","?","R","BOSS","M","$","?","?","?","R","?","E","T","?","M","M","E","?","R","BOSS"],"items_purchased_type":["Card","Card","Card","Card"],"build_version":"2020-12-22","purchased_purges":2,"victory":false,"max_hp_per_floor":[80,80,80,80,80,80,80,90,90,90,90,90,90,90,90,90,90,90,90,90,90,90,90,90,90,90,90,90,90,90,90,90,90,90],"card_choices":[{"not_picked":["Dark Embrace","Armaments"],"picked":"Anger","floor":1.0},{"not_picked":["Infernal Blade","Perfected Strike"],"picked":"Dropkick","floor":3.0},{"not_picked":["Clash","Dual Wield","Searing Blow"],"picked":"SKIP","floor":6.0},{"not_picked":["Warcry","Heavy Blade"],"picked":"Combust+1","floor":7.0},{"not_picked":["Rampage","True Grit"],"picked":"Shrug It Off","floor":8.0},{"not_picked":["Clothesline","Cleave"],"picked":"Barricade+1","floor":10.0},{"not_picked":["Dual Wield","Rage","Clash"],"picked":"SKIP","floor":11.0},{"not_picked":["Shrug It Off","Barricade+1"],"picked":"Body Slam","floor":12.0},{"not_picked":["Feel No Pain+1","Burning Pact","Shrug It Off"],"picked":"SKIP","floor":14.0},{"not_picked":["Reaper","Double Tap"],"picked":"Offering","floor":16.0},{"not_picked":["True Grit","Shrug It Off","Perfected Strike"],"picked":"SKIP","floor":18.0},{"not_picked":["Inflame+1","Shrug It Off"],"picked":"Sentinel","floor":25.0},{"not_picked":["Entrench+1","Clash"],"picked":"Flame Barrier+1","floor":28.0},{"not_picked":["Cleave+1","Warcry","Clash"],"picked":"SKIP","floor":29.0},{"not_picked":["Burning Pact","Shrug It Off+1","Flex"],"picked":"SKIP","floor":30}],"player_experience":643111,"relics_obtained":[{"floor":6.0,"key":"Frozen Egg 2"},{"floor":8.0,"key":"Pear"},{"floor":9.0,"key":"HornCleat"},{"floor":12.0,"key":"The Courier"},{"floor":20.0,"key":"Necronomicon"},{"floor":25.0,"key":"War Paint"},{"floor":26.0,"key":"CaptainsWheel"},{"floor":27.0,"key":"Matryoshka"},{"floor":30,"key":"Whetstone"}],"event_choices":[{"damage_healed":0.0,"max_hp_gain":0.0,"max_hp_loss":0.0,"gold_gain":0.0,"event_name":"Living Wall","player_choice":"Grow","floor":2.0,"gold_loss":0.0,"damage_taken":0.0,"cards_upgraded":["Apotheosis"]},{"damage_healed":0.0,"max_hp_gain":0.0,"max_hp_loss":0.0,"gold_gain":0.0,"event_name":"FaceTrader","player_choice":"Trade","floor":5.0,"gold_loss":0.0,"damage_taken":0.0,"relics_obtained":["CultistMask"]},{"damage_healed":0.0,"max_hp_gain":0.0,"max_hp_loss":0.0,"gold_gain":0.0,"event_name":"Accursed Blacksmith","player_choice":"Rummage","floor":13.0,"gold_loss":0.0,"damage_taken":0.0,"relics_obtained":["WarpedTongs"],"cards_obtained":["Pain"]},{"damage_healed":0.0,"max_hp_gain":0.0,"max_hp_loss":0.0,"gold_gain":0.0,"event_name":"Cursed Tome","player_choice":"Obtained Book","floor":20.0,"gold_loss":0.0,"damage_taken":16.0},{"damage_healed":0.0,"max_hp_gain":0.0,"max_hp_loss":0.0,"gold_gain":0.0,"event_name":"The Library","player_choice":"Read","floor":21.0,"gold_loss":0.0,"damage_taken":0.0,"cards_obtained":["Entrench"]},{"damage_healed":0.0,"max_hp_gain":0.0,"max_hp_loss":0.0,"gold_gain":0.0,"event_name":"Ghosts","player_choice":"Ignored","floor":22.0,"gold_loss":0.0,"damage_taken":0.0},{"damage_healed":0,"gold_gain":0,"cards_transformed":["Strike_R"],"player_choice":"Transformed","damage_taken":0,"max_hp_gain":0,"max_hp_loss":0,"event_name":"Transmorgrifier","floor":31,"gold_loss":0,"cards_obtained":["Fire Breathing"]}],"is_beta":false,"boss_relics":[{"not_picked":["Runic Pyramid","Pandora\u0027s Box"],"picked":"Runic Dome"}],"items_purged_floors":[4,19],"is_endless":false,"potions_floor_spawned":[6,7,10,16,25,29],"killed_by":"Collector","ascension_level":4}}