{"host":"gcl3kjho9wmyw479","time":1611969662,"event":{"mods":["Act Like it!","BaseMod","Better Note","Minty Spire (QoL Compilation)","Permanent Neow","Quick Restart","Replay The Spire","Shop Mod","StSLib","SuperFastMode","Wandering Minibosses"],"gold_per_floor":[113,113,213,213,213,238,238,238,238,238,33,33,0,25,25,124,124,137,168,168,168,168,168,168,50,50,83,83,83,83,117,117,222,222,238,148,148,108,128,128,128,128,154,183,183,198,232,232,232,232,232,232,1,30,30],"floor_reached":56,"language":"ENG","playtime":2071,"items_purged":["Panic Button","Panic Button","Enlightenment"],"score":1212,"play_id":"384f7656-dc9a-485e-b0cd-c45bd2e89dac","local_time":"20210129202102","daily_mods":["SealedDeck","Heirloom","Flight","DeadlyEvents","Elite Swarm"],"is_ascension_mode":true,"campfire_choices":[{"data":"Conserve Battery","floor":7,"key":"SMITH"},{"data":"Gash","floor":10,"key":"SMITH"},{"data":"Panache","floor":12,"key":"SMITH"},{"data":"Machine Learning","floor":15,"key":"SMITH"},{"data":"Go for the Eyes","floor":24,"key":"SMITH"},{"data":"Electrodynamics","floor":32,"key":"PURGE"},{"data":"Machine Learning","floor":40,"key":"SMITH"},{"data":"Loop","floor":41,"key":"SMITH"},{"floor":42,"key":"RECALL"},{"data":"Secret Technique","floor":45,"key":"SMITH"},{"floor":49,"key":"REST"},{"data":"Beam Cell","floor":52,"key":"SMITH"}],"circlet_count":0,"master_deck":["Streamline+1","Scrape","Conserve Battery+1","Gash+1","Go for the Eyes+1","Conserve Battery+1","Sweeping Beam+1","All For One+1","Secret Technique+1","Panache+1","Dark Shackles+1","Machine Learning+1","Fusion+1","Loop+1","Machine Learning+1","Gash+1","Beam Cell+1"],"relics":["Unceasing Top","ReplayFunnel","MealTicket","Replay:Antivirus Software","Pondfish Scales","Replay:Bronze Core","Red Mask","NeowsBlessing","Counterbalance","Blue Candle","MerchantsRug","Replay:Baseball","ReplayTheSpireMod:Shallot","Pantograph","Sling","Strawberry"],"acts_visited":["Exordium","TheCity","TheBeyond","TheEnding"],"potions_floor_usage":[18,19,33,35,47,54,55],"damage_taken":[{"damage":0,"enemies":"Jaw Worm","floor":1,"turns":3},{"damage":0,"enemies":"Lagavulin","floor":6,"turns":4},{"damage":1,"enemies":"3 Sentries","floor":14,"turns":2},{"damage":0,"enemies":"Hexaghost","floor":16,"turns":5},{"damage":0,"enemies":"2 Thieves","floor":18,"turns":2},{"damage":6,"enemies":"Masked Bandits","floor":19,"turns":3},{"damage":0,"enemies":"Slavers","floor":27,"turns":1},{"damage":0,"enemies":"Book of Stabbing","floor":31,"turns":1},{"damage":0,"enemies":"Pondfish","floor":33,"turns":2},{"damage":12,"enemies":"3 Darklings","floor":35,"turns":5},{"damage":0,"enemies":"Orb Walker","floor":39,"turns":4},{"damage":14,"enemies":"R_Hoarder","floor":44,"turns":6},{"damage":24,"enemies":"4 Shapes","floor":46,"turns":4},{"damage":8,"enemies":"Nemesis","floor":47,"turns":3},{"damage":11,"enemies":"Time Eater","floor":50,"turns":5},{"damage":12,"enemies":"Shield and Spear","floor":54,"turns":4},{"damage":63,"enemies":"The Heart","floor":55,"turns":6}],"seed_played":"-1281524745719245715","potions_obtained":[{"floor":6,"key":"Energy Potion"},{"floor":14,"key":"PotionOfCapacity"},{"floor":16,"key":"LiquidBronze"},{"floor":19,"key":"BlessingOfTheForge"},{"floor":31,"key":"Adrenaline Potion"},{"floor":33,"key":"Regen Potion"},{"floor":35,"key":"DuplicationPotion"}],"is_trial":true,"path_per_floor":["M","WH","WH","WH","WH","E","R","WH","T","R","$","R","WH","E","R","B",null,"M","?","WH","?","WH","R","R","$","T","E","R","$","WH","E","R","B",null,"M","?","WH","$","M","R","R","R","T","E","R","M","E","WH","R","B",null,"R","$","E","B",null],"character_chosen":"DEFECT","items_purchased":["ReplayTheSpireMod:ShopPack","Fusion","Loop","MerchantsRug","Sling","Explosive Potion"],"campfire_rested":1,"item_purchase_floors":[11,25,25,38,53,53],"current_hp_per_floor":[75,75,75,75,75,75,75,75,75,75,75,75,75,74,74,74,75,75,69,69,69,69,75,75,75,75,75,75,75,75,75,75,75,75,70,70,70,75,75,75,75,75,75,61,61,37,29,29,51,64,75,75,75,70,19],"gold":30,"neow_bonus":"RANDOM_COLORLESS","is_daily":false,"chose_seed":false,"campfire_upgraded":9,"win_rate":0.0,"timestamp":1611969662,"path_taken":["M","WH","WH","WH","WH","E","R","WH","T","R","$","R","WH","E","R","BOSS","M","?","WH","?","WH","R","R","$","T","E","R","$","WH","E","R","BOSS","M","?","WH","$","M","R","R","R","T","E","R","M","?","WH","R","BOSS","R","$","E","BOSS"],"items_purchased_type":["Relic","Card","Card","Relic","Relic","Potion"],"build_version":"2020-12-22","purchased_purges":3,"victory":true,"max_hp_per_floor":[75,75,75,75,75,75,75,75,75,75,75,75,75,75,75,75,75,75,75,75,75,75,75,75,75,75,75,75,75,75,75,75,75,75,75,75,75,75,75,75,75,75,75,75,75,75,75,75,75,75,75,75,75,82,82],"card_choices":[{"not_picked":["Coolheaded","Compile Driver"],"picked":"Sweeping Beam","floor":1},{"not_picked":["All For One","Core Surge","ReplayTheSpireMod:Fabricate Wheel"],"picked":"SKIP","floor":6},{"not_picked":["ReplayTheSpireMod:Necrogeddon","Midas Touch"],"picked":"Secret Technique","floor":11},{"not_picked":["PanicButton","Metamorphosis"],"picked":"Panache","floor":11},{"not_picked":["Jack Of All Trades","ReplayTheSpireMod:Uncanny Aura"],"picked":"Dark Shackles","floor":11},{"not_picked":["Rainbow","Creative AI"],"picked":"Machine Learning","floor":14},{"not_picked":["Blizzard","Streamline","Undo"],"picked":"SKIP","floor":18},{"not_picked":["ReplayTheSpireMod:Omega Cannon","Biased Cognition","ReplayTheSpireMod:Fabricate Wheel"],"picked":"SKIP","floor":27},{"not_picked":["All For One","Electrodynamics","Creative AI"],"picked":"SKIP","floor":31},{"not_picked":["ReplayTheSpireMod:Omega Cannon","Hyperbeam"],"picked":"Machine Learning","floor":33},{"not_picked":["Coolheaded+1","Rebound+1","Defragment"],"picked":"SKIP","floor":35},{"not_picked":["Barrage+1","Cold Snap"],"picked":"Gash+1","floor":39},{"not_picked":["Creative AI","Mirror Shield","Amplify"],"picked":"SKIP","floor":44},{"not_picked":["Ball Lightning+1","Stack"],"picked":"Beam Cell","floor":46},{"not_picked":["ReplayTheSpireMod:Fabricate Wheel","Electrodynamics","Buffer"],"picked":"SKIP","floor":47},{"not_picked":["Specialist","Finesse"],"picked":"Enlightenment","floor":48},{"not_picked":["Biased Cognition","Amplify","ReplayTheSpireMod:Fabricate Wheel"],"picked":"SKIP","floor":54}],"player_experience":190760,"relics_obtained":[{"floor":6,"key":"ReplayFunnel"},{"floor":9,"key":"Replay:Antivirus Software"},{"floor":14,"key":"Pondfish Scales"},{"floor":19,"key":"Red Mask"},{"floor":27,"key":"Counterbalance"},{"floor":31,"key":"Blue Candle"},{"floor":43,"key":"Replay:Baseball"},{"floor":44,"key":"ReplayTheSpireMod:Shallot"},{"floor":47,"key":"Pantograph"},{"floor":54,"key":"Strawberry"}],"event_choices":[{"damage_healed":0,"gold_gain":0,"player_choice":"Fought Bandits","damage_taken":0,"max_hp_gain":0,"max_hp_loss":0,"event_name":"Masked Bandits","floor":19,"gold_loss":0},{"damage_healed":0,"gold_gain":0,"player_choice":"Ignored","damage_taken":0,"max_hp_gain":0,"max_hp_loss":0,"event_name":"Ghosts","floor":21,"gold_loss":0},{"cards_removed":["Panic Button"],"damage_healed":0,"gold_gain":0,"player_choice":"Upgrade and Remove","damage_taken":0,"max_hp_gain":0,"max_hp_loss":0,"event_name":"Designer","floor":36,"gold_loss":90,"cards_upgraded":["Sweeping Beam"]}],"is_beta":false,"boss_relics":[{"not_picked":["Ring of Chaos","Busted Crown"],"picked":"Replay:Bronze Core"},{"not_picked":["Replay:Ancient Bell","Replay:Drink Me"],"picked":"Inserter"}],"items_purged_floors":[11,38,53],"is_endless":false,"potions_floor_spawned":[6,14,16,19,31,33,35],"ascension_level":4}}