{"host":"7k2a2omxz3voj5ax","time":1611995879,"event":{"mods":["BaseMod","Marisa£¨ìFÓê¡¡Ä§ÀíÉ³£©","Minty Spire (QoL Compilation)","Quick Restart","Spicy Shops","StSLib","Starting Relic: Pandora\u0027s Box","Yakumo Yukari mod","¡¾ÒÅÎï¿¨ÅÆ¡¿REMEMod","óô»ðÖ¸ÄÏ"],"gold_per_floor":[114,129,129,152,77,103,121,121,148,175,175,195,205,17,27,27,27,103,103,123,136,171,181,191,28,28,56,72,252,252,283,330,361,402,447,10,117,117,136,180,259,301,301,362,362,420,462,488,522,522,312,108,128,42,60,60,60,60,60,10,10,40,40],"floor_reached":64,"language":"ZHS","playtime":2549,"items_purged":["Quick Slash","Quick Slash","Underhanded Strike","Poisoned Stab","Terror","Survivor","Prepared"],"score":3765,"play_id":"ece7ff1d-89f3-459b-82a8-a27bc95e9384","local_time":"20210130173759","is_ascension_mode":true,"campfire_choices":[{"data":"Calculated Gamble","floor":8.0,"key":"SMITH"},{"floor":11.0,"key":"REST"},{"data":"REME_ShadowStrike","floor":16.0,"key":"SMITH"},{"data":"Sadistic Nature","floor":17.0,"key":"SMITH"},{"data":"Acrobatics","floor":26.0,"key":"SMITH"},{"data":"Tactician","floor":45.0,"key":"SMITH"},{"data":"Burst","floor":50,"key":"SMITH"},{"floor":56,"key":"RECALL"}],"circlet_count":0,"master_deck":["AscendersBane","Acrobatics+1","Acrobatics+1","Sadistic Nature+1","Calculated Gamble+1","PiercingWail+1","Prepared+1","REME_GreenPollution","REME_CopyPotion","REME_GrazeFinale","Burst+1","Tactician+1","Reflex+1"],"relics":["Pandora\u0027s Box","REME_ComplimentaryCards","Centennial Puzzle","Boot","Bag of Preparation","War Paint","Black Star","Red Mask","Orrery","Bronze Scales","Matryoshka","Blood Vial","Strawberry","Bag of Marbles","Dream Catcher","PreservedInsect","Ancient Tea Set","Art of War","Empty Cage","Ginger","Orichalcum","Snake Skull","Smiling Mask","Vajra","Singing Bowl","Lantern","Toy Ornithopter","Tingsha","Membership Card","TheAbacus","Eternal Feather","Medical Kit","Torii","Mango"],"acts_visited":["Exordium","TheCity","TheBeyond","TheEnding"],"potions_floor_usage":[47,63,63],"damage_taken":[{"damage":0.0,"enemies":"Cultist","floor":1.0,"turns":2.0},{"damage":1.0,"enemies":"Jaw Worm","floor":2.0,"turns":2.0},{"damage":49.0,"enemies":"3 Sentries","floor":6.0,"turns":7.0},{"damage":0.0,"enemies":"Small Slimes","floor":7.0,"turns":1.0},{"damage":0.0,"enemies":"Blue Slaver","floor":12.0,"turns":2.0},{"damage":0.0,"enemies":"Lots of Slimes","floor":13.0,"turns":2.0},{"damage":0.0,"enemies":"Looter","floor":15.0,"turns":1.0},{"damage":14.0,"enemies":"Slime Boss","floor":18.0,"turns":5.0},{"damage":1.0,"enemies":"2 Thieves","floor":20.0,"turns":2.0},{"damage":0.0,"enemies":"3 Byrds","floor":21.0,"turns":2.0},{"damage":4.0,"enemies":"Masked Bandits","floor":22.0,"turns":3.0},{"damage":0.0,"enemies":"Cultist and Chosen","floor":23.0,"turns":3.0},{"damage":4.0,"enemies":"3 Cultists","floor":24.0,"turns":3.0},{"damage":0.0,"enemies":"Gremlin Leader","floor":27.0,"turns":2.0},{"damage":0.0,"enemies":"Snake Plant","floor":28.0,"turns":1.0},{"damage":4.0,"enemies":"Book of Stabbing","floor":31.0,"turns":2.0},{"damage":19.0,"enemies":"Shelled Parasite and Fungi","floor":32.0,"turns":2.0},{"damage":0.0,"enemies":"Gremlin Leader","floor":33.0,"turns":1.0},{"damage":0.0,"enemies":"Snecko","floor":34.0,"turns":2.0},{"damage":0.0,"enemies":"3 Cultists","floor":35.0,"turns":2.0},{"damage":0.0,"enemies":"Automaton","floor":37.0,"turns":2.0},{"damage":0.0,"enemies":"3 Shapes","floor":39.0,"turns":1.0},{"damage":19.0,"enemies":"3 Darklings","floor":40.0,"turns":2.0},{"damage":12.0,"enemies":"2 Orb Walkers","floor":41.0,"turns":2.0},{"damage":0.0,"enemies":"Sphere and 2 Shapes","floor":42.0,"turns":1.0},{"damage":0.0,"enemies":"Reptomancer","floor":44.0,"turns":2.0},{"damage":0.0,"enemies":"Nemesis","floor":46.0,"turns":1.0},{"damage":0.0,"enemies":"Transient","floor":47.0,"turns":2.0},{"damage":0,"enemies":"Giant Head","floor":49,"turns":1},{"damage":0,"enemies":"Jaw Worm Horde","floor":53,"turns":1},{"damage":0,"enemies":"Writhing Mass","floor":55,"turns":1},{"damage":0,"enemies":"Donu and Deca","floor":57,"turns":1},{"damage":0,"enemies":"Awakened One","floor":58,"turns":2},{"damage":0,"enemies":"Shield and Spear","floor":62,"turns":1},{"damage":80,"enemies":"The Heart","floor":63,"turns":5}],"seed_played":"8842554020536798385","potions_obtained":[{"floor":6.0,"key":"REME_GoldPotion"},{"floor":7.0,"key":"EssenceOfSteel"},{"floor":20.0,"key":"Dexterity Potion"},{"floor":24.0,"key":"SkillPotion"},{"floor":33.0,"key":"ColorlessPotion"},{"floor":39.0,"key":"Fruit Juice"},{"floor":44.0,"key":"PanachePotion"},{"floor":47,"key":"Fruit Juice"}],"is_trial":false,"path_per_floor":["M","M","T","T","$","E","M","R","T","T","R","M","M","$","M","R","R","B",null,"M","M","?","M","M","$","R","E","M","?","T","E","M","E","M","M","R","B",null,"M","M","?","M","?","E","R","E","M","T","E","R","$","R","M","$","M","R","B","B",null,"R","$","E","B",null],"character_chosen":"THE_SILENT","items_purchased":["REME_ShadowStrike","Orrery","Art of War","Membership Card","TheAbacus","Eternal Feather","Medical Kit"],"campfire_rested":1,"item_purchase_floors":[14,25,36,51,52,52,54],"current_hp_per_floor":[59,58,58,58,58,9,9,9,9,9,27,27,27,27,27,27,27,13,48,47,47,43,43,39,39,39,39,39,20,27,25,8,10,12,14,14,67,67,72,72,60,62,62,72,72,72,72,72,77,77,77,77,84,84,91,91,96,101,101,101,101,122,132],"gold":40,"neow_bonus":"REMOVE_TWO","is_daily":false,"chose_seed":false,"campfire_upgraded":6,"win_rate":0.0,"timestamp":1611995879,"path_taken":["M","M","?","?","?","E","M","R","T","T","R","M","M","$","M","R","R","BOSS","M","?","?","M","M","$","R","E","M","?","T","E","?","E","M","M","R","BOSS","M","M","?","M","?","E","R","E","M","T","E","R","$","R","M","$","M","R","BOSS","BOSS","R","$","E","BOSS"],"items_purchased_type":["Card","Relic","Relic","Relic","Relic","Relic","Relic"],"build_version":"2020-12-22","purchased_purges":7,"victory":true,"max_hp_per_floor":[60,60,60,60,60,60,60,60,60,60,60,60,60,60,60,60,60,60,60,60,60,60,60,60,60,60,60,60,60,67,67,67,67,67,67,67,67,67,72,72,72,72,72,72,72,72,72,72,77,77,77,77,84,84,91,91,96,101,101,101,101,122,132],"card_choices":[{"not_picked":["Blade Dance","Dagger Throw","Underhanded Strike"],"picked":"SKIP","floor":1.0},{"not_picked":["Prepared","Riddle With Holes"],"picked":"Calculated Gamble","floor":2.0},{"not_picked":["Bane","Cloak And Dagger","Terror"],"picked":"SKIP","floor":6.0},{"not_picked":["Skewer","Outmaneuver","PiercingWail"],"picked":"SKIP","floor":7.0},{"not_picked":["Skewer","Outmaneuver"],"picked":"PiercingWail","floor":7.0},{"not_picked":["PiercingWail","Outmaneuver","Dash"],"picked":"SKIP","floor":12.0},{"not_picked":["Dagger Throw","Distraction","PiercingWail"],"picked":"SKIP","floor":13.0},{"not_picked":["Deflect","Well Laid Plans","Poisoned Stab"],"picked":"SKIP","floor":15.0},{"not_picked":["Crippling Poison+1","Escape Plan","Skewer+1"],"picked":"SKIP","floor":20.0},{"not_picked":["PiercingWail","Cloak And Dagger","Deadly Poison"],"picked":"SKIP","floor":21.0},{"not_picked":["Dagger Throw","Masterful Stab","Quick Slash"],"picked":"SKIP","floor":23.0},{"not_picked":["Cloak And Dagger","Grand Finale"],"picked":"Prepared+1","floor":24.0},{"not_picked":["Deflect","Concentrate"],"picked":"REME_GreenPollution","floor":25.0},{"not_picked":["Distraction","Poisoned Stab"],"picked":"Prepared","floor":25.0},{"not_picked":["REME_ShadowForm","Outmaneuver","Underhanded Strike"],"picked":"SKIP","floor":27.0},{"not_picked":["Distraction","REME_ShadowStrike","Dagger Spray"],"picked":"SKIP","floor":28.0},{"not_picked":["Outmaneuver","Dodge and Roll"],"picked":"REME_CopyPotion","floor":31.0},{"not_picked":["Blade Dance+1","Catalyst","PiercingWail"],"picked":"SKIP","floor":32.0},{"not_picked":["Acrobatics","Dagger Throw","Underhanded Strike"],"picked":"SKIP","floor":33.0},{"not_picked":["Infinite Blades","Blade Dance","Deflect"],"picked":"SKIP","floor":34.0},{"not_picked":["Poisoned Stab","Catalyst"],"picked":"REME_GrazeFinale","floor":35.0},{"not_picked":["A Thousand Cuts","REME_SpectralBlade"],"picked":"Burst","floor":37.0},{"not_picked":["Dodge and Roll","Quick Slash+1","Outmaneuver"],"picked":"SKIP","floor":39.0},{"not_picked":["Dash+1","Dodge and Roll","Deflect"],"picked":"SKIP","floor":40.0},{"not_picked":["Choke+1","Deflect"],"picked":"Tactician","floor":42.0},{"not_picked":["Predator","A Thousand Cuts","Cloak And Dagger"],"picked":"SKIP","floor":44.0},{"not_picked":["Finisher","Caltrops+1","Acrobatics"],"picked":"SKIP","floor":46.0},{"not_picked":["Acrobatics","Underhanded Strike","PiercingWail"],"picked":"SKIP","floor":47},{"not_picked":["Flying Knee","Dagger Throw+1"],"picked":"Reflex+1","floor":49},{"not_picked":["Flying Knee","Slice","Distraction+1"],"picked":"Singing Bowl","floor":53},{"not_picked":["Dagger Spray+1","Quick Slash+1","Outmaneuver"],"picked":"Singing Bowl","floor":55},{"not_picked":["Blur","Tactician","Glass Knife"],"picked":"Singing Bowl","floor":62}],"player_experience":284620,"relics_obtained":[{"floor":4.0,"key":"Centennial Puzzle"},{"floor":6.0,"key":"Boot"},{"floor":9.0,"key":"Bag of Preparation"},{"floor":10.0,"key":"War Paint"},{"floor":22.0,"key":"Red Mask"},{"floor":27.0,"key":"Bronze Scales"},{"floor":27.0,"key":"Matryoshka"},{"floor":30.0,"key":"Blood Vial"},{"floor":30.0,"key":"Strawberry"},{"floor":31.0,"key":"Bag of Marbles"},{"floor":31.0,"key":"Dream Catcher"},{"floor":33.0,"key":"PreservedInsect"},{"floor":33.0,"key":"Ancient Tea Set"},{"floor":41.0,"key":"Ginger"},{"floor":44.0,"key":"Orichalcum"},{"floor":44.0,"key":"Snake Skull"},{"floor":46.0,"key":"Smiling Mask"},{"floor":46.0,"key":"Vajra"},{"floor":48,"key":"Singing Bowl"},{"floor":48,"key":"Lantern"},{"floor":49,"key":"Toy Ornithopter"},{"floor":49,"key":"Tingsha"},{"floor":62,"key":"Torii"},{"floor":62,"key":"Mango"}],"event_choices":[{"damage_healed":0.0,"max_hp_gain":0.0,"max_hp_loss":0.0,"gold_gain":0.0,"event_name":"Masked Bandits","player_choice":"Fought Bandits","floor":22.0,"gold_loss":0.0,"damage_taken":0.0},{"damage_healed":0.0,"max_hp_gain":0.0,"max_hp_loss":0.0,"gold_gain":180.0,"event_name":"Knowing Skull","player_choice":"GOLD GOLD ","floor":29.0,"potions_obtained":[],"gold_loss":0.0,"damage_taken":19.0,"cards_obtained":[]},{"damage_healed":0.0,"max_hp_gain":0.0,"max_hp_loss":0.0,"gold_gain":0.0,"event_name":"Mysterious Sphere","player_choice":"Fight","floor":41.0,"gold_loss":0.0,"damage_taken":0.0},{"cards_removed":["REME_ShadowStrike"],"damage_healed":0.0,"max_hp_gain":0.0,"max_hp_loss":0.0,"gold_gain":0.0,"event_name":"Falling","player_choice":"Removed Attack","floor":43.0,"gold_loss":0.0,"damage_taken":0.0}],"is_beta":false,"boss_relics":[{"not_picked":["SacredBark","Runic Dome"],"picked":"Black Star"},{"not_picked":["Cursed Key","Tiny House"],"picked":"Empty Cage"}],"items_purged_floors":[5,14,36,36,51,52,60],"is_endless":false,"potions_floor_spawned":[6,7,15,18,20,21,24,27,33,37,39,44,46,47,49,55,62],"ascension_level":20}}