{"host":"nnmmiiw4bez2c8ei","time":1611993431,"event":{"mods":["AchievementEnabler","BaseMod","Colored Map","Colored Powertips","Minty Spire (QoL Compilation)","Rare Cards Sparkle","StSLib"],"gold_per_floor":[416,434,434,445,147,147,174,174,220,234,296,306,306,320,320,419,419,439,450,465,36,51,51,51,51],"floor_reached":24,"language":"KOR","playtime":1105,"items_purged":["Strike_R","Strike_R"],"score":250,"play_id":"bc443ce4-a41a-478d-8cd7-f0cab094c878","local_time":"20210130165711","is_ascension_mode":true,"campfire_choices":[{"floor":6.0,"key":"REST"},{"floor":8.0,"key":"REST"},{"floor":15.0,"key":"REST"},{"floor":23.0,"key":"REST"}],"circlet_count":0,"master_deck":["Strike_R+1","Strike_R","Defend_R+1","Defend_R","Defend_R","Defend_R","Bash","Thunderclap","Second Wind","Spot Weakness","Fire Breathing","Metallicize","Flame Barrier","Headbutt","Sword Boomerang","Barricade","Power Through+1","Pummel"],"relics":["Burning Blood","Old Coin","ClockworkSouvenir","Potion Belt","Strawberry","InkBottle","SacredBark","Omamori"],"acts_visited":["Exordium","TheCity"],"potions_floor_usage":[24],"damage_taken":[{"damage":20.0,"enemies":"Small Slimes","floor":1.0,"turns":3.0},{"damage":12.0,"enemies":"Jaw Worm","floor":2.0,"turns":3.0},{"damage":6.0,"enemies":"Cultist","floor":4.0,"turns":3.0},{"damage":45.0,"enemies":"Lagavulin","floor":7.0,"turns":7.0},{"damage":19.0,"enemies":"Lots of Slimes","floor":10.0,"turns":4.0},{"damage":30.0,"enemies":"Gremlin Nob","floor":11.0,"turns":5.0},{"damage":0.0,"enemies":"2 Fungi Beasts","floor":12.0,"turns":5.0},{"damage":3.0,"enemies":"Looter","floor":14.0,"turns":4.0},{"damage":4.0,"enemies":"The Guardian","floor":16.0,"turns":11.0},{"damage":19.0,"enemies":"Chosen","floor":18.0,"turns":8.0},{"damage":35.0,"enemies":"2 Thieves","floor":19.0,"turns":5.0},{"damage":12.0,"enemies":"Cultist and Chosen","floor":20.0,"turns":6.0},{"damage":14.0,"enemies":"Centurion and Healer","floor":22.0,"turns":11.0},{"damage":28,"enemies":"Gremlin Leader","floor":24,"turns":3}],"seed_played":"-6343285548801487085","potions_obtained":[{"floor":2.0,"key":"LiquidMemories"},{"floor":10.0,"key":"BloodPotion"},{"floor":11.0,"key":"Block Potion"},{"floor":12.0,"key":"LiquidMemories"},{"floor":16.0,"key":"SpeedPotion"},{"floor":18.0,"key":"Block Potion"},{"floor":19.0,"key":"Dexterity Potion"}],"is_trial":false,"path_per_floor":["M","M","?","M","$","R","E","R","T","M","?","M","?","M","R","B",null,"M","M","M","$","M","R","E"],"character_chosen":"IRONCLAD","items_purchased":["ClockworkSouvenir","Fire Breathing","Omamori","Fruit Juice","Pummel"],"campfire_rested":4,"item_purchase_floors":[5,5,21,21,21],"current_hp_per_floor":[58,52,45,45,45,66,27,48,55,42,18,39,23,26,49,51,72,59,30,24,34,26,52,24,24],"gold":51,"neow_bonus":"ONE_RARE_RELIC","is_daily":false,"chose_seed":false,"campfire_upgraded":0,"win_rate":0.0,"timestamp":1611993431,"path_taken":["M","M","?","M","$","R","E","R","T","M","?","M","?","M","R","BOSS","M","M","M","$","M","R","E"],"items_purchased_type":["Relic","Card","Relic","Potion","Card"],"build_version":"2020-12-22","purchased_purges":2,"victory":false,"max_hp_per_floor":[72,72,72,72,72,72,72,72,79,79,79,79,79,79,79,79,79,79,79,79,89,89,89,89,89],"card_choices":[{"not_picked":["Wild Strike","Clothesline"],"picked":"Thunderclap","floor":1.0},{"not_picked":["Shrug It Off","Clothesline"],"picked":"Second Wind","floor":2.0},{"not_picked":["True Grit","Double Tap"],"picked":"Spot Weakness","floor":4.0},{"not_picked":["Headbutt","Flame Barrier"],"picked":"Metallicize","floor":7.0},{"not_picked":["Iron Wave","Uppercut","Hemokinesis"],"picked":"SKIP","floor":10.0},{"not_picked":["Wild Strike","Pommel Strike"],"picked":"Flame Barrier","floor":11.0},{"not_picked":["Anger","Shrug It Off"],"picked":"Headbutt","floor":12.0},{"not_picked":["Metallicize","Headbutt"],"picked":"Sword Boomerang","floor":14.0},{"not_picked":["Immolate","Corruption"],"picked":"Barricade","floor":16.0},{"not_picked":["Thunderclap+1","Combust"],"picked":"Power Through+1","floor":18.0},{"not_picked":["Perfected Strike","Sword Boomerang","Dual Wield"],"picked":"SKIP","floor":19.0},{"not_picked":["Perfected Strike+1","Battle Trance","Rupture"],"picked":"SKIP","floor":20.0},{"not_picked":["Bloodletting","Body Slam","Searing Blow+1"],"picked":"SKIP","floor":22.0}],"player_experience":489365,"relics_obtained":[{"floor":7.0,"key":"Potion Belt"},{"floor":9.0,"key":"Strawberry"},{"floor":11.0,"key":"InkBottle"}],"event_choices":[{"cards_removed":["Strike_R"],"damage_healed":0.0,"max_hp_gain":0.0,"max_hp_loss":0.0,"gold_gain":0.0,"event_name":"Golden Wing","player_choice":"Card Removal","floor":3.0,"gold_loss":0.0,"damage_taken":7.0},{"damage_healed":0.0,"max_hp_gain":0.0,"max_hp_loss":0.0,"gold_gain":0.0,"event_name":"Dead Adventurer","player_choice":"Searched \u00271\u0027 times","floor":11.0,"gold_loss":0.0,"damage_taken":0.0},{"damage_healed":0.0,"max_hp_gain":0.0,"max_hp_loss":0.0,"gold_gain":0.0,"event_name":"Shining Light","player_choice":"Entered Light","floor":13.0,"gold_loss":0.0,"damage_taken":16.0,"cards_upgraded":["Strike_R","Defend_R"]}],"is_beta":false,"boss_relics":[{"not_picked":["Snecko Eye","Tiny House"],"picked":"SacredBark"}],"items_purged_floors":[5,21],"is_endless":false,"potions_floor_spawned":[2,10,11,12,16,18,19],"killed_by":"Gremlin Leader","ascension_level":5}}