{"host":"rolltorest","time":1611968200,"event":{"mods":["BaseMod","Gremlin Mod","Jorbs\u0027s Wanderer Trilogy","Koishi","Minty Spire (QoL Compilation)","Relic Stats","Robot Space Explorer","Slay the Relics Exporter","StSLib","The Servant 0.9.4"],"gold_per_floor":[116,132,5,80,230,267,267,302,302,335,345,364,289,360,360,438,438,458,149,162,162,162,197,207,234,234,250,265,265,291,306,306,384,384,402,402,414,414,427,427,462,481,505,535,535,563,563,115,115,115,115,115,115,21,47,47,47],"floor_reached":56,"language":"ENG","playtime":1960,"items_purged":["stsjorbsmod:Strike_Wanderer","stsjorbsmod:Strike_Wanderer","stsjorbsmod:Strike_Wanderer","Writhe"],"score":2176,"play_id":"dfadd589-783a-48af-9736-0b714d3aa313","local_time":"20210129165640","is_ascension_mode":true,"campfire_choices":[{"data":"stsjorbsmod:ChatteringStrike","floor":7,"key":"SMITH"},{"data":"stsjorbsmod:TrueStrike","floor":15,"key":"SMITH"},{"data":"stsjorbsmod:Stalwart","floor":29,"key":"SMITH"},{"data":"stsjorbsmod:GatherPower","floor":32,"key":"SMITH"},{"data":"stsjorbsmod:WeightOfMemory","floor":40,"key":"SMITH"},{"floor":45,"key":"RECALL"},{"floor":47,"key":"REST"},{"data":"stsjorbsmod:TinyHut","floor":49,"key":"SMITH"},{"data":"stsjorbsmod:FlameWard","floor":53,"key":"SMITH"}],"circlet_count":0,"master_deck":["AscendersBane","stsjorbsmod:ForbiddenGrimoire+1","stsjorbsmod:Strike_Wanderer","stsjorbsmod:Defend_Wanderer","stsjorbsmod:Defend_Wanderer+1","stsjorbsmod:Defend_Wanderer","stsjorbsmod:Defend_Wanderer","stsjorbsmod:FreshAdventure","stsjorbsmod:EyeOfTheStorm","stsjorbsmod:WeightOfMemory+1","stsjorbsmod:ChatteringStrike+1","stsjorbsmod:ChainLightning","stsjorbsmod:TrueStrike+1","stsjorbsmod:FlameWard+1","stsjorbsmod:SiphonEnergy","stsjorbsmod:GatherPower+1","stsjorbsmod:MageArmor","stsjorbsmod:Entangle","stsjorbsmod:ScorchingRay+1","stsjorbsmod:RayOfFrost+1","stsjorbsmod:Stalwart+1","stsjorbsmod:FlameWard","stsjorbsmod:Rediscovery","stsjorbsmod:Hibernate","stsjorbsmod:ThirstingSword+1","stsjorbsmod:WanderingMind","Panacea","stsjorbsmod:Firebolt+1","stsjorbsmod:SmithingStrike+1","stsjorbsmod:Mending+1","stsjorbsmod:Trauma+1","stsjorbsmod:Hibernate","stsjorbsmod:TinyHut+1"],"relics":["stsjorbsmod:GrimoireRelic","NeowsBlessing","Meat on the Bone","Mango","Smiling Mask","PreservedInsect","InkBottle","Snecko Eye","Lee\u0027s Waffle","Happy Flower","Akabeko","Molten Egg 2","Matryoshka","Strawberry","Runic Dome","The Courier","Dream Catcher","Darkstone Periapt","Pantograph","Shuriken","Bronze Scales","StrikeDummy"],"acts_visited":["Exordium","TheCity","TheBeyond","TheEnding"],"potions_floor_usage":[14,14,23,56,56],"damage_taken":[{"damage":0,"enemies":"Jaw Worm","floor":1,"turns":1},{"damage":0,"enemies":"Small Slimes","floor":2,"turns":1},{"damage":0,"enemies":"Lagavulin","floor":6,"turns":1},{"damage":36,"enemies":"3 Sentries","floor":8,"turns":7},{"damage":32,"enemies":"Gremlin Nob","floor":10,"turns":4},{"damage":0,"enemies":"2 Louse","floor":11,"turns":2},{"damage":14,"enemies":"Blue Slaver","floor":12,"turns":4},{"damage":26,"enemies":"Lagavulin Event","floor":14,"turns":5},{"damage":30,"enemies":"The Guardian","floor":16,"turns":14},{"damage":3,"enemies":"Chosen","floor":18,"turns":4},{"damage":0,"enemies":"Spheric Guardian","floor":20,"turns":2},{"damage":0,"enemies":"Gremlin Leader","floor":23,"turns":4},{"damage":8,"enemies":"Snake Plant","floor":24,"turns":2},{"damage":4,"enemies":"Book of Stabbing","floor":25,"turns":4},{"damage":6,"enemies":"Cultist and Chosen","floor":27,"turns":4},{"damage":0,"enemies":"Snecko","floor":28,"turns":2},{"damage":31,"enemies":"Gremlin Leader","floor":30,"turns":5},{"damage":0,"enemies":"Sentry and Sphere","floor":31,"turns":3},{"damage":33,"enemies":"Collector","floor":33,"turns":7},{"damage":1,"enemies":"3 Shapes","floor":35,"turns":4},{"damage":9,"enemies":"3 Darklings","floor":37,"turns":3},{"damage":13,"enemies":"Spire Growth","floor":39,"turns":4},{"damage":18,"enemies":"Reptomancer","floor":41,"turns":3},{"damage":4,"enemies":"Sphere and 2 Shapes","floor":42,"turns":4},{"damage":29,"enemies":"Nemesis","floor":44,"turns":3},{"damage":36,"enemies":"Reptomancer","floor":46,"turns":3},{"damage":85,"enemies":"Time Eater","floor":50,"turns":10},{"damage":28,"enemies":"Awakened One","floor":51,"turns":7},{"damage":53,"enemies":"Shield and Spear","floor":55,"turns":5},{"damage":69,"enemies":"The Heart","floor":56,"turns":2}],"seed_played":"-5852759026445075996","potions_obtained":[{"floor":6,"key":"Regen Potion"},{"floor":10,"key":"stsjorbsmod:LiquidVirtue"},{"floor":16,"key":"FairyPotion"},{"floor":20,"key":"stsjorbsmod:LiquidVirtue"},{"floor":25,"key":"Dexterity Potion"},{"floor":28,"key":"Swift Potion"},{"floor":33,"key":"AttackPotion"},{"floor":41,"key":"Ancient Potion"}],"is_trial":false,"path_per_floor":["M","M","$","?","?","E","R","E","T","E","M","M","?","?","R","B",null,"M","$","M","?","?","E","M","E","T","M","M","R","E","M","R","B",null,"M","?","M","?","M","R","E","M","T","E","R","E","R","$","R","B","B",null,"R","$","E","B"],"character_chosen":"WANDERER","items_purchased":["stsjorbsmod:ChainLightning","stsjorbsmod:MageArmor","Lee\u0027s Waffle","Shuriken","stsjorbsmod:TinyHut","Bronze Scales","SpeedPotion"],"campfire_rested":1,"item_purchase_floors":[3,19,19,48,48,48,54],"current_hp_per_floor":[59,59,59,48,48,49,49,39,39,20,33,32,32,35,35,17,63,61,85,85,85,85,87,80,77,77,72,73,73,63,64,64,43,81,82,82,90,90,78,78,68,66,66,50,50,50,76,76,76,47,54,78,78,78,40,0,0],"gold":47,"neow_bonus":"THREE_ENEMY_KILL","is_daily":false,"chose_seed":false,"campfire_upgraded":7,"win_rate":0.0,"timestamp":1611968200,"path_taken":["M","M","$","?","?","E","R","E","T","E","M","?","?","?","R","BOSS","M","$","M","?","?","E","M","E","T","M","M","R","E","M","R","BOSS","M","?","M","?","M","R","E","M","T","E","R","E","R","$","R","BOSS","BOSS","R","$","E","BOSS"],"items_purchased_type":["Card","Card","Relic","Relic","Card","Relic","Potion"],"build_version":"2020-12-18","purchased_purges":4,"victory":false,"max_hp_per_floor":[64,64,64,64,64,64,64,78,78,78,78,78,78,78,78,78,78,78,85,85,85,85,87,87,87,87,87,87,87,94,94,94,94,94,94,94,92,92,92,92,90,90,90,90,90,88,88,88,88,86,86,86,86,86,86,86,86],"relic_stats":{"Darkstone Periapt":0,"Lee\u0027s Waffle":24,"Happy Flower":[26],"counters":[30,124],"PreservedInsect":413,"Smiling Mask":170,"Dream Catcher":1,"Shuriken":[11],"Pantograph":62,"Bronze Scales":[87],"Snecko Eye":[165,162,140,143],"obtain_stats":[{"Darkstone Periapt":44,"Lee\u0027s Waffle":19,"NeowsBlessing":0,"Happy Flower":22,"stsjorbsmod:GrimoireRelic":0,"Mango":8,"PreservedInsect":10,"The Courier":41,"Smiling Mask":9,"Akabeko":23,"Runic Dome":34,"Dream Catcher":43,"Matryoshka":26,"Shuriken":48,"Strawberry":30,"Pantograph":46,"Bronze Scales":48,"Snecko Eye":17,"Molten Egg 2":25,"StrikeDummy":55,"InkBottle":14,"Meat on the Bone":6},{"Darkstone Periapt":25,"Lee\u0027s Waffle":10,"NeowsBlessing":0,"Happy Flower":11,"stsjorbsmod:GrimoireRelic":0,"Mango":4,"PreservedInsect":5,"The Courier":23,"Smiling Mask":4,"Akabeko":12,"Runic Dome":19,"Dream Catcher":24,"Matryoshka":14,"Shuriken":26,"Strawberry":17,"Pantograph":26,"Bronze Scales":26,"Snecko Eye":9,"Molten Egg 2":14,"StrikeDummy":29,"InkBottle":8,"Meat on the Bone":3},{"Darkstone Periapt":97,"Lee\u0027s Waffle":43,"NeowsBlessing":0,"Happy Flower":45,"stsjorbsmod:GrimoireRelic":0,"Mango":10,"PreservedInsect":14,"The Courier":90,"Smiling Mask":10,"Akabeko":49,"Runic Dome":76,"Dream Catcher":94,"Matryoshka":55,"Shuriken":100,"Strawberry":66,"Pantograph":100,"Bronze Scales":100,"Snecko Eye":39,"Molten Egg 2":55,"StrikeDummy":122,"InkBottle":25,"Meat on the Bone":3}],"InkBottle":[45],"Meat on the Bone":144},"card_choices":[{"not_picked":["stsjorbsmod:ArcaneWeapon","stsjorbsmod:FaerieFire"],"picked":"stsjorbsmod:WeightOfMemory","floor":1},{"not_picked":["stsjorbsmod:Mending","stsjorbsmod:UnseenServant"],"picked":"stsjorbsmod:ChatteringStrike","floor":2},{"not_picked":["stsjorbsmod:Patron","stsjorbsmod:Introspection","stsjorbsmod:FracturedMind"],"picked":"SKIP","floor":6},{"not_picked":["stsjorbsmod:BookOfTongues","stsjorbsmod:Inferno"],"picked":"stsjorbsmod:TrueStrike","floor":8},{"not_picked":["stsjorbsmod:Index","stsjorbsmod:Materialize"],"picked":"stsjorbsmod:FlameWard","floor":10},{"not_picked":["stsjorbsmod:UnseenServant","stsjorbsmod:Mindworm","stsjorbsmod:WeightOfMemory"],"picked":"SKIP","floor":11},{"not_picked":["stsjorbsmod:Hurt","stsjorbsmod:ChainLightning","stsjorbsmod:Will"],"picked":"SKIP","floor":12},{"not_picked":["stsjorbsmod:FranticSearch","stsjorbsmod:WanderingMind"],"picked":"stsjorbsmod:SiphonEnergy","floor":14},{"not_picked":["stsjorbsmod:HoldMonster","stsjorbsmod:ThirstingSword"],"picked":"stsjorbsmod:GatherPower","floor":16},{"not_picked":["stsjorbsmod:WeightOfMemory+1","stsjorbsmod:DisguiseSelf","stsjorbsmod:ColorSpray"],"picked":"SKIP","floor":18},{"not_picked":["stsjorbsmod:ParryingBlow","stsjorbsmod:Aid","stsjorbsmod:Index"],"picked":"SKIP","floor":20},{"not_picked":["stsjorbsmod:ArcaneWeapon+1","stsjorbsmod:Message"],"picked":"stsjorbsmod:ScorchingRay+1","floor":23},{"not_picked":["stsjorbsmod:Prestidigitation","stsjorbsmod:FracturedMind","stsjorbsmod:UnseenServant"],"picked":"SKIP","floor":24},{"not_picked":["stsjorbsmod:BlackTentacles+1","stsjorbsmod:FranticSearch"],"picked":"stsjorbsmod:RayOfFrost+1","floor":25},{"not_picked":["stsjorbsmod:Hurt+1","stsjorbsmod:Message"],"picked":"stsjorbsmod:Stalwart","floor":27},{"not_picked":["stsjorbsmod:Stalwart","stsjorbsmod:Prepare+1"],"picked":"stsjorbsmod:FlameWard","floor":28},{"not_picked":["stsjorbsmod:ColorSpray+1","stsjorbsmod:RayOfFrost+1"],"picked":"stsjorbsmod:Rediscovery","floor":30},{"not_picked":["stsjorbsmod:DoubleCheck","stsjorbsmod:ChatteringStrike+1"],"picked":"stsjorbsmod:Hibernate","floor":31},{"not_picked":["stsjorbsmod:DeathThroes+1","stsjorbsmod:Withdraw"],"picked":"stsjorbsmod:ThirstingSword+1","floor":33},{"not_picked":["stsjorbsmod:Mending+1","stsjorbsmod:Introspection+1"],"picked":"stsjorbsmod:WanderingMind","floor":35},{"not_picked":["stsjorbsmod:Prepare+1","stsjorbsmod:FracturedMind+1","stsjorbsmod:OldPocket"],"picked":"SKIP","floor":37},{"not_picked":["HandOfGreed+1","Good Instincts"],"picked":"Panacea","floor":38},{"not_picked":["stsjorbsmod:Mania+1","stsjorbsmod:WanderingMind"],"picked":"stsjorbsmod:Firebolt+1","floor":39},{"not_picked":["stsjorbsmod:WanderingMind","stsjorbsmod:Prestidigitation"],"picked":"stsjorbsmod:SmithingStrike+1","floor":41},{"not_picked":["stsjorbsmod:ChatteringStrike+1","stsjorbsmod:Mindworm+1","stsjorbsmod:UnseenServant"],"picked":"SKIP","floor":42},{"not_picked":["stsjorbsmod:FlameWard","stsjorbsmod:ArcaneWeapon"],"picked":"stsjorbsmod:Mending+1","floor":44},{"not_picked":["stsjorbsmod:WeightOfMemory+1","stsjorbsmod:Firebolt+1"],"picked":"stsjorbsmod:Trauma+1","floor":46},{"not_picked":["stsjorbsmod:Counterspell","stsjorbsmod:FracturedMind+1"],"picked":"stsjorbsmod:Hibernate","floor":47},{"not_picked":["stsjorbsmod:Firebolt+1","stsjorbsmod:ChatteringStrike+1","stsjorbsmod:ParryingBlow+1"],"picked":"SKIP","floor":55}],"player_experience":2352458,"relics_obtained":[{"floor":6,"key":"Meat on the Bone"},{"floor":8,"key":"Mango"},{"floor":9,"key":"Smiling Mask"},{"floor":10,"key":"PreservedInsect"},{"floor":14,"key":"InkBottle"},{"floor":23,"key":"Akabeko"},{"floor":25,"key":"Molten Egg 2"},{"floor":26,"key":"Matryoshka"},{"floor":30,"key":"Strawberry"},{"floor":41,"key":"The Courier"},{"floor":43,"key":"Dream Catcher"},{"floor":44,"key":"Darkstone Periapt"},{"floor":46,"key":"Pantograph"},{"floor":55,"key":"StrikeDummy"}],"event_choices":[{"damage_healed":0,"gold_gain":75,"player_choice":"Gather Gold","damage_taken":11,"max_hp_gain":0,"max_hp_loss":0,"event_name":"World of Goop","floor":4,"gold_loss":0},{"damage_healed":0,"gold_gain":150,"player_choice":"AGREE","damage_taken":0,"max_hp_gain":0,"max_hp_loss":0,"event_name":"Liars Game","floor":5,"gold_loss":0,"cards_obtained":["Doubt"]},{"cards_removed":["Doubt"],"damage_healed":0,"gold_gain":0,"player_choice":"Card Removal","damage_taken":0,"max_hp_gain":0,"max_hp_loss":0,"event_name":"The Cleric","floor":13,"gold_loss":75},{"damage_healed":0,"gold_gain":30,"player_choice":"Searched \u00273\u0027 times","damage_taken":0,"max_hp_gain":0,"max_hp_loss":0,"event_name":"Dead Adventurer","floor":14,"gold_loss":0},{"damage_healed":0,"gold_gain":0,"player_choice":"Read","damage_taken":0,"max_hp_gain":0,"max_hp_loss":0,"event_name":"The Library","floor":21,"gold_loss":0,"cards_obtained":["stsjorbsmod:Entangle"]},{"damage_healed":0,"gold_gain":0,"player_choice":"Opened","damage_taken":0,"relics_obtained":["Happy Flower"],"max_hp_gain":0,"max_hp_loss":0,"event_name":"The Mausoleum","floor":22,"gold_loss":0,"cards_obtained":["Writhe"]},{"damage_healed":0,"gold_gain":0,"player_choice":"Ignored","damage_taken":0,"max_hp_gain":0,"max_hp_loss":0,"event_name":"Tomb of Lord Red Mask","floor":36,"gold_loss":0},{"damage_healed":0,"gold_gain":0,"player_choice":"Memory 1","damage_taken":0,"max_hp_gain":0,"max_hp_loss":0,"event_name":"SensoryStone","floor":38,"gold_loss":0}],"is_beta":true,"boss_relics":[{"not_picked":["Empty Cage","Coffee Dripper"],"picked":"Snecko Eye"},{"not_picked":["Black Star","Calling Bell"],"picked":"Runic Dome"}],"items_purged_floors":[3,19,48,54],"is_endless":false,"potions_floor_spawned":[6,10,11,16,20,25,28,31,33,35,39,41,46],"killed_by":"The Heart","ascension_level":20}}