{"host":"17jxu4722zcujg93","time":1611999670,"event":{"mods":["BaseMod","Colored Map","Downfall","Minty Spire (QoL Compilation)","StSLib"],"gold_per_floor":[99,113,23,46,31,31,31,64,64,91,111,142,152,167,178,280,280,180,199,216,101,101,36,36,62,62,93,112,129,148,148,160,262,262,262,262,279,298,102,102,127,56,72,72,89,89,13,32,46,46],"floor_reached":51,"language":"ENG","playtime":6598,"items_purged":["Slimebound:Strike_Slimebound","Slimebound:Defend_Slimebound","Slimebound:Strike_Slimebound","downfall:Malfunctioning"],"score":711,"play_id":"18a5585c-192e-4817-a34a-40241193fd70","local_time":"20210130014110","is_ascension_mode":false,"campfire_choices":[{"data":"Slimebound:Split","floor":1,"key":"SMITH"},{"data":"Slimebound:CorrosiveSpit","floor":6,"key":"SMITH"},{"data":"Slimebound:Repurpose","floor":9,"key":"SMITH"},{"data":"Slimebound:MinionMaster","floor":18,"key":"SMITH"},{"data":"Slimebound:HauntingLick","floor":26,"key":"SMITH"},{"data":"Slimebound:SplitLeeching","floor":35,"key":"SMITH"},{"data":"Slimebound:LeadByExample","floor":46,"key":"SMITH"}],"circlet_count":0,"master_deck":["Slimebound:Strike_Slimebound","Slimebound:Tackle","Slimebound:Defend_Slimebound","Slimebound:Defend_Slimebound","Slimebound:Defend_Slimebound","Slimebound:Split+1","Slimebound:CorrosiveSpit+1","Slimebound:RollThrough","Slimebound:SplitLeeching","Slimebound:SplitMire","Slimebound:Repurpose+1","Slimebound:ComboTackle","Slimebound:Equalize","Slimebound:HauntingLick+1","Slimebound:SlimeTap","Slimebound:MinionMaster+1","Slimebound:SplitLeeching+1","Slimebound:LeechEnergy+1","Slimebound:ComboTackle","Slimebound:SplitMire+1","Slimebound:LeadByExample+1","Slimebound:Schlurp","Slimebound:MegaLick+1","Slimebound:SlimeTap+1","Slimebound:GoopSpray+1","Slimebound:FirmFortitude+1","Slimebound:SpikyOuterGoop+1","Slimebound:OozeBath+1","Slimebound:SamplingLick+1","Slimebound:HauntingLick+1","Decay","Slimebound:SplitBruiser+1","Slimebound:LeechingTouch","Slimebound:SamplingLick+1","expansioncontent:AwakenDeath","Slimebound:SamplingLick+1","Slimebound:PressTheAttack+1","Slimebound:SplitMire+1"],"relics":["Slimebound:AbsorbEndCombat","MealTicket","Unceasing Top","Pocketwatch","CaptainsWheel","Oddly Smooth Stone","Cursed Key","downfall:HeartBlessingGreen","Slimebound:SelfDamagePreventRelic","Toxic Egg 2","Anchor","Bottled Tornado","Black Star","Blue Candle","Bag of Marbles"],"acts_visited":["Exordium","TheCity","TheBeyond"],"potions_floor_usage":[12,15,16,22,25,27,33,36,50,50,50],"damage_taken":[{"damage":4,"enemies":"Cultist","floor":2,"turns":3},{"damage":2,"enemies":"downfall:FleeingMerchant","floor":3,"turns":4},{"damage":7,"enemies":"downfall:FleeingMerchant","floor":5,"turns":4},{"damage":15,"enemies":"Lagavulin","floor":8,"turns":6},{"damage":4,"enemies":"3 Sentries","floor":10,"turns":5},{"damage":5,"enemies":"Jaw Worm","floor":11,"turns":2},{"damage":20,"enemies":"Gremlin Nob","floor":12,"turns":3},{"damage":0,"enemies":"Small Slimes","floor":13,"turns":3},{"damage":2,"enemies":"Blue Slaver","floor":14,"turns":2},{"damage":6,"enemies":"Red Slaver","floor":15,"turns":3},{"damage":24,"enemies":"WA_ARCHETYPE_RETAIN","floor":16,"turns":5},{"damage":3,"enemies":"Spheric Guardian","floor":19,"turns":3},{"damage":11,"enemies":"Centurion and Healer","floor":20,"turns":5},{"damage":7,"enemies":"downfall:FleeingMerchant","floor":21,"turns":4},{"damage":3,"enemies":"Snecko","floor":22,"turns":2},{"damage":7,"enemies":"downfall:FleeingMerchant","floor":23,"turns":4},{"damage":27,"enemies":"Slavers","floor":25,"turns":5},{"damage":9,"enemies":"Book of Stabbing","floor":27,"turns":4},{"damage":0,"enemies":"3 Cultists","floor":28,"turns":4},{"damage":3,"enemies":"Centurion and Healer","floor":29,"turns":3},{"damage":0,"enemies":"Shelled Parasite and Fungi","floor":30,"turns":3},{"damage":0,"enemies":"3 Cultists","floor":32,"turns":2},{"damage":13,"enemies":"IC_MUSHROOM_ARCHETYPE","floor":33,"turns":6},{"damage":0,"enemies":"3 Darklings","floor":37,"turns":4},{"damage":0,"enemies":"3 Shapes","floor":38,"turns":3},{"damage":0,"enemies":"Spire Growth","floor":43,"turns":4},{"damage":1,"enemies":"Jaw Worm Horde","floor":45,"turns":4},{"damage":1,"enemies":"Transient","floor":48,"turns":5},{"damage":8,"enemies":"Writhing Mass","floor":49,"turns":5},{"damage":25,"enemies":"DF_ARCHETYPE_ORBS","floor":50,"turns":7}],"seed_played":"-8131948189832606545","potions_obtained":[{"floor":10,"key":"DuplicationPotion"},{"floor":11,"key":"hexamod:SoulburnPotion"},{"floor":12,"key":"BlessingOfTheForge"},{"floor":14,"key":"Energy Potion"},{"floor":15,"key":"SmokeBomb"},{"floor":20,"key":"SpeedPotion"},{"floor":25,"key":"Weak Potion"},{"floor":28,"key":"Energy Potion"},{"floor":33,"key":"Swift Potion"},{"floor":36,"key":"Fruit Juice"},{"floor":36,"key":"hexamod:SoulburnPotion"}],"is_trial":false,"path_per_floor":["R","M","$","T","$","R","T","E","R","E","M","E","M","M","M","B",null,"R","M","M","$","M","$","T","E","R","E","M","M","M","?","M","B",null,"R","?","M","M","$","?","T","$","M","?","M","R","$","M","M","B",null],"character_chosen":"SLIMEBOUND","items_purchased":["Slimebound:LeadByExample","Slimebound:SelfDamagePreventRelic","Slimebound:Schlurp","Slimebound:HauntingLick+1","Slimebound:SplitBruiser+1","Slimebound:LeechingTouch","Slimebound:SlimyTonguePotion"],"campfire_rested":0,"item_purchase_floors":[23,23,23,39,42,42,47],"current_hp_per_floor":[71,69,71,71,70,70,70,60,60,64,61,45,57,65,69,53,71,71,70,71,71,70,71,71,60,60,67,71,71,71,71,71,71,71,71,76,76,76,76,71,71,76,76,76,76,76,76,76,74,58],"gold":46,"neow_bonus":"TEN_PERCENT_HP_BONUS","is_daily":false,"chose_seed":false,"campfire_upgraded":7,"win_rate":0.0,"timestamp":1611999670,"path_taken":["R","M","$","?","?","R","T","E","R","E","M","E","M","?","M","BOSS","R","?","M","$","M","$","T","E","R","E","M","M","M","?","M","BOSS","R","?","?","M","$","?","T","$","M","?","M","R","$","M","M","BOSS"],"items_purchased_type":["Card","Relic","Card","Card","Card","Card","Potion"],"build_version":"2020-12-22","purchased_purges":4,"victory":true,"max_hp_per_floor":[71,71,71,71,71,71,71,71,71,71,71,71,71,71,71,71,71,71,71,71,71,71,71,71,71,71,71,71,71,71,71,71,71,71,71,76,76,76,76,76,76,76,76,76,76,76,76,76,76,76],"card_choices":[{"not_picked":["Slimebound:SlimeSpikes","Slimebound:BestDefense"],"picked":"Slimebound:RollThrough","floor":2},{"not_picked":["Slimebound:HauntingLick","Slimebound:GoopTackle"],"picked":"Slimebound:SplitLeeching","floor":3},{"not_picked":["Slimebound:GoopTackle","Slimebound:PrepareCrush"],"picked":"Slimebound:SplitMire","floor":5},{"not_picked":["Slimebound:Schlurp","Slimebound:Equalize"],"picked":"Slimebound:Repurpose","floor":8},{"not_picked":["Slimebound:SamplingLick","Slimebound:SlimeSpikes"],"picked":"Slimebound:ComboTackle","floor":10},{"not_picked":["Slimebound:Nibble","Slimebound:PressTheAttack"],"picked":"Slimebound:Equalize","floor":11},{"not_picked":["Slimebound:LivingWall","Slimebound:Equalize"],"picked":"Slimebound:HauntingLick","floor":12},{"not_picked":["Slimebound:LivingWall","Slimebound:SlimeBarrage"],"picked":"Slimebound:SlimeTap","floor":13},{"not_picked":["Slimebound:LeechingTouch","Slimebound:ComboTackle","Slimebound:FinishingTackle"],"picked":"SKIP","floor":14},{"not_picked":["Slimebound:ItLooksTasty","Slimebound:SlimeSpikes","Slimebound:SamplingLick"],"picked":"SKIP","floor":15},{"not_picked":["Slimebound:WasteNot","Slimebound:LeechLife"],"picked":"Slimebound:MinionMaster","floor":16},{"not_picked":["Slimebound:GoopTackle","Slimebound:LivingWall"],"picked":"Slimebound:SplitLeeching","floor":19},{"not_picked":["Slimebound:FormOfPuddle","Slimebound:RollThrough"],"picked":"Slimebound:LeechEnergy+1","floor":20},{"not_picked":["Slimebound:Dissolve","Slimebound:RollThrough"],"picked":"Slimebound:ComboTackle","floor":21},{"not_picked":["Slimebound:FinishingTackle","Slimebound:LeechEnergy+1"],"picked":"Slimebound:SplitMire+1","floor":23},{"not_picked":["Slimebound:HauntingLick+1","Slimebound:LeadByExample"],"picked":"Slimebound:MegaLick+1","floor":25},{"not_picked":["Slimebound:SplitMire+1","Slimebound:ProtectTheBoss"],"picked":"Slimebound:SlimeTap+1","floor":27},{"not_picked":["Slimebound:GrowthPunch","Slimebound:SplitMire+1"],"picked":"Slimebound:GoopSpray+1","floor":28},{"not_picked":["Slimebound:SplitLeeching+1","Slimebound:SamplingLick+1","Slimebound:LeechingTouch"],"picked":"SKIP","floor":29},{"not_picked":["Slimebound:RollThrough+1","Slimebound:Equalize"],"picked":"Slimebound:FirmFortitude+1","floor":30},{"not_picked":["Slimebound:SlimeTap+1","Slimebound:LivingWall+1"],"picked":"Slimebound:SpikyOuterGoop+1","floor":32},{"not_picked":["Slimebound:MinionMaster","Slimebound:DuplicatedForm"],"picked":"Slimebound:OozeBath+1","floor":33},{"not_picked":["Slimebound:ForwardTackle","Slimebound:GrowthPunch+1"],"picked":"Slimebound:SamplingLick+1","floor":37},{"not_picked":["Slimebound:RainOfGoop+1","Slimebound:LevelUp+1","Slimebound:SlimeSpikes+1"],"picked":"SKIP","floor":38},{"not_picked":["Slimebound:SplitBruiser+1","Slimebound:GoopSpray+1"],"picked":"Slimebound:SamplingLick+1","floor":43},{"not_picked":["expansioncontent:LastStand","expansioncontent:HyperBeam"],"picked":"expansioncontent:AwakenDeath","floor":44},{"not_picked":["Slimebound:ViciousTackle","Slimebound:ItLooksTasty+1"],"picked":"Slimebound:SamplingLick+1","floor":45},{"not_picked":["Slimebound:Dissolve+1","Slimebound:BestDefense"],"picked":"Slimebound:PressTheAttack+1","floor":48},{"not_picked":["Slimebound:FormOfPuddle+1","Slimebound:SplitBruiser+1"],"picked":"Slimebound:SplitMire+1","floor":49}],"player_experience":130865,"relics_obtained":[{"floor":4,"key":"MealTicket"},{"floor":7,"key":"Unceasing Top"},{"floor":8,"key":"Pocketwatch"},{"floor":10,"key":"CaptainsWheel"},{"floor":12,"key":"Oddly Smooth Stone"},{"floor":24,"key":"Toxic Egg 2"},{"floor":25,"key":"Anchor"},{"floor":27,"key":"Bottled Tornado"},{"floor":41,"key":"Bag of Marbles"}],"event_choices":[{"damage_healed":0,"gold_gain":0,"player_choice":"Got Potions","damage_taken":0,"max_hp_gain":0,"max_hp_loss":0,"event_name":"Lab","floor":36,"gold_loss":0}],"is_beta":false,"boss_relics":[{"not_picked":["Busted Crown","Velvet Choker"],"picked":"Cursed Key"},{"not_picked":["Calling Bell","Runic Dome"],"picked":"Black Star"}],"items_purged_floors":[3,21,23,39],"is_endless":false,"potions_floor_spawned":[10,11,12,14,15,20,22,25,28,33,37,49],"ascension_level":0}}