{"host":"xkmvu47k9fdstweo","time":1611972302,"event":{"mods":["BaseMod","Colored Map","Conspire","HololiveMod","Hubris","Minty Spire (QoL Compilation)","Quick Restart","Shop Mod","StSLib"],"gold_per_floor":[82,82,94,105,26,26,55,55,133,144,144,94,94,64,64,169,169,179,279,279,56,68,68,95,107,107,107,107,122,136,136,136],"floor_reached":31,"language":"ENG","playtime":757,"items_purged":[],"score":394,"play_id":"1236c53d-0e70-4a0b-ad72-7803f315373d","local_time":"20210129210502","is_ascension_mode":true,"campfire_choices":[{"data":"Hololive_Breathe","floor":6,"key":"SMITH"},{"data":"Hololive_Breathe","floor":8,"key":"SMITH"},{"data":"Hololive_CallNatsuiroMatsuri","floor":13,"key":"SMITH"},{"data":"Hololive_CallDoris","floor":15,"key":"SMITH"},{"data":"Hololive_HuntDinosaur","floor":23,"key":"SMITH"},{"data":"Hololive_HuntDinosaur","floor":28,"key":"SMITH"}],"circlet_count":0,"master_deck":["Hololive_Breathe+1","Hololive_CallAyundaRisu","Hololive_CallShiroganeNoel+1","Hololive_CallFriendA","Hololive_CallShiroganeNoel+1","Hololive_CallDoris+1","Hololive_FlyingPonyTail","Hololive_Breathe+1","Hololive_CallNatsuiroMatsuri+1","Hololive_CallTsunomakiWatame","Hololive_HuntDinosaur","Hololive_HuntDinosaur+1","Hololive_IdolExercise","Hololive_CallTokoyamiTowa+1","Hololive_LuckPotion","Sadistic Nature","Hololive_FlyingPonyTail","Hololive_HuntDinosaur+1","Hololive_LuckPotion+1","Hololive_CallYukihanaLamy","Hololive_CallAiraniIofifteen"],"relics":["Hololive_TheStar","Unceasing Top","conspire:DecoderRing","conspire:Dentures","Empty Cage","Hololive_FriedShrimpLion","hubris:Zylophone"],"acts_visited":["Exordium","TheCity"],"potions_floor_usage":[24],"damage_taken":[{"damage":0,"enemies":"Cultist","floor":1,"turns":2},{"damage":0,"enemies":"2 Louse","floor":3,"turns":2},{"damage":0,"enemies":"conspire:RoseBush","floor":4,"turns":2},{"damage":0,"enemies":"Lagavulin","floor":7,"turns":4},{"damage":0,"enemies":"Looter","floor":10,"turns":2},{"damage":0,"enemies":"Slime Boss","floor":16,"turns":5},{"damage":0,"enemies":"Chosen","floor":18,"turns":3},{"damage":0,"enemies":"Spheric Guardian","floor":22,"turns":3},{"damage":11,"enemies":"Slavers","floor":24,"turns":5},{"damage":0,"enemies":"Snecko","floor":25,"turns":3},{"damage":15,"enemies":"Centurion and Healer","floor":29,"turns":4},{"damage":6,"enemies":"3 Cultists","floor":30,"turns":4},{"damage":4,"enemies":"Shelled Parasite and Fungi","floor":31,"turns":2}],"seed_played":"-7455404126433577738","potions_obtained":[{"floor":10,"key":"EssenceOfSteel"},{"floor":18,"key":"GamblersBrew"},{"floor":25,"key":"Fire Potion"}],"is_trial":false,"path_per_floor":["M","T","M","M","$","R","E","R","T","M","?","?","R","?","R","B",null,"M","?","$","$","M","R","E","M","T","?","R","M","M","M"],"character_chosen":"Hololive_HololiveCharacter","items_purchased":["Hololive_CallTsunomakiWatame","Hololive_LuckPotion","Sadistic Nature"],"campfire_rested":0,"item_purchase_floors":[5,21,21],"current_hp_per_floor":[35,35,35,35,35,35,35,35,35,35,28,28,28,28,28,28,35,35,35,35,35,35,35,24,24,24,24,24,9,3,0,0],"gold":136,"neow_bonus":"UPGRADE_CARD","is_daily":false,"chose_seed":false,"campfire_upgraded":6,"win_rate":0.0,"timestamp":1611972302,"path_taken":["M","?","M","M","$","R","E","R","T","M","?","?","R","?","R","BOSS","M","?","?","$","M","R","E","M","T","?","R","M","M","M"],"items_purchased_type":["Card","Card","Card"],"build_version":"2020-12-22","purchased_purges":0,"victory":false,"max_hp_per_floor":[35,35,35,35,35,35,35,35,35,35,35,35,35,35,35,35,35,35,35,35,35,35,35,35,35,35,35,35,35,35,35,35],"card_choices":[{"not_picked":["Hololive_StrengthChampion","Hololive_CallFriendA","Hololive_Sequa"],"picked":"Hololive_FlyingPonyTail","floor":1},{"not_picked":["Hololive_Drill","Hololive_LuckPotion","Hololive_CocoNews"],"picked":"Hololive_Breathe","floor":3},{"not_picked":["Hololive_OvertimeWork","Hololive_Trident","Hololive_Sequa"],"picked":"Hololive_CallNatsuiroMatsuri","floor":4},{"not_picked":["Hololive_ILoveYou","Hololive_Nanodesu","Hololive_CallTsunomakiWatame"],"picked":"Hololive_HuntDinosaur","floor":7},{"not_picked":["Hololive_Drill","Hololive_Sequa","Hololive_StrengthChampion"],"picked":"Hololive_HuntDinosaur","floor":10},{"not_picked":["Hololive_Nanodesu","Hololive_ASMR","Hololive_OpenUp"],"picked":"Hololive_IdolExercise","floor":16},{"not_picked":["Hololive_RevenueBasedLive","Hololive_CallUruhaRushia","Hololive_CocoNews"],"picked":"Hololive_CallTokoyamiTowa+1","floor":18},{"not_picked":["Hololive_StrengthChampion","Hololive_CallAmaneKanata","Hololive_Trident+1"],"picked":"Hololive_FlyingPonyTail","floor":22},{"not_picked":["Hololive_Rebound+1","Hololive_Sequa","Hololive_OvertimeWork"],"picked":"Hololive_HuntDinosaur","floor":24},{"not_picked":["Hololive_OvertimeWork","Hololive_CocoNews+1","Hololive_CallOkamiMio"],"picked":"Hololive_LuckPotion+1","floor":25},{"not_picked":["Hololive_Trident","Hololive_HighAtkLowDef","Hololive_Psychosis"],"picked":"Hololive_CallYukihanaLamy","floor":29},{"not_picked":["Hololive_CallAZKi","Hololive_CallOzoraSubaru+1","Hololive_CallSakuraMiko"],"picked":"Hololive_CallAiraniIofifteen","floor":30}],"player_experience":320272,"relics_obtained":[{"floor":2,"key":"Unceasing Top"},{"floor":7,"key":"conspire:DecoderRing"},{"floor":9,"key":"conspire:Dentures"},{"floor":24,"key":"Hololive_FriedShrimpLion"},{"floor":26,"key":"hubris:Zylophone"}],"event_choices":[{"damage_healed":0,"gold_gain":0,"player_choice":"Entered Light","damage_taken":7,"max_hp_gain":0,"max_hp_loss":0,"event_name":"Shining Light","floor":11,"gold_loss":0,"cards_upgraded":["Hololive_Strike","Hololive_CallShiroganeNoel"]},{"cards_removed":["Hololive_Strike"],"damage_healed":0,"gold_gain":0,"player_choice":"Card Removal","damage_taken":0,"max_hp_gain":0,"max_hp_loss":0,"event_name":"The Cleric","floor":12,"gold_loss":50},{"damage_healed":0,"gold_gain":0,"player_choice":"Left Gold","damage_taken":0,"max_hp_gain":0,"max_hp_loss":0,"event_name":"World of Goop","floor":14,"gold_loss":30},{"damage_healed":0,"gold_gain":100,"player_choice":"Pray","damage_taken":0,"max_hp_gain":0,"max_hp_loss":0,"event_name":"Golden Shrine","floor":19,"gold_loss":0},{"cards_removed":["Hololive_Defend"],"damage_healed":0,"gold_gain":0,"player_choice":"Elegance","damage_taken":0,"max_hp_gain":0,"max_hp_loss":0,"event_name":"Back to Basics","floor":27,"gold_loss":0}],"is_beta":false,"boss_relics":[{"not_picked":["Hololive_ChaosS","conspire:SlowCooker"],"picked":"Empty Cage"}],"items_purged_floors":[],"is_endless":false,"potions_floor_spawned":[10,18,25],"killed_by":"Shelled Parasite and Fungi","ascension_level":4}}