{"host":"srv5asjf43cuzsar","time":1611970894,"event":{"mods":["2.2 Compatiblity","A Magickal Journey","AchievementEnabler","Act Like it!","Astrologer","Bartender","BaseMod","Best Route Mod","Better Third Choice","Card Forge","CatGirl Mod","Clockwork Mod","Conspire","Downfall","Duelist Mod","Friendly Minions","GifTheSpireLib","Halation","Hallownest","Hermit","Hubris","Infinite Spire","Jorbs\u0027s Wanderer Trilogy","Luminous","Mad Scientist","Magitek Elite","Marisa????????","Minty Spire (QoL Compilation)","Pale of the Ancients","Random Character Button","Replay The Spire","StSLib","The Alterego","The Animator","The Construct","The Cursed","The Druid","The Exalted","The Judge","The Jungle","The Mystic","The Necromancer","The Poker Player","The Runesmith","The Saiyan","The Senshi","The Servant 0.9.4","TheBandit","TheSwordswoman"],"gold_per_floor":[99,115,5,15,15,48,48,48,74,108,128,153,166,166,186,282,282,182,192,207,207,220,251,251,251,270,285,295,295,17,17,33,128,128,128,147,164,180,197,197,266,283,283,283,111,129,77,77,143,143],"floor_reached":51,"language":"ENG","playtime":4218,"items_purged":[],"score":818,"play_id":"bd61876d-25b8-47c2-b85e-5ba5aead33a1","local_time":"20210130014134","is_ascension_mode":false,"campfire_choices":[{"floor":1,"key":"REST"},{"data":"Guardian:GatlingBeam","floor":18,"key":"SMITH"},{"floor":25,"key":"REST"},{"floor":35,"key":"DIG"},{"floor":40,"key":"REST"}],"circlet_count":0,"master_deck":["Guardian:Strike_Guardian+1","Guardian:Strike_Guardian+1","Guardian:Strike_Guardian+1","Guardian:Defend_Guardian+1","Guardian:Defend_Guardian+1","Guardian:Defend_Guardian+1","Guardian:Defend_Guardian+1","Guardian:CurlUp+1","Guardian:TwinSlam+1","Guardian:CompilePackage+1","Guardian:DonusPower+1","Guardian:VentSteam+1","Guardian:PrimingBeam+1","Guardian:ChargeCore+1","Guardian:ConstructionForm+1","Guardian:TimeSifter+1","Guardian:Reroute+1","Guardian:TemporalStrike+1","Guardian:ExploitGems+1","Guardian:FloatingOrbs+1","Guardian:GatlingBeam+1","Guardian:ShieldCharger+1","Guardian:Incinerate+1","Guardian:RollAttack+1","Guardian:RevengeProtocol+1","Guardian:EvasiveProtocol+1","Guardian:ArmoredProtocol+1","expansioncontent:StudyTheSpire+1","Guardian:PrimingBeam+1","Guardian:StasisField+1","Guardian:Suspension+1","Guardian:TimeCapacitor+1","Guardian:TimeCapacitor+1","Guardian:PolyBeam+1","Guardian:FloatingOrbs+1","Guardian:MultiBeam+1","Guardian:CrystalBeam+1"],"relics":["Guardian:ModeShifter","Hammer of Thor","Seething Fire","Anvil of the Gods","conspire:GiftBox","Replay:Accelerometer","hubris:SphereOfDissonance","halation:TwoAmDonut","Oddly Smooth Stone","Boot","Guardian:StasisSlotReductionRelic","downfall:HeartBlessingGreen","Mango","Onion Ring","alterego_mod:SomeoneToFightFor","Bromod:ArcaneEnergize","Lantern","hubris:MobiusCoin","hubris:Icosahedron","CaptainsWheel","Snack Pack"],"acts_visited":["Hallownest:Greenpath","TheCity","TheBeyond"],"potions_floor_usage":[16,33,33,33,42,46,50,50],"damage_taken":[{"damage":0,"enemies":"Hallownest:monsterHuskGuard","floor":2,"turns":4},{"damage":0,"enemies":"downfall:FleeingMerchant","floor":3,"turns":4},{"damage":0,"enemies":"Hallownest:monsterHuskWarrior","floor":4,"turns":2},{"damage":0,"enemies":"Hallownest:eliteVengeflyKing","floor":6,"turns":5},{"damage":10,"enemies":"Hallownest:eliteCrystalGuardian","floor":9,"turns":6},{"damage":0,"enemies":"conspire:MimicChest","floor":10,"turns":6},{"damage":0,"enemies":"2_ Uuma","floor":11,"turns":2},{"damage":0,"enemies":"Hallownest:eliteVengeflyKing","floor":12,"turns":6},{"damage":0,"enemies":"Hallownest:Wandering_and_Horned","floor":13,"turns":1},{"damage":15,"enemies":"Hallownest:1_Baldur_1_Crawlid_1_Warrior","floor":15,"turns":4},{"damage":8,"enemies":"DF_ARCHETYPE_STREAMLINE","floor":16,"turns":5},{"damage":0,"enemies":"Spheric Guardian","floor":19,"turns":3},{"damage":4,"enemies":"Centurion and Healer","floor":20,"turns":5},{"damage":5,"enemies":"Snake Plant","floor":22,"turns":3},{"damage":24,"enemies":"Replay:Snechameleon","floor":23,"turns":4},{"damage":0,"enemies":"conspire:HollyBat","floor":26,"turns":6},{"damage":0,"enemies":"3 Cultists","floor":27,"turns":1},{"damage":0,"enemies":"Snecko","floor":28,"turns":2},{"damage":0,"enemies":"downfall:FleeingMerchant","floor":30,"turns":4},{"damage":22,"enemies":"Centurion and Healer","floor":32,"turns":3},{"damage":11,"enemies":"IC_MUSHROOM_ARCHETYPE","floor":33,"turns":7},{"damage":7,"enemies":"3 Shapes","floor":36,"turns":4},{"damage":0,"enemies":"3 Darklings","floor":37,"turns":5},{"damage":7,"enemies":"Writhing Mass","floor":38,"turns":5},{"damage":0,"enemies":"Maw","floor":39,"turns":6},{"damage":18,"enemies":"4 Shapes","floor":42,"turns":7},{"damage":4,"enemies":"downfall:FleeingMerchant","floor":45,"turns":3},{"damage":0,"enemies":"3 Darklings","floor":46,"turns":5},{"damage":0,"enemies":"Sphere and 2 Shapes","floor":49,"turns":4},{"damage":23,"enemies":"SI_POISON_ARCHETYPE","floor":50,"turns":6}],"seed_played":"-7945732195996498290","potions_obtained":[{"floor":2,"key":"AttackPotion"},{"floor":4,"key":"Guardian:BlockOnCardUsePotion"},{"floor":6,"key":"EssenceOfSteel"},{"floor":11,"key":"LiquidBronze"},{"floor":19,"key":"sneckomod:MuddlingPotion"},{"floor":20,"key":"PowerPotion"},{"floor":37,"key":"AttackPotion"},{"floor":46,"key":"Guardian:DefensiveModePotion"},{"floor":49,"key":"SkillPotion"}],"is_trial":false,"path_per_floor":["R","M","$","M","?","E","T","?","E","?","M","E","M","?","M","B",null,"R","M","M","?","M","E","T","R","M","M","M","?","$","?","M","B",null,"R","M","M","M","M","R","T","M","?","?","$","M","$","T","M","B",null],"character_chosen":"GUARDIAN","items_purchased":["Guardian:VentSteam","Guardian:PrimingBeam","expansioncontent:StudyTheSpire","Panacea","Slimebound:ThreeZeroPotion","CaptainsWheel","Guardian:PolyBeam","Guardian:FloatingOrbs","SkillPotion"],"campfire_rested":3,"item_purchase_floors":[3,3,30,30,45,45,45,45,47],"current_hp_per_floor":[80,80,80,80,80,80,80,80,70,70,70,70,70,70,55,47,80,80,80,76,76,71,61,61,89,89,89,89,89,89,89,67,56,94,94,87,87,80,80,94,94,76,76,76,72,72,72,72,78,65],"gold":143,"neow_bonus":"ONE_RARE_RELIC","is_daily":false,"chose_seed":false,"campfire_upgraded":1,"win_rate":0.0,"timestamp":1611970894,"path_taken":["R","M","$","M","?","E","T","?","E","?","M","E","?","?","M","BOSS","R","M","M","?","M","E","T","R","M","M","?","?","$","?","M","BOSS","R","M","M","M","?","R","T","M","?","?","$","M","?","?","M","BOSS"],"items_purchased_type":["Card","Card","Card","Card","Potion","Relic","Card","Card","Potion"],"build_version":"2020-12-22","purchased_purges":0,"victory":true,"max_hp_per_floor":[80,80,80,80,80,80,80,80,80,80,80,80,80,80,80,80,80,80,80,80,80,80,94,94,94,94,94,94,94,94,94,94,94,94,94,94,94,94,94,94,94,94,94,94,94,94,94,94,94,94],"card_choices":[{"not_picked":["Guardian:FierceBash","Guardian:StasisField"],"picked":"Guardian:CompilePackage","floor":0},{"not_picked":["Guardian:SpikerProtocol","Guardian:Planning"],"picked":"Guardian:DonusPower","floor":2},{"not_picked":["Guardian:StasisEngine","Guardian:ChargeUp"],"picked":"Guardian:Gem_Fragmented","floor":3},{"not_picked":["Guardian:SpikerProtocol","Guardian:VentSteam"],"picked":"Guardian:ChargeCore","floor":4},{"not_picked":["Guardian:WalkerClaw","Guardian:Harden"],"picked":"Guardian:TimeSifter","floor":6},{"not_picked":["Guardian:Repulse","Guardian:DecasProtection"],"picked":"Guardian:Gem_Green","floor":9},{"not_picked":["Guardian:TemporalShield","Guardian:CrystalBeam"],"picked":"Guardian:Reroute","floor":10},{"not_picked":["Guardian:Reroute","Guardian:ChargeCore"],"picked":"Guardian:TemporalStrike","floor":11},{"not_picked":["Guardian:WalkerClaw","Guardian:TemporalStrike"],"picked":"Guardian:ExploitGems","floor":12},{"not_picked":["Guardian:Gem_Green","Guardian:TemporalStrike"],"picked":"Guardian:Gem_Red","floor":13},{"not_picked":["Guardian:GuardianWhirl","Guardian:Planning"],"picked":"Guardian:FloatingOrbs","floor":15},{"not_picked":["Guardian:GemFinder","Guardian:TimeSifter"],"picked":"Guardian:GatlingBeam","floor":16},{"not_picked":["Guardian:FloatingOrbs","Guardian:VentSteam+1"],"picked":"Guardian:ShieldCharger","floor":19},{"not_picked":["Guardian:ChargeCore+1","Guardian:Suspension"],"picked":"Guardian:Incinerate+1","floor":20},{"not_picked":["Guardian:ChargeCore","Guardian:VentSteam"],"picked":"Guardian:RollAttack+1","floor":22},{"not_picked":["Guardian:SentryBeam","Guardian:Reroute"],"picked":"Guardian:RevengeProtocol","floor":23},{"not_picked":["Guardian:WalkerClaw+1","Guardian:RollAttack"],"picked":"Guardian:EvasiveProtocol+1","floor":26},{"not_picked":["Guardian:TemporalStrike+1","Guardian:PrismaticBeam"],"picked":"Guardian:ArmoredProtocol+1","floor":27},{"not_picked":["Guardian:ShieldCharger+1","Guardian:BodySlam","Guardian:Preprogram"],"picked":"SKIP","floor":28},{"not_picked":["Guardian:RevengeProtocol","Guardian:TemporalShield+1"],"picked":"Guardian:Gem_Lightblue","floor":30},{"not_picked":["Guardian:PrismaticBeam","Guardian:Planning+1"],"picked":"Guardian:Gem_Cyan","floor":32},{"not_picked":["Guardian:AncientConstruct","Guardian:FierceBash"],"picked":"Guardian:StasisField","floor":33},{"not_picked":["Guardian:TimeBomb","Guardian:RollAttack"],"picked":"Guardian:Suspension","floor":36},{"not_picked":["Guardian:ShieldCharger","Guardian:ConstructionForm"],"picked":"Guardian:Gem_Fragmented","floor":37},{"not_picked":["Guardian:Planning","Guardian:ShieldCharger+1"],"picked":"Guardian:Gem_Cyan","floor":38},{"not_picked":["Guardian:PiercingHide","Guardian:ChargeCore"],"picked":"Guardian:Gem_Blue","floor":39},{"not_picked":["Guardian:TemporalStrike","Guardian:Reroute"],"picked":"Guardian:TimeCapacitor+1","floor":42},{"not_picked":["Guardian:TimeBomb","Guardian:TemporalStrike"],"picked":"Guardian:TimeCapacitor+1","floor":45},{"not_picked":["Guardian:Planning+1","Guardian:BronzeOrb+1"],"picked":"Guardian:MultiBeam+1","floor":46},{"not_picked":["Guardian:PrismaticBarrier+1","Guardian:SentryBeam+1"],"picked":"Guardian:CrystalBeam+1","floor":49}],"player_experience":558055,"relics_obtained":[{"floor":6,"key":"Replay:Accelerometer"},{"floor":7,"key":"hubris:SphereOfDissonance"},{"floor":9,"key":"halation:TwoAmDonut"},{"floor":10,"key":"Oddly Smooth Stone"},{"floor":12,"key":"Boot"},{"floor":23,"key":"Mango"},{"floor":24,"key":"Onion Ring"},{"floor":35,"key":"Lantern"},{"floor":41,"key":"hubris:MobiusCoin"},{"floor":48,"key":"Snack Pack"}],"event_choices":[{"damage_healed":0,"gold_gain":0,"player_choice":"Leave","damage_taken":0,"max_hp_gain":0,"max_hp_loss":0,"event_name":"conspire:Investor","floor":14,"gold_loss":0},{"damage_healed":0,"gold_gain":0,"player_choice":"Choice 2","damage_taken":0,"relics_obtained":["alterego_mod:SomeoneToFightFor"],"max_hp_gain":0,"max_hp_loss":0,"event_name":"Secret Garden","floor":29,"gold_loss":0},{"cards_removed":["Panacea"],"damage_healed":0,"gold_gain":0,"player_choice":"Removed Skill","damage_taken":0,"max_hp_gain":0,"max_hp_loss":0,"event_name":"Falling","floor":44,"gold_loss":0}],"is_beta":false,"boss_relics":[{"not_picked":["halation:PinkAlligatorPlush","Replay:Fungal Core"],"picked":"Guardian:StasisSlotReductionRelic"},{"not_picked":["conspire:RunicOctahedron","Ring of Chaos"],"picked":"Bromod:ArcaneEnergize"}],"items_purged_floors":[],"is_endless":false,"potions_floor_spawned":[2,4,6,9,11,16,19,20,23,27,32,37,46,49],"ascension_level":0}}