{"host":"nnmmiiw4bez2c8ei","time":1611983712,"event":{"mods":["AchievementEnabler","BaseMod","Colored Map","Colored Powertips","Minty Spire (QoL Compilation)","Rare Cards Sparkle","StSLib"],"gold_per_floor":[115,115,190,207,207,240,240,303,382,382,382,382,109,184,184,287,287,306,231,231,248,83,83,117,129,129,155,181,181,181],"floor_reached":29,"language":"KOR","playtime":977,"items_purged":["Strike_R"],"score":381,"play_id":"52508d58-1df1-4639-8221-74d588bee9a2","local_time":"20210130141512","is_ascension_mode":true,"campfire_choices":[{"data":"Evolve","floor":7.0,"key":"SMITH"},{"data":"Inflame","floor":10.0,"key":"SMITH"},{"data":"Clash","floor":12.0,"key":"SMITH"},{"floor":15.0,"key":"REST"},{"floor":23.0,"key":"REST"}],"circlet_count":0,"master_deck":["Strike_R","Defend_R","Bash","Clash+1","Evolve+1","Inflame+1","Shrug It Off","Thunderclap","Flex","Demon Form","Clash+1","Limit Break+1","Clothesline+1","Body Slam+1","Second Wind","Panache","Barricade","Reckless Charge","Pummel"],"relics":["Burning Blood","NeowsBlessing","Blood Vial","Pen Nib","Lantern","Blue Candle","Medical Kit","Astrolabe","Ornamental Fan","Lizard Tail","Toxic Egg 2","Red Mask","Kunai"],"acts_visited":["Exordium","TheCity"],"potions_floor_usage":[],"damage_taken":[{"damage":0.0,"enemies":"2 Louse","floor":1.0,"turns":1.0},{"damage":0.0,"enemies":"Jaw Worm","floor":4.0,"turns":1.0},{"damage":0.0,"enemies":"Lagavulin","floor":6.0,"turns":1.0},{"damage":19.0,"enemies":"3 Sentries","floor":8.0,"turns":10.0},{"damage":59.0,"enemies":"Slime Boss","floor":16.0,"turns":10.0},{"damage":33.0,"enemies":"2 Thieves","floor":18.0,"turns":3.0},{"damage":20.0,"enemies":"Shell Parasite","floor":21.0,"turns":4.0},{"damage":36.0,"enemies":"Book of Stabbing","floor":24.0,"turns":4.0},{"damage":5.0,"enemies":"Shelled Parasite and Fungi","floor":25.0,"turns":3.0},{"damage":40,"enemies":"Masked Bandits","floor":27,"turns":5},{"damage":38,"enemies":"Gremlin Leader","floor":28,"turns":6},{"damage":11,"enemies":"Centurion and Healer","floor":29,"turns":2}],"seed_played":"3219898733709812150","potions_obtained":[{"floor":16.0,"key":"Strength Potion"},{"floor":18.0,"key":"DistilledChaos"},{"floor":24.0,"key":"SmokeBomb"},{"floor":28,"key":"Ancient Potion"}],"is_trial":false,"path_per_floor":["M","?","?","M","?","E","R","?","T","R","?","R","$","?","R","B",null,"M","?","?","M","$","R","E","M","T","?","E","M"],"character_chosen":"IRONCLAD","items_purchased":["Flex","Medical Kit","Panache"],"campfire_rested":2,"item_purchase_floors":[13,13,22],"current_hp_per_floor":[80,80,72,78,75,80,80,67,67,67,60,60,60,49,73,22,66,41,41,41,29,29,53,25,28,28,46,16,7,7],"gold":181,"neow_bonus":"THREE_ENEMY_KILL","is_daily":false,"chose_seed":false,"campfire_upgraded":3,"win_rate":0.0,"timestamp":1611983712,"path_taken":["M","?","?","?","?","E","R","?","T","R","?","R","$","?","R","BOSS","M","?","?","M","?","R","E","?","T","?","E","M"],"items_purchased_type":["Card","Relic","Card"],"build_version":"2020-12-22","purchased_purges":1,"victory":false,"max_hp_per_floor":[80,80,80,80,80,80,80,80,80,80,80,80,80,80,80,80,80,80,80,80,80,80,80,80,80,80,80,80,80,80],"card_choices":[{"not_picked":["Perfected Strike","Rage"],"picked":"Clash","floor":1.0},{"not_picked":["Twin Strike","Perfected Strike"],"picked":"Inflame","floor":4.0},{"not_picked":["True Grit","Havoc"],"picked":"Shrug It Off","floor":6.0},{"not_picked":["True Grit","Havoc"],"picked":"Thunderclap","floor":8.0},{"not_picked":["Juggernaut","Fiend Fire"],"picked":"Demon Form","floor":16.0},{"not_picked":["Heavy Blade","Hemokinesis"],"picked":"Body Slam+1","floor":18.0},{"not_picked":["Flex","Dropkick"],"picked":"Second Wind","floor":21.0},{"not_picked":["Dual Wield","Disarm"],"picked":"Barricade","floor":24.0},{"not_picked":["Shrug It Off","Armaments"],"picked":"Reckless Charge","floor":25.0},{"not_picked":["Clothesline","Body Slam"],"picked":"Pummel","floor":28}],"player_experience":481342,"relics_obtained":[{"floor":6.0,"key":"Pen Nib"},{"floor":8.0,"key":"Lantern"},{"floor":9.0,"key":"Blue Candle"},{"floor":24.0,"key":"Lizard Tail"},{"floor":26.0,"key":"Toxic Egg 2"},{"floor":27,"key":"Red Mask"},{"floor":28,"key":"Kunai"}],"event_choices":[{"damage_healed":0.0,"max_hp_gain":0.0,"max_hp_loss":0.0,"gold_gain":0.0,"cards_transformed":["Strike_R"],"event_name":"Living Wall","player_choice":"Change","floor":2.0,"gold_loss":0.0,"damage_taken":0.0,"cards_obtained":["Evolve"]},{"damage_healed":0.0,"max_hp_gain":0.0,"max_hp_loss":0.0,"gold_gain":75.0,"event_name":"FaceTrader","player_choice":"Touch","floor":3.0,"gold_loss":0.0,"damage_taken":8.0},{"damage_healed":0.0,"max_hp_gain":0.0,"max_hp_loss":0.0,"gold_gain":0.0,"event_name":"Scrap Ooze","player_choice":"Success","floor":5.0,"gold_loss":0.0,"damage_taken":3.0,"relics_obtained":["Blood Vial"]},{"damage_healed":0.0,"max_hp_gain":0.0,"max_hp_loss":0.0,"gold_gain":30.0,"event_name":"Dead Adventurer","player_choice":"Searched \u00272\u0027 times","floor":8.0,"gold_loss":0.0,"damage_taken":0.0},{"cards_removed":["Defend_R"],"damage_healed":0.0,"max_hp_gain":0.0,"max_hp_loss":0.0,"gold_gain":0.0,"event_name":"Golden Wing","player_choice":"Card Removal","floor":11.0,"gold_loss":0.0,"damage_taken":7.0},{"damage_healed":0.0,"max_hp_gain":0.0,"max_hp_loss":0.0,"gold_gain":75.0,"event_name":"World of Goop","player_choice":"Gather Gold","floor":14.0,"gold_loss":0.0,"damage_taken":11.0},{"cards_removed":["Defend_R"],"damage_healed":0.0,"max_hp_gain":0.0,"max_hp_loss":0.0,"gold_gain":0.0,"event_name":"Beggar","player_choice":"Gave Gold","floor":19.0,"gold_loss":75.0,"damage_taken":0.0},{"damage_healed":0.0,"max_hp_gain":0.0,"max_hp_loss":0.0,"gold_gain":0.0,"event_name":"The Mausoleum","player_choice":"Opened","floor":20.0,"gold_loss":0.0,"damage_taken":0.0,"relics_obtained":["Ornamental Fan"]},{"damage_healed":0,"gold_gain":0,"player_choice":"Fought Bandits","damage_taken":0,"max_hp_gain":0,"max_hp_loss":0,"event_name":"Masked Bandits","floor":27,"gold_loss":0}],"is_beta":false,"boss_relics":[{"not_picked":["Calling Bell","Busted Crown"],"picked":"Astrolabe"}],"items_purged_floors":[13],"is_endless":false,"potions_floor_spawned":[16,18,24,28],"killed_by":"Centurion and Healer","ascension_level":5}}