{"host":"nn0usk9aafse27ii","time":1611967005,"event":{"mods":["BaseMod","Colored Map","Highlight Path","Minty Spire (QoL Compilation)","Shop Mod","StSLib"],"gold_per_floor":[114,114,129,229,244,244,274,49,49,49,49,49,49,64,64,164,164,164,164,164,179,194,224,224,254,279,294,309,334,364,388,388,497,497,512,527,527,542,542,542,551,590,590,605,644,644,62,62,62,62],"floor_reached":51,"language":"ENG","playtime":8418,"items_purged":["Malaise"],"score":888,"play_id":"989a7f69-2f6a-4266-b896-d3b19cd9d661","local_time":"20210129163645","daily_mods":["Shiny","ControlledChaos","Lethality"],"is_ascension_mode":false,"campfire_choices":[{"data":"After Image","floor":6.0,"key":"SMITH"},{"floor":10.0,"key":"REST"},{"data":"Adrenaline","floor":12.0,"key":"SMITH"},{"data":"Infinite Blades","floor":15.0,"key":"SMITH"},{"floor":24.0,"key":"REST"},{"floor":32,"key":"REST"},{"data":"Adrenaline","floor":40,"key":"SMITH"},{"data":"After Image","floor":46,"key":"SMITH"},{"data":"Venomology","floor":49,"key":"SMITH"}],"circlet_count":0,"master_deck":["Venomology+1","Corpse Explosion","Phantasmal Killer","Die Die Die","Adrenaline+1","Envenom","Burst","Wraith Form v2","Tools of the Trade","Night Terror","After Image+1","Bullet Time","Storm of Steel","Glass Knife","A Thousand Cuts","Infinite Blades+1","After Image+1","CurseOfTheBell","Adrenaline+1","Deflect","Backstab","Die Die Die","Panacea","Terror+1","Apotheosis+1"],"relics":["Ring of the Snake","Frozen Eye","Akabeko","ClockworkSouvenir","Nunchaku","Meat on the Bone","Calling Bell","Oddly Smooth Stone","Darkstone Periapt","Du-Vu Doll","Enchiridion","CeramicFish","Regal Pillow","Toy Ornithopter","PreservedInsect","MealTicket","Runic Dome","Prayer Wheel","Toxic Egg 2","Snake Skull","Happy Flower","Mercury Hourglass"],"acts_visited":["Exordium","TheCity","TheBeyond"],"potions_floor_usage":[27,27,27,28,33,33,33,33,33,33,33,36,38,38,38,38,38,42,44,45,50,50,50],"damage_taken":[{"damage":1.0,"enemies":"Jaw Worm","floor":1.0,"turns":3.0},{"damage":0.0,"enemies":"Small Slimes","floor":3.0,"turns":2.0},{"damage":0.0,"enemies":"Cultist","floor":5.0,"turns":2.0},{"damage":14.0,"enemies":"Gremlin Nob","floor":7.0,"turns":3.0},{"damage":8.0,"enemies":"Exordium Thugs","floor":14.0,"turns":3.0},{"damage":59.0,"enemies":"Hexaghost","floor":16.0,"turns":5.0},{"damage":0.0,"enemies":"2 Thieves","floor":18.0,"turns":1.0},{"damage":0.0,"enemies":"Spheric Guardian","floor":21.0,"turns":3.0},{"damage":0.0,"enemies":"Snecko","floor":22.0,"turns":3.0},{"damage":12.0,"enemies":"Slavers","floor":23.0,"turns":2.0},{"damage":0.0,"enemies":"Gremlin Leader","floor":25.0,"turns":3.0},{"damage":0,"enemies":"Cultist and Chosen","floor":27,"turns":3},{"damage":0,"enemies":"Shelled Parasite and Fungi","floor":28,"turns":2},{"damage":40,"enemies":"Slavers","floor":30,"turns":2},{"damage":0,"enemies":"Snake Plant","floor":31,"turns":4},{"damage":0,"enemies":"Champ","floor":33,"turns":4},{"damage":0,"enemies":"3 Darklings","floor":35,"turns":3},{"damage":19,"enemies":"3 Shapes","floor":36,"turns":3},{"damage":0,"enemies":"Spire Growth","floor":38,"turns":4},{"damage":0,"enemies":"Reptomancer","floor":42,"turns":3},{"damage":0,"enemies":"Transient","floor":44,"turns":5},{"damage":3,"enemies":"Giant Head","floor":45,"turns":3},{"damage":50,"enemies":"Awakened One","floor":50,"turns":8}],"seed_played":"1138922244981197753","potions_obtained":[{"floor":1.0,"key":"Poison Potion"},{"floor":5.0,"key":"Regen Potion"},{"floor":16.0,"key":"Explosive Potion"},{"floor":22.0,"key":"Swift Potion"},{"floor":23.0,"key":"CultistPotion"},{"floor":30,"key":"Energy Potion"},{"floor":31,"key":"DuplicationPotion"},{"floor":36,"key":"Strength Potion"},{"floor":42,"key":"FearPotion"}],"is_trial":false,"path_per_floor":["M","?","M","?","M","R","E","$","T","R","T","R","?","M","R","B",null,"M","?","?","M","M","E","R","E","T","M","M","T","E","M","R","B",null,"M","M","?","M","?","R","?","E","T","M","E","R","$","?","R","B",null],"character_chosen":"THE_SILENT","items_purchased":["ClockworkSouvenir","Apotheosis+1","Happy Flower","Mercury Hourglass"],"campfire_rested":3,"item_purchase_floors":[8,47,47,47],"current_hp_per_floor":[69,62,62,62,62,62,48,48,48,69,69,69,74,66,66,31,75,75,75,59,59,59,47,69,69,69,75,75,75,47,47,75,75,75,75,61,61,75,75,75,75,75,75,75,75,75,75,85,85,55],"gold":62,"neow_bonus":"","is_daily":true,"chose_seed":false,"campfire_upgraded":6,"win_rate":0.0,"timestamp":1611967005,"path_taken":["M","?","M","?","?","R","E","?","T","R","?","R","?","M","R","BOSS","M","?","?","M","M","E","R","E","T","M","M","?","E","M","R","BOSS","M","M","?","?","?","R","?","E","T","M","E","R","$","?","R","BOSS"],"items_purchased_type":["Relic","Card","Relic","Relic"],"build_version":"2020-12-22","purchased_purges":1,"victory":true,"max_hp_per_floor":[70,70,70,70,70,70,70,70,70,70,70,70,75,75,75,75,75,75,75,75,75,75,75,75,75,75,75,75,75,75,75,75,75,75,75,75,75,75,75,75,75,75,75,75,75,75,75,85,85,85],"card_choices":[{"not_picked":["Masterful Stab","Cloak And Dagger"],"picked":"Infinite Blades","floor":1.0},{"not_picked":["Slice","Acrobatics","Endless Agony"],"picked":"SKIP","floor":3.0},{"not_picked":["Bane","Finisher","PiercingWail"],"picked":"SKIP","floor":5.0},{"not_picked":["Leg Sweep","Quick Slash","Dodge and Roll"],"picked":"SKIP","floor":7.0},{"not_picked":["Choke","Blade Dance","Bane"],"picked":"SKIP","floor":14.0},{"not_picked":["Wraith Form v2","Storm of Steel"],"picked":"After Image","floor":16.0},{"not_picked":["Deadly Poison","Deflect","Predator"],"picked":"SKIP","floor":21.0},{"not_picked":["Cloak And Dagger+1","PiercingWail","Tactician"],"picked":"SKIP","floor":22.0},{"not_picked":["Leg Sweep","Prepared+1","Finisher"],"picked":"SKIP","floor":23.0},{"not_picked":["Bane+1","Expertise","Terror"],"picked":"SKIP","floor":25.0},{"not_picked":["Terror","Catalyst","Distraction"],"picked":"SKIP","floor":27},{"not_picked":["Dagger Spray","Infinite Blades","Backstab"],"picked":"SKIP","floor":28},{"not_picked":["PiercingWail","Dagger Spray","Skewer"],"picked":"SKIP","floor":30},{"not_picked":["Dash+1","Blur"],"picked":"Backstab","floor":31},{"not_picked":["A Thousand Cuts","Burst"],"picked":"Die Die Die","floor":33},{"not_picked":["Flying Knee+1","Sucker Punch","Acrobatics+1"],"picked":"SKIP","floor":35},{"not_picked":["Dodge and Roll+1","Phantasmal Killer","PiercingWail"],"picked":"SKIP","floor":36},{"not_picked":["Cloak And Dagger","Poisoned Stab","Dash"],"picked":"SKIP","floor":38},{"not_picked":["Panache","PanicButton"],"picked":"Panacea","floor":41},{"not_picked":["Bouncing Flask","Storm of Steel"],"picked":"Terror+1","floor":42},{"not_picked":["Bane","Prepared+1","Dagger Throw+1"],"picked":"SKIP","floor":44},{"not_picked":["Dash+1","Catalyst+1","Bouncing Flask+1"],"picked":"SKIP","floor":44},{"not_picked":["Dash","Accuracy+1"],"picked":"Doppelganger+1","floor":45}],"player_experience":464429,"relics_obtained":[{"floor":7.0,"key":"Akabeko"},{"floor":9.0,"key":"Nunchaku"},{"floor":11.0,"key":"Meat on the Bone"},{"floor":17.0,"key":"Oddly Smooth Stone"},{"floor":17.0,"key":"Darkstone Periapt"},{"floor":17.0,"key":"Du-Vu Doll"},{"floor":20.0,"key":"Enchiridion"},{"floor":23.0,"key":"CeramicFish"},{"floor":25.0,"key":"Regal Pillow"},{"floor":26.0,"key":"Toy Ornithopter"},{"floor":29,"key":"PreservedInsect"},{"floor":30,"key":"MealTicket"},{"floor":42,"key":"Prayer Wheel"},{"floor":43,"key":"Toxic Egg 2"},{"floor":45,"key":"Snake Skull"}],"event_choices":[{"cards_removed":["Grand Finale"],"damage_healed":0.0,"max_hp_gain":0.0,"max_hp_loss":0.0,"gold_gain":0.0,"event_name":"Golden Wing","player_choice":"Card Removal","floor":2.0,"gold_loss":0.0,"damage_taken":7.0},{"damage_healed":0.0,"max_hp_gain":0.0,"max_hp_loss":0.0,"gold_gain":100.0,"event_name":"Wheel of Change","player_choice":"Gold","floor":4.0,"gold_loss":0.0,"damage_taken":0.0},{"damage_healed":0.0,"max_hp_gain":5.0,"max_hp_loss":0.0,"gold_gain":0.0,"event_name":"Big Fish","player_choice":"Donut","floor":13.0,"gold_loss":0.0,"damage_taken":0.0},{"damage_healed":0.0,"max_hp_gain":0.0,"max_hp_loss":0.0,"gold_gain":0.0,"cards_transformed":["Doppelganger","Unload"],"event_name":"Drug Dealer","player_choice":"Became Test Subject","floor":19.0,"gold_loss":0.0,"damage_taken":0.0,"cards_obtained":["Adrenaline","Deflect"]},{"damage_healed":0.0,"max_hp_gain":0.0,"max_hp_loss":0.0,"gold_gain":0.0,"event_name":"Cursed Tome","player_choice":"Obtained Book","floor":20.0,"gold_loss":0.0,"damage_taken":16.0},{"damage_healed":0,"gold_gain":0,"player_choice":"Ignored","damage_taken":0,"max_hp_gain":0,"max_hp_loss":0,"event_name":"SecretPortal","floor":37,"gold_loss":0},{"damage_healed":0,"gold_gain":0,"player_choice":"Ignored","damage_taken":0,"max_hp_gain":0,"max_hp_loss":0,"event_name":"Tomb of Lord Red Mask","floor":39,"gold_loss":0},{"damage_healed":0,"gold_gain":0,"player_choice":"Memory 1","damage_taken":0,"max_hp_gain":0,"max_hp_loss":0,"event_name":"SensoryStone","floor":41,"gold_loss":0},{"cards_removed":["Doppelganger"],"damage_healed":0,"gold_gain":0,"player_choice":"Offered Rare","damage_taken":0,"max_hp_gain":10,"max_hp_loss":0,"event_name":"Bonfire Elementals","floor":48,"gold_loss":0}],"is_beta":false,"boss_relics":[{"not_picked":["Ring of the Serpent","WristBlade"],"picked":"Calling Bell"},{"not_picked":["Empty Cage","Tiny House"],"picked":"Runic Dome"}],"items_purged_floors":[8],"is_endless":false,"potions_floor_spawned":[1,5,16,22,23,30,31,36,42],"ascension_level":0}}