{"host":"684z1xpuwaoqmmh1","time":1611985146,"event":{"mods":["BaseMod","Downfall","Hermit","Jorbs\u0027s Wanderer Trilogy","Marisa????????","Minty Spire (QoL Compilation)","Robot Space Explorer","Shade Mod","StSLib","The Bug Knight","The Cursed","The Dragon Tamer","The Hayseed","The Hierophant","The Marked","The Mystic","The Runesmith","The Senshi"],"gold_per_floor":[109,109,128,140,140,173,173,273,297,314,342,360,395,415,415,519,519,539,549,549,563,145,172,172,198,248,276,287,320,344,359,359,461,461,474,69,69,81,81,115,128,128,154,154,154,182,199,224,224,224,224,224,15,46,46],"floor_reached":56,"language":"ENG","playtime":2613,"items_purged":["RobotSpaceExplorer:Strike","RobotSpaceExplorer:Defend"],"score":2116,"play_id":"9401e968-202f-44d4-9f13-8ff476cbf8d9","local_time":"20210130073906","is_ascension_mode":true,"campfire_choices":[{"data":"RobotSpaceExplorer:MiniLasers","floor":7,"key":"SMITH"},{"data":"RobotSpaceExplorer:StarLightning","floor":15,"key":"SMITH"},{"data":"RobotSpaceExplorer:PowerCollector","floor":32,"key":"SMITH"},{"floor":42,"key":"RECALL"},{"data":"RobotSpaceExplorer:Accelerator","floor":44,"key":"SMITH"},{"floor":49,"key":"REST"},{"data":"RobotSpaceExplorer:ToxicBomb","floor":52,"key":"SMITH"}],"circlet_count":0,"master_deck":["AscendersBane","RobotSpaceExplorer:Strike","RobotSpaceExplorer:Defend","RobotSpaceExplorer:Defend+1","RobotSpaceExplorer:Scan","RobotSpaceExplorer:MiniLasers+1","RobotSpaceExplorer:Probe+1","RobotSpaceExplorer:Smokescreen+1","RobotSpaceExplorer:ScrapToss","RobotSpaceExplorer:Probe+1","RobotSpaceExplorer:LuckyStrike","RobotSpaceExplorer:LuckyStrike","RobotSpaceExplorer:LuckyStrike","RobotSpaceExplorer:StarLightning+1","RobotSpaceExplorer:TurboDodge","RobotSpaceExplorer:Accelerator+1","RobotSpaceExplorer:Discharger","RobotSpaceExplorer:DualCore","RobotSpaceExplorer:ScrapMissile","RobotSpaceExplorer:ExhaustFan","RobotSpaceExplorer:DualCore","RobotSpaceExplorer:PlasmaMissile+1","RobotSpaceExplorer:DualCore+1","RobotSpaceExplorer:JunkDive","RobotSpaceExplorer:PowerCollector+1","RobotSpaceExplorer:HighVoltage","RobotSpaceExplorer:StarDust+1","RobotSpaceExplorer:GearShield+1","RobotSpaceExplorer:ToxicBomb+1","RobotSpaceExplorer:Electroshield+1","RobotSpaceExplorer:StarLightning"],"relics":["RobotSpaceExplorer:RoboCore","Art of War","Nunchaku","Vajra","Ornamental Fan","Ice Cream","Black Star","bronze:BronzeIdol","Meat on the Bone","Omamori","Letter Opener","Regal Pillow","Pen Nib","Whetstone","RobotSpaceExplorer:ClockworkSextant","Pear","Blood Vial","Matryoshka","Ancient Tea Set","Strawberry","Calling Bell","Lantern","Singing Bowl","Thread and Needle","Bronze Scales","War Paint","Mummified Hand","Bag of Preparation","Boot","Centennial Puzzle","Dream Catcher","CeramicFish","Guardian:BottledAnomaly","theSenshi:SailorFukuRelic","HollowMod:PaleOreRelic"],"acts_visited":["Exordium","TheCity","TheBeyond","TheEnding"],"potions_floor_usage":[6,11,23,25,29,38,40,55,55,55,55],"damage_taken":[{"damage":4,"enemies":"Small Slimes","floor":1,"turns":4},{"damage":1,"enemies":"2 Louse","floor":3,"turns":5},{"damage":0,"enemies":"Cultist","floor":4,"turns":6},{"damage":23,"enemies":"Gremlin Nob","floor":6,"turns":4},{"damage":0,"enemies":"2 Fungi Beasts","floor":10,"turns":4},{"damage":18,"enemies":"Lagavulin","floor":11,"turns":5},{"damage":0,"enemies":"Blue Slaver","floor":12,"turns":2},{"damage":0,"enemies":"Gremlin Nob","floor":13,"turns":3},{"damage":0,"enemies":"Exordium Wildlife","floor":14,"turns":3},{"damage":0,"enemies":"Slime Boss","floor":16,"turns":7},{"damage":1,"enemies":"Shell Parasite","floor":18,"turns":4},{"damage":0,"enemies":"3 Byrds","floor":19,"turns":4},{"damage":13,"enemies":"Snecko","floor":21,"turns":5},{"damage":1,"enemies":"Book of Stabbing","floor":23,"turns":5},{"damage":0,"enemies":"Gremlin Leader","floor":25,"turns":6},{"damage":3,"enemies":"Book of Stabbing","floor":27,"turns":5},{"damage":14,"enemies":"Snake Plant","floor":28,"turns":5},{"damage":0,"enemies":"Gremlin Leader","floor":29,"turns":6},{"damage":14,"enemies":"Centurion and Healer","floor":31,"turns":4},{"damage":15,"enemies":"Automaton","floor":33,"turns":5},{"damage":4,"enemies":"3 Shapes","floor":35,"turns":2},{"damage":12,"enemies":"3 Darklings","floor":38,"turns":3},{"damage":6,"enemies":"Reptomancer","floor":40,"turns":4},{"damage":0,"enemies":"Maw","floor":41,"turns":5},{"damage":23,"enemies":"Nemesis","floor":46,"turns":4},{"damage":0,"enemies":"4 Shapes","floor":47,"turns":3},{"damage":8,"enemies":"Spire Growth","floor":48,"turns":3},{"damage":11,"enemies":"Time Eater","floor":50,"turns":5},{"damage":16,"enemies":"Shield and Spear","floor":54,"turns":3},{"damage":35,"enemies":"The Heart","floor":55,"turns":6}],"seed_played":"7927040992722285371","potions_obtained":[{"floor":1,"key":"Strength Potion"},{"floor":4,"key":"Regen Potion"},{"floor":6,"key":"LiquidBronze"},{"floor":11,"key":"RobotSpaceExplorer:RecyclePotion"},{"floor":19,"key":"Strength Potion"},{"floor":23,"key":"DistilledChaos"},{"floor":27,"key":"Strength Potion"},{"floor":31,"key":"ColorlessPotion"},{"floor":38,"key":"ColorlessPotion"},{"floor":40,"key":"hexamod:SoulburnPotion"},{"floor":54,"key":"EntropicBrew"}],"is_trial":false,"path_per_floor":["M","?","M","M","?","E","R","?","T","M","E","M","E","M","R","B",null,"M","M","T","M","$","E","?","E","T","E","M","E","T","M","R","B",null,"M","$","?","M","?","E","M","R","T","R","?","E","M","M","R","B",null,"R","$","E","B",null],"character_chosen":"RobotSpaceExplorer","items_purchased":["RobotSpaceExplorer:ExhaustFan","Meat on the Bone","Bronze Scales","War Paint","Guardian:BottledAnomaly","RobotSpaceExplorer:StarLightning"],"campfire_rested":1,"item_purchase_floors":[22,22,36,36,53,53],"current_hp_per_floor":[71,64,63,63,60,37,37,37,37,37,33,33,33,33,33,33,70,69,69,69,56,56,55,55,55,55,62,48,48,55,55,55,54,88,86,86,86,76,76,72,76,76,76,76,76,57,61,55,103,94,104,104,104,92,59],"gold":46,"neow_bonus":"TEN_PERCENT_HP_BONUS","is_daily":false,"chose_seed":false,"campfire_upgraded":5,"win_rate":0.0,"timestamp":1611985146,"path_taken":["M","?","M","M","?","E","R","?","T","M","E","M","E","M","R","BOSS","M","M","?","M","$","E","?","E","T","E","M","E","?","M","R","BOSS","M","$","?","?","?","E","?","R","T","R","?","E","M","M","R","BOSS","R","$","E","BOSS"],"items_purchased_type":["Card","Relic","Relic","Relic","Relic","Card"],"build_version":"2020-12-22","purchased_purges":2,"victory":true,"max_hp_per_floor":[82,82,82,82,82,82,82,82,82,82,82,82,82,82,82,82,82,82,82,82,82,82,82,82,82,82,92,92,92,99,99,99,99,99,99,99,99,99,99,99,101,101,101,101,101,103,105,105,107,107,107,107,107,109,109],"card_choices":[{"not_picked":["RobotSpaceExplorer:FrostMissile","RobotSpaceExplorer:ImprovisedAttack"],"picked":"RobotSpaceExplorer:Probe","floor":1},{"not_picked":["RobotSpaceExplorer:Calculate","RobotSpaceExplorer:Discharger"],"picked":"RobotSpaceExplorer:Smokescreen","floor":3},{"not_picked":["RobotSpaceExplorer:ImprovisedAttack","RobotSpaceExplorer:SurgingShield"],"picked":"RobotSpaceExplorer:ScrapToss","floor":4},{"not_picked":["RobotSpaceExplorer:MakeshiftVolley","RobotSpaceExplorer:IronShell"],"picked":"RobotSpaceExplorer:Probe","floor":6},{"not_picked":["RobotSpaceExplorer:Reload","RobotSpaceExplorer:Asteroid"],"picked":"RobotSpaceExplorer:LuckyStrike","floor":10},{"not_picked":["RobotSpaceExplorer:Electroshield","RobotSpaceExplorer:MakeshiftVolley"],"picked":"RobotSpaceExplorer:LuckyStrike","floor":11},{"not_picked":["RobotSpaceExplorer:SlimeMissile","RobotSpaceExplorer:StunGrenade"],"picked":"RobotSpaceExplorer:LuckyStrike","floor":12},{"not_picked":["RobotSpaceExplorer:SlimeMissile","RobotSpaceExplorer:Probe"],"picked":"RobotSpaceExplorer:StarLightning","floor":13},{"not_picked":["RobotSpaceExplorer:StarDust","RobotSpaceExplorer:Electropulse"],"picked":"RobotSpaceExplorer:TurboDodge","floor":14},{"not_picked":["RobotSpaceExplorer:ShockMissile","RobotSpaceExplorer:Multitool"],"picked":"RobotSpaceExplorer:Accelerator","floor":16},{"not_picked":["RobotSpaceExplorer:Ammunition","RobotSpaceExplorer:Counterblock"],"picked":"RobotSpaceExplorer:Discharger","floor":18},{"not_picked":["RobotSpaceExplorer:Jetpack+1","RobotSpaceExplorer:SwiftStep+1"],"picked":"RobotSpaceExplorer:DualCore","floor":19},{"not_picked":["RobotSpaceExplorer:Electropulse","RobotSpaceExplorer:Counterblock"],"picked":"RobotSpaceExplorer:ScrapMissile","floor":21},{"not_picked":["RobotSpaceExplorer:SurgingShield","RobotSpaceExplorer:SurgingStrike"],"picked":"RobotSpaceExplorer:Exploration","floor":23},{"not_picked":["RobotSpaceExplorer:SurgingStrike+1","RobotSpaceExplorer:ShovelStrike"],"picked":"RobotSpaceExplorer:DualCore","floor":25},{"not_picked":["RobotSpaceExplorer:StunGrenade","RobotSpaceExplorer:MiniDrones"],"picked":"RobotSpaceExplorer:PlasmaMissile+1","floor":27},{"not_picked":["RobotSpaceExplorer:PowerGlove","RobotSpaceExplorer:SurgingStrike"],"picked":"RobotSpaceExplorer:DualCore+1","floor":28},{"not_picked":["RobotSpaceExplorer:IronShell","RobotSpaceExplorer:Pulsar"],"picked":"RobotSpaceExplorer:JunkDive","floor":29},{"not_picked":["RobotSpaceExplorer:MiniDrones","RobotSpaceExplorer:StunGrenade"],"picked":"RobotSpaceExplorer:PowerCollector","floor":31},{"not_picked":["RobotSpaceExplorer:BlastShield","RobotSpaceExplorer:Comet"],"picked":"RobotSpaceExplorer:HighVoltage","floor":33},{"not_picked":["RobotSpaceExplorer:FranticSearch+1","RobotSpaceExplorer:SlimeMissile"],"picked":"RobotSpaceExplorer:StarDust+1","floor":35},{"not_picked":["RobotSpaceExplorer:Electropulse+1","RobotSpaceExplorer:SurgingShield+1"],"picked":"RobotSpaceExplorer:GearShield+1","floor":38},{"not_picked":["RobotSpaceExplorer:Calculate","RobotSpaceExplorer:ScrapMissile"],"picked":"RobotSpaceExplorer:ToxicBomb","floor":40},{"not_picked":["RobotSpaceExplorer:SwiftStep+1","RobotSpaceExplorer:MetalStrike+1","RobotSpaceExplorer:StarDust+1"],"picked":"Singing Bowl","floor":41},{"not_picked":["RobotSpaceExplorer:GlueShot+1","RobotSpaceExplorer:SurgingStrike","RobotSpaceExplorer:GlueSpray+1"],"picked":"Singing Bowl","floor":46},{"not_picked":["RobotSpaceExplorer:Calculate","RobotSpaceExplorer:JunkDive","RobotSpaceExplorer:SlimeMissile+1"],"picked":"Singing Bowl","floor":47},{"not_picked":["RobotSpaceExplorer:Smokescreen","RobotSpaceExplorer:PowerCollector"],"picked":"RobotSpaceExplorer:Electroshield+1","floor":48},{"not_picked":["RobotSpaceExplorer:StunGrenade","RobotSpaceExplorer:ScrapToss","RobotSpaceExplorer:Accelerator"],"picked":"Singing Bowl","floor":49},{"not_picked":["RobotSpaceExplorer:TurboDodge+1","RobotSpaceExplorer:BigMissile+1","RobotSpaceExplorer:Electropulse"],"picked":"Singing Bowl","floor":54}],"player_experience":3000476,"relics_obtained":[{"floor":6,"key":"Nunchaku"},{"floor":9,"key":"Vajra"},{"floor":11,"key":"Ornamental Fan"},{"floor":13,"key":"Ice Cream"},{"floor":20,"key":"bronze:BronzeIdol"},{"floor":23,"key":"Omamori"},{"floor":23,"key":"Letter Opener"},{"floor":25,"key":"Regal Pillow"},{"floor":25,"key":"Pen Nib"},{"floor":25,"key":"Whetstone"},{"floor":27,"key":"RobotSpaceExplorer:ClockworkSextant"},{"floor":27,"key":"Pear"},{"floor":29,"key":"Blood Vial"},{"floor":29,"key":"Matryoshka"},{"floor":30,"key":"Ancient Tea Set"},{"floor":30,"key":"Strawberry"},{"floor":34,"key":"Lantern"},{"floor":34,"key":"Singing Bowl"},{"floor":34,"key":"Thread and Needle"},{"floor":40,"key":"Mummified Hand"},{"floor":40,"key":"Bag of Preparation"},{"floor":43,"key":"Boot"},{"floor":43,"key":"Centennial Puzzle"},{"floor":46,"key":"Dream Catcher"},{"floor":46,"key":"CeramicFish"},{"floor":54,"key":"theSenshi:SailorFukuRelic"},{"floor":54,"key":"HollowMod:PaleOreRelic"}],"event_choices":[{"cards_removed":["RobotSpaceExplorer:Strike"],"damage_healed":0,"gold_gain":0,"player_choice":"Card Removal","damage_taken":7,"max_hp_gain":0,"max_hp_loss":0,"event_name":"Golden Wing","floor":2,"gold_loss":0},{"damage_healed":0,"gold_gain":0,"player_choice":"Success","damage_taken":3,"relics_obtained":["Art of War"],"max_hp_gain":0,"max_hp_loss":0,"event_name":"Scrap Ooze","floor":5,"gold_loss":0},{"damage_healed":0,"gold_gain":100,"player_choice":"Gold","damage_taken":0,"max_hp_gain":0,"max_hp_loss":0,"event_name":"Wheel of Change","floor":8,"gold_loss":0},{"damage_healed":0,"gold_gain":0,"player_choice":"Ignored","damage_taken":0,"max_hp_gain":0,"max_hp_loss":0,"event_name":"Transmorgrifier","floor":37,"gold_loss":0},{"cards_removed":["RobotSpaceExplorer:Strike"],"damage_healed":0,"gold_gain":0,"player_choice":"Offered Basic","damage_taken":0,"max_hp_gain":0,"max_hp_loss":0,"event_name":"Bonfire Elementals","floor":39,"gold_loss":0},{"cards_removed":["RobotSpaceExplorer:Defend"],"damage_healed":0,"gold_gain":0,"player_choice":"Removed Skill","damage_taken":0,"max_hp_gain":0,"max_hp_loss":0,"event_name":"Falling","floor":45,"gold_loss":0}],"is_beta":false,"boss_relics":[{"not_picked":["RobotSpaceExplorer:Reprocessor","Runic Dome"],"picked":"Black Star"},{"not_picked":["Sozu","Velvet Choker"],"picked":"Calling Bell"}],"items_purged_floors":[22,36],"is_endless":false,"potions_floor_spawned":[1,4,6,11,12,19,21,23,27,31,33,38,40,48,54],"ascension_level":11}}