{"host":"gfmw02tnhhvp9jba","time":1611994445,"event":{"mods":["AchievementEnabler","BaseMod","Colored Map","Conspire","Downfall","Highlight Path","Minty Spire (QoL Compilation)","Replay The Spire","StSLib"],"gold_per_floor":[118,147,159,179,179,206,206,236,236,236,29,40,58,174,174,275,275,285,465,476,518,561,592,592,592,592,592,592,592],"floor_reached":28,"language":"ENG","playtime":1852,"items_purged":["Strike_P"],"score":273,"play_id":"9c48b447-febb-4b54-af90-da995c9a00f9","local_time":"20210130091405","is_ascension_mode":false,"campfire_choices":[{"data":"Eruption","floor":7,"key":"SMITH"},{"floor":10,"key":"REST"},{"data":"Defend_P","floor":15,"key":"PURGE"},{"data":"Worship","floor":24,"key":"SMITH"},{"data":"MentalFortress","floor":27,"key":"SMITH"}],"circlet_count":0,"master_deck":["Strike_P","Strike_P+1","Strike_P+1","Defend_P","Defend_P","Defend_P","Eruption+1","Vigilance","SashWhip","Worship+1","Pray","Chaos","WindmillStrike","Pot Of Greed","Pot Of Greed","LikeWater","Perseverance","Protect","Protect","Study","ClearTheMind","Prostrate","Wish","Wallop+1","Pot Of Greed","Consecrate","Replay:BluntJabs","Scrawl","MentalFortress+1","Eruption"],"relics":["PureWater","Lantern","Gremlin Horn","Replay:Bottled Steam","Grinning Jar","BargainBundle","Replay:Grab Bag","Coffee Dripper","Philosopher\u0027s Stone","conspire:SpecialSausage","Black Star","Replay:Mystery Machine","Whetstone","ReplayFunnel"],"acts_visited":["Exordium","TheCity"],"potions_floor_usage":[6,6,16,23,23],"damage_taken":[{"damage":1,"enemies":"Cultist","floor":1,"turns":4},{"damage":21,"enemies":"conspire:MimicChest","floor":2,"turns":5},{"damage":0,"enemies":"Jaw Worm","floor":3,"turns":4},{"damage":1,"enemies":"2 Louse","floor":4,"turns":2},{"damage":28,"enemies":"Gremlin Nob","floor":6,"turns":4},{"damage":20,"enemies":"Lagavulin","floor":8,"turns":8},{"damage":0,"enemies":"Gremlin Gang","floor":12,"turns":4},{"damage":2,"enemies":"Large Slime","floor":13,"turns":4},{"damage":16,"enemies":"Fading Forest","floor":16,"turns":11},{"damage":5,"enemies":"2 Thieves","floor":18,"turns":4},{"damage":17,"enemies":"Spheric Guardian","floor":20,"turns":4},{"damage":0,"enemies":"Snecko","floor":21,"turns":8},{"damage":33,"enemies":"Sentry and Sphere","floor":22,"turns":6},{"damage":0,"enemies":"Replay:Snechameleon","floor":23,"turns":7},{"damage":7,"enemies":"Cultist and Chosen","floor":28,"turns":6}],"seed_played":"3971306604898543987","potions_obtained":[{"floor":2,"key":"Toxic Potion"},{"floor":3,"key":"SkillPotion"},{"floor":4,"key":"AttackPotion"},{"floor":8,"key":"Venom Potion"},{"floor":13,"key":"Swift Potion"},{"floor":21,"key":"Dexterity Potion"}],"is_trial":false,"path_per_floor":["M","?","M","M","?","E","R","E","T","R","$","M","M","?","R_BF","B",null,"M","?","M","M","M","E","R","?","T","R","M"],"character_chosen":"WATCHER","items_purchased":["BargainBundle","LikeWater","Perseverance","Protect"],"campfire_rested":1,"item_purchase_floors":[11,11,11,11],"current_hp_per_floor":[78,57,57,56,56,28,28,8,8,31,31,31,29,10,10,12,79,74,55,38,38,5,5,5,5,5,5,0,0],"gold":592,"neow_bonus":"TEN_PERCENT_HP_BONUS","is_daily":false,"chose_seed":false,"campfire_upgraded":3,"win_rate":0.0,"timestamp":1611994445,"path_taken":["M","?","M","M","?","E","R","E","T","R","$","M","?","?","R_BF","BOSS","M","?","M","?","M","E","R","?","T","R","?"],"items_purchased_type":["Relic","Card","Card","Card"],"build_version":"2020-12-22","purchased_purges":1,"victory":false,"max_hp_per_floor":[79,79,79,79,79,79,79,79,79,79,79,79,79,79,79,79,79,79,79,79,79,79,79,79,79,79,79,79,79],"card_choices":[{"not_picked":["Replay:AtTheReady","WaveOfTheHand"],"picked":"SashWhip","floor":1},{"not_picked":["Replay:DivineShield","FlurryOfBlows"],"picked":"Worship","floor":2},{"not_picked":["WheelKick","CrushJoints"],"picked":"CutThroughFate","floor":3},{"not_picked":["Protect","CutThroughFate"],"picked":"Pray","floor":4},{"not_picked":["Replay:BluntJabs","Protect","EmptyBody"],"picked":"SKIP","floor":6},{"not_picked":["FlyingSleeves","SpiritShield"],"picked":"WindmillStrike","floor":8},{"not_picked":["FollowUp","CrushJoints"],"picked":"Study","floor":12},{"not_picked":["Consecrate","CutThroughFate"],"picked":"ClearTheMind","floor":13},{"not_picked":["Replay:ManipulateFuture","CutThroughFate"],"picked":"Prostrate","floor":14},{"not_picked":["Ragnarok","DeusExMachina"],"picked":"Wish","floor":16},{"not_picked":["Halt","LikeWater"],"picked":"Wallop+1","floor":18},{"not_picked":["Evaluate","Replay:Anticipation+1"],"picked":"Consecrate","floor":20},{"not_picked":["Indignation","FlyingSleeves","ThirdEye"],"picked":"SKIP","floor":21},{"not_picked":["Alpha","EmptyFist+1"],"picked":"Replay:BluntJabs","floor":22},{"not_picked":["BowlingBash","Replay:BluntJabs"],"picked":"Scrawl","floor":23}],"player_experience":107065,"relics_obtained":[{"floor":2,"key":"Lantern"},{"floor":6,"key":"Gremlin Horn"},{"floor":8,"key":"Replay:Bottled Steam"},{"floor":9,"key":"Grinning Jar"},{"floor":23,"key":"Replay:Mystery Machine"},{"floor":23,"key":"Whetstone"},{"floor":26,"key":"ReplayFunnel"}],"event_choices":[{"cards_removed":["CutThroughFate"],"damage_healed":0,"gold_gain":0,"player_choice":"Took Card","damage_taken":0,"max_hp_gain":0,"max_hp_loss":0,"event_name":"NoteForYourself","floor":5,"gold_loss":0,"cards_obtained":["Chaos"]},{"damage_healed":0,"gold_gain":180,"player_choice":"GOLD GOLD ","damage_taken":19,"max_hp_gain":0,"max_hp_loss":0,"event_name":"Knowing Skull","floor":19,"potions_obtained":[],"gold_loss":0,"cards_obtained":[]},{"damage_healed":0,"gold_gain":0,"player_choice":"2 cards matched","damage_taken":0,"max_hp_gain":0,"max_hp_loss":0,"event_name":"Match and Keep!","floor":25,"gold_loss":0,"cards_obtained":["MentalFortress","Eruption"]}],"is_beta":false,"boss_relics":[{"not_picked":["Pandora\u0027s Box","Replay:Wanted Poster"],"picked":"Replay:Grab Bag"},{"not_picked":["Runic Dome","ReplayTheSpireMod:Onyx Gauntlets"],"picked":"Coffee Dripper"},{"not_picked":["conspire:RoyalGoblet","conspire:SeveredTorchhead"],"picked":"Philosopher\u0027s Stone"},{"not_picked":["Calling Bell","conspire:RunicOctahedron"],"picked":"conspire:SpecialSausage"},{"not_picked":["Ring of Chaos","Kintsugi"],"picked":"Black Star"}],"items_purged_floors":[11],"is_endless":false,"potions_floor_spawned":[2,3,4,8,13,21,22],"killed_by":"Cultist and Chosen","ascension_level":0}}