{"host":"2i1rjl87isetstuj","time":1611983439,"event":{"mods":["BaseMod","Better Vampires","Challenge The Spire","Lobotomy","LobotomyExtend","Marked Mod","Minty Spire (QoL Compilation)","Quick Restart","Shop Mod","StSLib","Waifu the Spire","óô»ðÖ¸ÄÏ"],"gold_per_floor":[111,122,137,1663,1838,1219,1230,1263,1311,1311,882,896,670,219,76,76,76],"floor_reached":16,"language":"ZHS","playtime":589,"items_purged":["Strike_P","Doubt","Strike_P","Strike_P"],"score":105,"play_id":"f397c2ed-85ed-42eb-8cba-ca3451a1b8c4","local_time":"20210130131039","is_ascension_mode":true,"campfire_choices":[],"circlet_count":0,"master_deck":["Strike_P","Defend_P","Defend_P","Defend_P","Defend_P","Eruption","Vigilance","CherryBlossoms","SignatureMove","FairyFestival","Swivel","MHz","Fasting2","ReachHeaven","Prostrate","Master of Strategy","Worship","Murderer","FearNoEvil","MeatLantern","Ragnarok","GreedKing","ReachHeaven","Brilliance","Judgement"],"relics":["PureWater","CogitoBucket","LetterFromLob","Melange","Bottled Tornado","Juzu Bracelet","ClockworkSouvenir","Tiny Chest","Omamori","Question Card","Golden Idol","PreservedInsect","Membership Card","Akabeko","ResearcherNote","Bronze Scales","Toy Ornithopter","Orrery","Du-Vu Doll","Gremlin Horn","Strange Spoon","Mango"],"acts_visited":["Exordium"],"potions_floor_usage":[8],"damage_taken":[{"damage":0.0,"enemies":"2 Louse","floor":1.0,"turns":2.0},{"damage":10,"enemies":"Small Slimes","floor":2,"turns":2},{"damage":0,"enemies":"Cultist","floor":3,"turns":2},{"damage":13,"enemies":"Red Slaver","floor":7,"turns":3},{"damage":4,"enemies":"Lagavulin","floor":8,"turns":3},{"damage":24,"enemies":"2 Fungi Beasts","floor":12,"turns":4},{"damage":50,"enemies":"Hexaghost","floor":16,"turns":1}],"seed_played":"3147575410923107937","potions_obtained":[{"floor":1.0,"key":"Swift Potion"},{"floor":3,"key":"Explosive Potion"},{"floor":12,"key":"StancePotion"}],"is_trial":false,"path_per_floor":["M","M","M","$","?","R","M","E","T","?","$","M","R","$","R","B"],"character_chosen":"WATCHER","items_purchased":["Melange","Bottled Tornado","Juzu Bracelet","ReachHeaven","Prostrate","Master of Strategy","ClockworkSouvenir","Tiny Chest","Omamori","Worship","PreservedInsect","Membership Card","Akabeko","Bronze Scales","Toy Ornithopter","Orrery","Du-Vu Doll","Gremlin Horn","Strange Spoon","Energy Potion","Mango"],"campfire_rested":0,"item_purchase_floors":[4,4,4,4,4,4,6,6,6,6,11,11,11,13,13,13,14,14,14,14,15],"current_hp_per_floor":[72,62,64,64,64,64,53,52,52,34,34,14,14,14,28,0,0],"gold":76,"neow_bonus":"","is_daily":false,"chose_seed":false,"campfire_upgraded":0,"win_rate":0.0,"timestamp":1611983439,"path_taken":["M","M","M","$","?","R","M","E","T","?","$","M","R","$","R","BOSS"],"items_purchased_type":["Relic","Relic","Relic","Card","Card","Card","Relic","Relic","Relic","Card","Relic","Relic","Relic","Relic","Relic","Relic","Relic","Relic","Relic","Potion","Relic"],"build_version":"2020-12-22","purchased_purges":4,"victory":false,"max_hp_per_floor":[72,72,72,72,72,72,72,72,72,72,72,72,72,72,86,86,86],"card_choices":[{"not_picked":["PunishingBird","Murderer"],"picked":"CherryBlossoms","floor":1.0},{"not_picked":["MarkedMod:Acupuncture","TalkToTheHand"],"picked":"SignatureMove","floor":1.0},{"not_picked":["Wellcheers","BeautyBeast"],"picked":"FairyFestival","floor":2},{"not_picked":["BowlingBash","Wireheading"],"picked":"Swivel","floor":2},{"not_picked":["MeatLantern","Wellcheers"],"picked":"MHz","floor":3},{"not_picked":["EmptyBody","Swivel"],"picked":"Fasting2","floor":3},{"not_picked":["MeatLantern","UniverseFragment"],"picked":"Murderer","floor":7},{"not_picked":["Halt","ThirdEye"],"picked":"FearNoEvil","floor":7},{"not_picked":["SpiderBud","WhitesApple"],"picked":"MeatLantern","floor":8},{"not_picked":["SpiritShield","CutThroughFate","BattleHymn"],"picked":"SKIP","floor":8},{"not_picked":["SpiritShield","CutThroughFate","BattleHymn"],"picked":"SKIP","floor":8},{"not_picked":["BowlingBash","Halt","JustLucky"],"picked":"Ragnarok","floor":12},{"not_picked":["Porccubus","PunishingBird"],"picked":"GreedKing","floor":12},{"not_picked":["WreathOfFlame","Prostrate","Nirvana"],"picked":"ReachHeaven","floor":13},{"not_picked":["SashWhip","FlyingSleeves","Evaluate"],"picked":"Brilliance","floor":13},{"not_picked":["SignatureMove","CutThroughFate","ReachHeaven"],"picked":"Judgement","floor":13}],"player_experience":107761,"relics_obtained":[{"floor":1.0,"key":"LetterFromLob"},{"floor":8,"key":"Question Card"}],"event_choices":[{"damage_healed":0,"gold_gain":175,"player_choice":"AGREE","damage_taken":0,"max_hp_gain":0,"max_hp_loss":0,"event_name":"Liars Game","floor":5,"gold_loss":0,"cards_obtained":["Doubt"]},{"damage_healed":0,"gold_gain":0,"player_choice":"Take Damage","damage_taken":18,"relics_obtained":["Golden Idol"],"max_hp_gain":0,"max_hp_loss":0,"event_name":"Golden Idol","floor":10,"gold_loss":0}],"is_beta":false,"boss_relics":[],"items_purged_floors":[4,6,11,14],"is_endless":false,"potions_floor_spawned":[1,3,12],"killed_by":"Hexaghost","ascension_level":1}}