{"host":"491vyvchqhlfizue","time":1611985930,"event":{"mods":["AchievementEnabler","BaseMod","BetterRewards","Colored Map","Conspire","Downfall","Infinite Spire","Minty Spire (QoL Compilation)","Reliquary","Replay The Spire","Shop Mod","Spikes Relics","StSLib","The Forsaken","The Runesmith"],"gold_per_floor":[116,116,132,78,78,78,108,108,108,142,13,31,41,66,66,168,168,188,188,188,206,224,250,250,283,310,310,414,433,443,472,472,606,606,662,662,719,784,784,863,913,998,998,1078,1175,1271,1379,1379,1379,1379],"floor_reached":51,"language":"ENG","playtime":4917,"items_purged":["theForsaken:TheForsaken_Strike","theForsaken:TheForsaken_Defend","theForsaken:TheForsaken_Strike","downfall:Haunted","theForsaken:TheForsaken_Defend","theForsaken:TheForsaken_Strike"],"score":2290,"play_id":"56249cdf-44ce-420e-8234-58df84dc9ddc","local_time":"20210130005210","is_ascension_mode":true,"campfire_choices":[{"data":"ReplayUltimateDefense","floor":6.0,"key":"SMITH"},{"data":"ReplayTheSpireMod:Private Reserves","floor":6.0,"key":"SMITH"},{"data":"Panache","floor":8.0,"key":"SMITH"},{"data":"Good Instincts","floor":8.0,"key":"SMITH"},{"data":"theForsaken:ShieldBash","floor":15.0,"key":"SMITH"},{"data":"theForsaken:ShieldBash","floor":15.0,"key":"SMITH"},{"data":"theForsaken:FountainOfLife","floor":27.0,"key":"SMITH"},{"data":"theForsaken:DarkBargain","floor":27.0,"key":"SMITH"},{"data":"theForsaken:NobleSacrifice","floor":32.0,"key":"SMITH"},{"data":"theForsaken:Penitence","floor":32.0,"key":"SMITH"},{"data":"Madness","floor":49.0,"key":"SMITH"},{"data":"Madness","floor":49.0,"key":"SMITH"}],"circlet_count":0,"master_deck":["AscendersBane","theForsaken:TheForsaken_Defend+1","theForsaken:Smite","theForsaken:Penitence+1","Panache+1","ReplayTheSpireMod:Private Reserves+1","ReplayUltimateDefense+1","theForsaken:DarkBargain+1","Good Instincts+1","theForsaken:Bolster","theForsaken:ShieldBash+1","theForsaken:ShieldBash+1","theForsaken:DefensiveStance+1","theForsaken:FountainOfLife+1","theForsaken:Eulogy+1","theForsaken:NobleSacrifice+1","theForsaken:DesperatePlea","theForsaken:DefensiveStance+1","Madness+1","Madness+1","theForsaken:DefensiveStance+1","Sickly","infinitespire:NeuralNetwork","theForsaken:WordsOfMight+1","theForsaken:QuickAttack"],"relics":["theForsaken:JudgementScales","Membership Card","Lantern","MerchantsRug","infinitespire:ShieldingShard","Replay:Kaleidoscope","infinitespire:PuzzleCube","ReplayTheSpireMod:CursedCoin","Bag of Preparation","Replay:Arrowhead","reliquary:WeakTea","Toy Ornithopter","reliquary:PartyBalloon","reliquary:Firecrackers","BargainBundle","Bronze Scales","reliquary:Knoch","Empty Cage","Replay:Bottled Steam","reliquary:SharkskinSheath","SpikesRelics:DaevaFist","infinitespire:Lucky Rock","Pantograph","infinitespire:EvilPickle","theForsaken:ArmorOfThorns","Ring of Panic","Ring of Fangs","Runesmith:Nanobots","FossilizedHelix","reliquary:PorcupineQuills","infinitespire:Eraser","Simple Rune","reliquary:TatteredRug"],"acts_visited":["Exordium","TheCity","TheBeyond"],"potions_floor_usage":[50],"damage_taken":[{"damage":5.0,"enemies":"Small Slimes","floor":1.0,"turns":4.0},{"damage":0.0,"enemies":"Cultist","floor":3.0,"turns":3.0},{"damage":0.0,"enemies":"3 Sentries","floor":7.0,"turns":9.0},{"damage":0.0,"enemies":"Gremlin Nob","floor":10.0,"turns":6.0},{"damage":0.0,"enemies":"Jaw Worm","floor":12.0,"turns":4.0},{"damage":0.0,"enemies":"Red Slaver","floor":13.0,"turns":3.0},{"damage":0.0,"enemies":"Lagavulin","floor":14.0,"turns":6.0},{"damage":0.0,"enemies":"Fading Forest","floor":16.0,"turns":11.0},{"damage":0.0,"enemies":"Shell Parasite","floor":18.0,"turns":5.0},{"damage":0.0,"enemies":"2 Thieves","floor":21.0,"turns":3.0},{"damage":0.0,"enemies":"Chosen and Byrds","floor":22.0,"turns":5.0},{"damage":0.0,"enemies":"Nightmare","floor":23.0,"turns":5.0},{"damage":0.0,"enemies":"Slavers","floor":25.0,"turns":5.0},{"damage":0.0,"enemies":"Snecko","floor":29.0,"turns":6.0},{"damage":0.0,"enemies":"Sentry and Sphere","floor":30.0,"turns":5.0},{"damage":0.0,"enemies":"Book of Stabbing","floor":31.0,"turns":5.0},{"damage":0.0,"enemies":"Pondfish","floor":33.0,"turns":9.0},{"damage":0.0,"enemies":"3 Shapes","floor":35.0,"turns":3.0},{"damage":0.0,"enemies":"Orb Walker","floor":37.0,"turns":5.0},{"damage":0.0,"enemies":"Jaw Worm Horde","floor":38.0,"turns":3.0},{"damage":0.0,"enemies":"Nightmare","floor":40.0,"turns":7.0},{"damage":1.0,"enemies":"Mind Bloom Boss Battle","floor":41.0,"turns":5.0},{"damage":0.0,"enemies":"R_Hoarder","floor":42.0,"turns":6.0},{"damage":4.0,"enemies":"4 Shapes","floor":44.0,"turns":5.0},{"damage":0.0,"enemies":"Reptomancer","floor":45.0,"turns":6.0},{"damage":0.0,"enemies":"Spire Growth","floor":46.0,"turns":3.0},{"damage":7.0,"enemies":"Nemesis","floor":47.0,"turns":5.0},{"damage":0,"enemies":"Donu and Deca","floor":50,"turns":8}],"seed_played":"-8877274154588708462","potions_obtained":[{"floor":1.0,"key":"DuplicationPotion"},{"floor":12.0,"key":"Energy Potion"},{"floor":13.0,"key":"Venom Potion"},{"floor":16.0,"key":"champ:CounterPotion"},{"floor":21.0,"key":"EssenceOfSteel"},{"floor":22.0,"key":"Energy Potion"},{"floor":33.0,"key":"Fire Potion"},{"floor":37.0,"key":"Dexterity Potion"},{"floor":38.0,"key":"Energy Potion"},{"floor":45.0,"key":"PowerPotion"}],"is_trial":false,"path_per_floor":["M","?","M","$","?","R","E","R","T","E","$","M","M","E","R","B",null,"M","T","?","M","M","NM","?","E","T","R","?","M","M","E","R","B",null,"M","?","M","M","?","NM","?","E","T","M","E","M","E","?","R","B",null],"character_chosen":"THE_FORSAKEN","items_purchased":["Membership Card","Lantern","MerchantsRug","Fruit Juice","Panache","infinitespire:ShieldingShard","ReplayTheSpireMod:Private Reserves","ReplayUltimateDefense","infinitespire:PuzzleCube","ReplayTheSpireMod:CursedCoin","theForsaken:DarkBargain","Bag of Preparation","reliquary:WeakTea","BargainBundle","SteroidPotion","Explosive Potion","Dexterity Potion","Bronze Scales","theForsaken:Bolster","theForsaken:ShieldBash"],"campfire_rested":0,"item_purchase_floors":[0,0,0,0,0,0,0,0,0,0,0,0,4,11,11,11,11,11,11,11],"current_hp_per_floor":[64,64,67,67,67,67,70,70,70,70,70,70,70,70,70,70,70,72,72,72,72,72,72,72,74,74,74,56,67,70,76,76,86,86,86,75,78,86,86,89,92,95,95,91,98,98,97,97,97,104],"gold":1379,"neow_bonus":"","is_daily":false,"chose_seed":false,"campfire_upgraded":12,"win_rate":0.0,"timestamp":1611985930,"path_taken":["M","?","M","?","?","R","E","R","T","E","$","M","M","E","R","BOSS","M","?","?","?","M","NM","?","E","T","R","?","M","?","E","R","BOSS","M","?","M","M","?","NM","?","E","T","M","E","M","E","?","R","BOSS"],"items_purchased_type":["Relic","Relic","Relic","Potion","Card","Relic","Card","Card","Relic","Relic","Card","Relic","Relic","Relic","Potion","Potion","Potion","Relic","Card","Card"],"build_version":"2020-12-22","purchased_purges":6,"victory":true,"max_hp_per_floor":[70,70,70,70,70,70,70,70,70,70,70,70,70,70,70,70,70,72,72,72,72,72,72,72,74,74,74,74,77,80,83,83,86,86,86,86,86,86,86,89,92,95,95,95,98,98,101,101,101,104],"card_choices":[{"not_picked":["theForsaken:BlindFaith","theForsaken:PanicDive","theForsaken:BattleHymn"],"picked":"SKIP","floor":1.0},{"not_picked":["theForsaken:Devotion","theForsaken:HorrifyingStrike","theForsaken:CreepingInfection"],"picked":"SKIP","floor":3.0},{"not_picked":["theForsaken:Confusion","theForsaken:BlindFaith","theForsaken:DarkRift"],"picked":"SKIP","floor":7.0},{"not_picked":["theForsaken:BlindFaith","theForsaken:BattleHymn","theForsaken:SacrificeSoul"],"picked":"SKIP","floor":10.0},{"not_picked":["theForsaken:Tranquility","theForsaken:WordOfPower","theForsaken:FatRoll"],"picked":"SKIP","floor":12.0},{"not_picked":["theForsaken:SpinAttack","theForsaken:FatRoll"],"picked":"theForsaken:DefensiveStance","floor":13.0},{"not_picked":["theForsaken:HorrifyingStrike","theForsaken:Preservation","theForsaken:DarkBarrier"],"picked":"SKIP","floor":14.0},{"not_picked":["theForsaken:Mantra","theForsaken:CorruptedForm"],"picked":"theForsaken:FountainOfLife","floor":16.0},{"not_picked":["theForsaken:CreepingInfection+1","theForsaken:Backlash+1"],"picked":"theForsaken:Eulogy+1","floor":18.0},{"not_picked":["theForsaken:CleansingLight","theForsaken:ScorchingSunlight","theForsaken:Terrorize"],"picked":"SKIP","floor":21.0},{"not_picked":["theForsaken:Parry","theForsaken:ShieldBash","theForsaken:Tranquility"],"picked":"SKIP","floor":22.0},{"not_picked":["theForsaken:HymnOfRest","theForsaken:FountainOfLife","theForsaken:Terrorize"],"picked":"SKIP","floor":23.0},{"not_picked":["theForsaken:FuryStrikes","theForsaken:ChargeAttack","theForsaken:WrathOfGod"],"picked":"SKIP","floor":25.0},{"not_picked":["theForsaken:PowerUp","theForsaken:DarkRift","theForsaken:ScorchingSunlight+1"],"picked":"SKIP","floor":29.0},{"not_picked":["theForsaken:CowardsBrand","theForsaken:Parry"],"picked":"theForsaken:NobleSacrifice","floor":30.0},{"not_picked":["theForsaken:Temperance","theForsaken:WordOfPower+1","theForsaken:CreepingInfection"],"picked":"SKIP","floor":31.0},{"not_picked":["theForsaken:TearsOfSunlight","theForsaken:Horror"],"picked":"theForsaken:DesperatePlea","floor":33.0},{"not_picked":["theForsaken:Riposte","theForsaken:Devotion"],"picked":"theForsaken:DefensiveStance+1","floor":35.0},{"not_picked":["theForsaken:DarkBarrier+1","theForsaken:Thunderbolt+1","theForsaken:HymnOfPatience"],"picked":"SKIP","floor":37.0},{"not_picked":["theForsaken:QuickAttack","theForsaken:CowardsBrand"],"picked":"theForsaken:DefensiveStance+1","floor":38.0},{"not_picked":["infinitespire:FutureSight","infinitespire:Punishment"],"picked":"infinitespire:NeuralNetwork","floor":40.0},{"not_picked":["theForsaken:CreepingInfection","theForsaken:HymnOfRest"],"picked":"theForsaken:WordsOfMight+1","floor":40.0},{"not_picked":["theForsaken:StoreUp+1","theForsaken:WrathOfGod"],"picked":"theForsaken:QuickAttack","floor":42.0},{"not_picked":["theForsaken:Preservation","theForsaken:StoreUp+1","theForsaken:BlessedWeapon"],"picked":"SKIP","floor":44.0},{"not_picked":["theForsaken:Tranquility+1","theForsaken:CorruptDeck","theForsaken:ShieldBash"],"picked":"SKIP","floor":45.0},{"not_picked":["theForsaken:FatRoll+1","theForsaken:SiphonStrike","theForsaken:FuryStrikes"],"picked":"SKIP","floor":46.0},{"not_picked":["theForsaken:ShieldBash","theForsaken:LightRoll","theForsaken:Terrorize+1"],"picked":"SKIP","floor":47.0}],"player_experience":71246,"relics_obtained":[{"floor":7.0,"key":"Toy Ornithopter"},{"floor":9.0,"key":"reliquary:PartyBalloon"},{"floor":10.0,"key":"reliquary:Firecrackers"},{"floor":14.0,"key":"reliquary:Knoch"},{"floor":19.0,"key":"Replay:Bottled Steam"},{"floor":23.0,"key":"reliquary:SharkskinSheath"},{"floor":25.0,"key":"SpikesRelics:DaevaFist"},{"floor":26.0,"key":"infinitespire:Lucky Rock"},{"floor":31.0,"key":"Pantograph"},{"floor":39.0,"key":"Ring of Panic"},{"floor":39.0,"key":"Ring of Fangs"},{"floor":40.0,"key":"Runesmith:Nanobots"},{"floor":41.0,"key":"FossilizedHelix"},{"floor":42.0,"key":"reliquary:PorcupineQuills"},{"floor":43.0,"key":"infinitespire:Eraser"},{"floor":45.0,"key":"Simple Rune"},{"floor":47.0,"key":"reliquary:TatteredRug"}],"event_choices":[{"damage_healed":0.0,"max_hp_gain":0.0,"max_hp_loss":0.0,"gold_gain":0.0,"event_name":"Match and Keep!","player_choice":"1 cards matched","floor":2.0,"gold_loss":0.0,"damage_taken":0.0,"cards_obtained":["Good Instincts"]},{"damage_healed":0.0,"max_hp_gain":0.0,"max_hp_loss":0.0,"gold_gain":0.0,"event_name":"The Woman in Blue","player_choice":"Bought 0 Potions","floor":5.0,"gold_loss":0.0,"damage_taken":0.0},{"damage_healed":0.0,"max_hp_gain":0.0,"max_hp_loss":0.0,"gold_gain":0.0,"event_name":"Upgrade Shrine","player_choice":"Upgraded","floor":20.0,"gold_loss":0.0,"damage_taken":0.0,"cards_upgraded":["theForsaken:DefensiveStance"]},{"damage_healed":0.0,"max_hp_gain":0.0,"max_hp_loss":0.0,"gold_gain":0.0,"event_name":"Winding Halls","player_choice":"Embrace Madness","floor":36.0,"gold_loss":0.0,"damage_taken":11.0,"cards_obtained":["Madness","Madness"]},{"damage_healed":0.0,"max_hp_gain":0.0,"max_hp_loss":0.0,"gold_gain":0.0,"event_name":"MindBloom","player_choice":"Fight","floor":41.0,"gold_loss":0.0,"damage_taken":0.0},{"damage_healed":0.0,"max_hp_gain":0.0,"max_hp_loss":0.0,"gold_gain":0.0,"event_name":"conspire:Investor","player_choice":"Leave","floor":48.0,"gold_loss":0.0,"damage_taken":0.0}],"is_beta":false,"boss_relics":[{"not_picked":["conspire:SlowCooker","bronze:MakeshiftBattery"],"picked":"Empty Cage"},{"not_picked":["theForsaken:PaleLantern","reliquary:KinkedSpring"],"picked":"theForsaken:ArmorOfThorns"}],"items_purged_floors":[0,0,0,0,0,11],"is_endless":false,"potions_floor_spawned":[1,12,13,16,21,22,23,33,37,38,45,47],"ascension_level":10}}