{"host":"4drr8xlp2cyffoza","time":1611979949,"event":{"mods":["Bard","BaseMod","Better Third Choice","Colored Powertips","Downfall","Hermit","KomeijiMod","Luminous","Marisa£¨ìFÓê¡¡Ä§ÀíÉ³£©","Minty Spire (QoL Compilation)","Quick Restart","Replay The Spire","Shop Mod","Spicy Shops","StSLib","The Administrix","The Animator","The Cursed","The Servant 0.9.4","óô»ðÖ¸ÄÏ"],"gold_per_floor":[178,196,196,56,70,70,96,111,159,179,179,195,229,241,241,336,336,354,364,78,93,107,107,142,157,182,199,217,233,1,1,1,101,101,117,135,155,1,12,12,12,38,38,54,54,69,38,38,38,38],"floor_reached":51,"language":"ZHS","playtime":4271,"items_purged":[],"score":737,"play_id":"6301c4c2-e090-4a0e-8366-4ad3d819e704","local_time":"20210130121229","is_ascension_mode":false,"campfire_choices":[{"data":"FastHealing","floor":6.0,"key":"SMITH"},{"floor":11.0,"key":"REST"},{"floor":15.0,"key":"REST"},{"floor":23.0,"key":"REST"},{"floor":32.0,"key":"REST"},{"floor":40.0,"key":"REST"},{"floor":45,"key":"REST"},{"floor":49,"key":"REST"}],"circlet_count":0,"master_deck":["Strike_Remiria","Strike_Remiria","Defend_Remirira","Defend_Remirira","Defend_Remirira","Absorbed","Scratch","LifeBreak","BloodPact","DemonLordWalk","CurseofVladTepes","FastHealing+1","Tepes","VampirishNight","RocketKickup","PartStrengthen","Tearing","MiserableFate_Remiria","BloodySuit+1","Warpath+1","CruelSlaughter+1","StigmaNizer","NightDance","ThePrice","VampireClaw","ScarletNetherworld+1","NaturallyHealing","ServantFlier+1","SealingFear+1","Paradox","DemonsDinnerFork_Remiria+1","RocketKickup","BloodSurge","FateMeister+1","MillenniumVampire","DoubleEdge","DoubleEdge+1","Cripple","RocketKickup+1","TrickFate","StigmaNizer+1","BloodCollect","ChainGang","FierceSweep","ServantFlier","Writhe","VampirishNight","BathedInBlood","TrickFate"],"relics":["ThirstyCrossSpe","Mummified Hand","Replay:Rubber Ducky","Regal Pillow","Astrolabe","Anchor","Lantern","Dream Catcher","Replay:Baseball","Fusion Hammer","Nunchaku","Mirror","Blood Vial","ReplayTheSpireMod:CursedCoin"],"acts_visited":["Exordium","TheCity","TheBeyond"],"potions_floor_usage":[42,42,50,50],"damage_taken":[{"damage":1.0,"enemies":"2 Louse","floor":1.0,"turns":2.0},{"damage":9.0,"enemies":"Cultist","floor":2.0,"turns":3.0},{"damage":0.0,"enemies":"Jaw Worm","floor":5.0,"turns":3.0},{"damage":10.0,"enemies":"Gremlin Nob","floor":7.0,"turns":4.0},{"damage":1.0,"enemies":"Blue Slaver","floor":8.0,"turns":3.0},{"damage":32.0,"enemies":"Gremlin Gang","floor":10.0,"turns":3.0},{"damage":7.0,"enemies":"Exordium Wildlife","floor":12.0,"turns":4.0},{"damage":18.0,"enemies":"3 Sentries","floor":13.0,"turns":6.0},{"damage":5.0,"enemies":"Large Slime","floor":14.0,"turns":3.0},{"damage":60.0,"enemies":"Slime Boss","floor":16.0,"turns":13.0},{"damage":5.0,"enemies":"Chosen","floor":18.0,"turns":4.0},{"damage":28.0,"enemies":"3 Byrds","floor":19.0,"turns":5.0},{"damage":17.0,"enemies":"Snecko","floor":21.0,"turns":5.0},{"damage":6.0,"enemies":"Cultist and Chosen","floor":22.0,"turns":5.0},{"damage":27.0,"enemies":"Book of Stabbing","floor":24.0,"turns":6.0},{"damage":9.0,"enemies":"Centurion and Healer","floor":25.0,"turns":6.0},{"damage":0.0,"enemies":"3 Cultists","floor":27.0,"turns":3.0},{"damage":26.0,"enemies":"Chosen and Byrds","floor":28.0,"turns":6.0},{"damage":3.0,"enemies":"Snecko","floor":29.0,"turns":4.0},{"damage":0.0,"enemies":"Gremlin Leader","floor":31.0,"turns":1.0},{"damage":56.0,"enemies":"Automaton","floor":33.0,"turns":8.0},{"damage":16.0,"enemies":"3 Darklings","floor":35.0,"turns":3.0},{"damage":2.0,"enemies":"Orb Walker","floor":36.0,"turns":4.0},{"damage":74.0,"enemies":"Transient","floor":37.0,"turns":5.0},{"damage":31.0,"enemies":"Writhing Mass","floor":39.0,"turns":6.0},{"damage":43,"enemies":"Reptomancer","floor":42,"turns":5},{"damage":10,"enemies":"Maw","floor":44,"turns":7},{"damage":35,"enemies":"Spire Growth","floor":46,"turns":6},{"damage":79,"enemies":"Time Eater","floor":50,"turns":9}],"seed_played":"429892273822157614","potions_obtained":[{"floor":7.0,"key":"Elixir"},{"floor":8.0,"key":"Elixir"},{"floor":13.0,"key":"Elixir"},{"floor":14.0,"key":"SmokeBomb"},{"floor":16.0,"key":"DistilledChaos"},{"floor":19.0,"key":"champ:CounterPotion"},{"floor":35.0,"key":"Fire Potion"},{"floor":39.0,"key":"Fire Potion"},{"floor":42,"key":"Languid Potion"},{"floor":44,"key":"AttackPotion"}],"is_trial":false,"path_per_floor":["M","M","?","$","M","R","E","M","T","M","R","M","E","M","R","B",null,"M","M","$","M","M","R","E","M","T","M","M","M","$","E","R","B",null,"M","M","M","$","M","R","$","E","T","M","R","M","$","?","R","B",null],"character_chosen":"RemiriaScarlet","items_purchased":["DemonLordWalk","CurseofVladTepes","Anchor","ThePrice","VampireClaw","BloodSurge","Replay:Baseball","Nunchaku","ServantFlier","ReplayTheSpireMod:CursedCoin","VampirishNight","BathedInBlood"],"campfire_rested":7,"item_purchase_floors":[4,4,20,20,20,30,30,38,47,47,47,47],"current_hp_per_floor":[109,100,100,100,100,100,90,89,89,57,90,83,65,60,108,48,110,105,77,77,61,55,103,78,69,69,69,43,40,40,40,88,57,110,94,96,36,36,17,65,65,27,27,23,71,42,42,96,96,21],"gold":38,"neow_bonus":"TEN_PERCENT_HP_BONUS","is_daily":false,"chose_seed":false,"campfire_upgraded":1,"win_rate":0.0,"timestamp":1611979949,"path_taken":["M","M","?","$","M","R","E","M","T","M","R","M","E","?","R","BOSS","M","M","$","M","M","R","E","M","T","M","M","M","$","E","R","BOSS","M","M","M","$","M","R","$","E","T","M","R","M","$","?","R","BOSS"],"items_purchased_type":["Card","Card","Relic","Card","Card","Card","Relic","Relic","Card","Relic","Card","Card"],"build_version":"2020-12-22","purchased_purges":0,"victory":true,"max_hp_per_floor":[110,110,110,110,110,110,110,110,110,110,110,110,110,110,110,110,110,110,110,110,110,110,110,110,110,110,110,110,110,110,110,110,110,110,110,110,110,110,110,110,110,110,110,110,110,110,110,96,96,96],"card_choices":[{"not_picked":["Exsanguinate","FastHealing"],"picked":"LifeBreak","floor":1.0},{"not_picked":["BloodyMagicSquare","Culling"],"picked":"BloodPact","floor":2.0},{"not_picked":["BloodySuit","BodyStrengthen"],"picked":"FastHealing","floor":5.0},{"not_picked":["PainBurst","DoubleEdge"],"picked":"Tepes","floor":7.0},{"not_picked":["FastHealing","FateCollect"],"picked":"VampirishNight","floor":8.0},{"not_picked":["PartStrengthen","DoubleEdge"],"picked":"RocketKickup","floor":10.0},{"not_picked":["SeparateFleshBlood","PainBurst"],"picked":"PartStrengthen","floor":12.0},{"not_picked":["DamonLordCradle_Remiria","VampirishNight"],"picked":"Tearing","floor":13.0},{"not_picked":["Exsanguinate","Feint"],"picked":"BloodCollect","floor":14.0},{"not_picked":["AllTheWorldInNightmare","RemiliaStalker"],"picked":"MiserableFate_Remiria","floor":16.0},{"not_picked":["ServantFlier","LifeBreak"],"picked":"StigmaNizer","floor":18.0},{"not_picked":["RocketKickup","BloodCleaner"],"picked":"NightDance","floor":19.0},{"not_picked":["RocketKickup+1","FateCollect"],"picked":"ScarletNetherworld+1","floor":21.0},{"not_picked":["DamonLordCradle_Remiria","ServantFlier"],"picked":"NaturallyHealing","floor":22.0},{"not_picked":["StigmaNizer","Exsanguinate"],"picked":"ServantFlier+1","floor":24.0},{"not_picked":["BloodCleaner","TricksterDevil+1"],"picked":"SealingFear+1","floor":25.0},{"not_picked":["Feint","BombardNight"],"picked":"Paradox","floor":27.0},{"not_picked":["CombatMeter","StigmaNizer"],"picked":"DemonsDinnerFork_Remiria+1","floor":28.0},{"not_picked":["DemonLordWalk","SeparateFleshBlood"],"picked":"RocketKickup","floor":29.0},{"not_picked":["Warpath","PainBurst"],"picked":"FateMeister+1","floor":32.0},{"not_picked":["RemiliaStretch_Remiria","FateSonata"],"picked":"MillenniumVampire","floor":33.0},{"not_picked":["BloodCleaner","BloodCollect"],"picked":"DoubleEdge","floor":35.0},{"not_picked":["BloodPact","Culling+1"],"picked":"DoubleEdge+1","floor":36.0},{"not_picked":["DemonsDinnerFork_Remiria","CombatMeter"],"picked":"Cripple","floor":37.0},{"not_picked":["VampirishNight+1","Feint+1"],"picked":"RocketKickup+1","floor":39.0},{"not_picked":["CurseofVladTepes+1","Cripple"],"picked":"TrickFate","floor":40.0},{"not_picked":["MiserableFate_Remiria","ServantFlier"],"picked":"StigmaNizer+1","floor":42},{"not_picked":["DoubleEdge+1","Tearing+1"],"picked":"BloodCollect","floor":44},{"not_picked":["Feint","BloodyMagicSquare"],"picked":"ChainGang","floor":45},{"not_picked":["NaturallyHealing","BloodySuit"],"picked":"FierceSweep","floor":46},{"not_picked":["ScarletNetherworld+1","BloodyMagicSquare"],"picked":"TrickFate","floor":49}],"player_experience":64753,"relics_obtained":[{"floor":7.0,"key":"Mummified Hand"},{"floor":9.0,"key":"Replay:Rubber Ducky"},{"floor":13.0,"key":"Regal Pillow"},{"floor":24.0,"key":"Lantern"},{"floor":26.0,"key":"Dream Catcher"},{"floor":42,"key":"Mirror"},{"floor":43,"key":"Blood Vial"}],"event_choices":[{"cards_removed":["Strike_Remiria"],"damage_healed":0.0,"max_hp_gain":0.0,"max_hp_loss":0.0,"gold_gain":0.0,"event_name":"Purifier","player_choice":"Purged","floor":3.0,"gold_loss":0.0,"damage_taken":0.0},{"damage_healed":96,"gold_gain":0,"player_choice":"Heal","damage_taken":0,"max_hp_gain":0,"max_hp_loss":14,"event_name":"The Moai Head","floor":48,"gold_loss":0}],"is_beta":false,"boss_relics":[{"not_picked":["Philosopher\u0027s Stone","SacredBark"],"picked":"Astrolabe"},{"not_picked":["Snecko Eye","Ring of Chaos"],"picked":"Fusion Hammer"}],"items_purged_floors":[],"is_endless":false,"potions_floor_spawned":[7,8,13,14,16,19,22,25,27,31,35,39,42,44],"ascension_level":0}}