{"host":"15dd7v8o90xso62x","time":1611997260,"event":{"mods":["BaseMod","Minty Spire (QoL Compilation)","Quick Restart","StSLib","SuperFastMode"],"gold_per_floor":[110,110,110,130,55,55,82,82,105,169,204,224,242,256,256,327,327,327],"floor_reached":17,"language":"KOR","playtime":541,"items_purged":["Strike_G"],"score":380,"play_id":"206e5280-e801-4ece-915f-190f96313145","local_time":"20210130180100","is_ascension_mode":true,"campfire_choices":[{"data":"Terror","floor":6,"key":"SMITH"},{"data":"Glass Knife","floor":8,"key":"SMITH"},{"data":"Cloak And Dagger","floor":15,"key":"SMITH"}],"circlet_count":0,"master_deck":["AscendersBane","Survivor","Neutralize","PiercingWail","Terror+1","Glass Knife+1","Cloak And Dagger+1","Phantasmal Killer","Terror","Backstab","Expertise","Setup","Dagger Throw","Setup","Terror","Tactician"],"relics":["Ring of the Snake","NeowsBlessing","Omamori","Art of War","Ornamental Fan","The Specimen","Pandora\u0027s Box"],"acts_visited":["Exordium","TheCity"],"potions_floor_usage":[11,16,16],"damage_taken":[{"damage":0,"enemies":"Jaw Worm","floor":1,"turns":1},{"damage":0,"enemies":"2 Louse","floor":4,"turns":1},{"damage":0,"enemies":"Gremlin Nob","floor":7,"turns":1},{"damage":7,"enemies":"3 Sentries","floor":10,"turns":10},{"damage":7,"enemies":"3 Sentries","floor":11,"turns":8},{"damage":0,"enemies":"Cultist","floor":12,"turns":3},{"damage":0,"enemies":"Red Slaver","floor":13,"turns":2},{"damage":3,"enemies":"Exordium Thugs","floor":14,"turns":6},{"damage":13,"enemies":"Hexaghost","floor":16,"turns":9}],"seed_played":"4454632984208398541","potions_obtained":[{"floor":1,"key":"FearPotion"},{"floor":4,"key":"Fire Potion"},{"floor":11,"key":"DuplicationPotion"},{"floor":12,"key":"LiquidMemories"},{"floor":14,"key":"Strength Potion"},{"floor":16,"key":"Poison Potion"}],"is_trial":false,"path_per_floor":["M","?","?","M","$","R","E","R","T","?","E","M","M","M","R","B",null],"character_chosen":"THE_SILENT","items_purchased":[],"campfire_rested":0,"item_purchase_floors":[],"current_hp_per_floor":[59,52,34,34,34,34,34,34,34,27,20,20,20,17,17,4,51,51],"gold":327,"neow_bonus":"THREE_ENEMY_KILL","is_daily":false,"chose_seed":false,"campfire_upgraded":3,"win_rate":0.0,"timestamp":1611997260,"path_taken":["M","?","?","M","$","R","E","R","T","?","E","M","M","M","R","BOSS"],"items_purchased_type":[],"build_version":"2020-12-22","purchased_purges":1,"victory":false,"max_hp_per_floor":[66,66,66,66,66,66,66,66,66,66,66,66,66,66,66,66,66,66],"card_choices":[{"not_picked":["Deflect","Setup"],"picked":"PiercingWail","floor":1},{"not_picked":["Blur","Acrobatics"],"picked":"Terror","floor":4},{"not_picked":["Sucker Punch","Calculated Gamble"],"picked":"Glass Knife","floor":7},{"not_picked":["Blur","All Out Attack"],"picked":"Cloak And Dagger","floor":11},{"not_picked":["Cloak And Dagger","Flying Knee","Leg Sweep"],"picked":"SKIP","floor":12},{"not_picked":["Cloak And Dagger","Slice","Deflect"],"picked":"SKIP","floor":13},{"not_picked":["Cloak And Dagger","Acrobatics","Slice"],"picked":"SKIP","floor":14},{"not_picked":["Wraith Form v2","Unload"],"picked":"Phantasmal Killer","floor":16}],"player_experience":902782,"relics_obtained":[{"floor":7,"key":"Art of War"},{"floor":11,"key":"The Specimen"}],"event_choices":[{"cards_removed":["Defend_G"],"damage_healed":0,"gold_gain":0,"player_choice":"Card Removal","damage_taken":7,"max_hp_gain":0,"max_hp_loss":0,"event_name":"Golden Wing","floor":2,"gold_loss":0},{"damage_healed":0,"gold_gain":0,"player_choice":"Success","damage_taken":18,"relics_obtained":["Omamori"],"max_hp_gain":0,"max_hp_loss":0,"event_name":"Scrap Ooze","floor":3,"gold_loss":0},{"damage_healed":0,"gold_gain":0,"player_choice":"Searched \u00272\u0027 times","damage_taken":0,"relics_obtained":["Ornamental Fan"],"max_hp_gain":0,"max_hp_loss":0,"event_name":"Dead Adventurer","floor":10,"gold_loss":0}],"is_beta":false,"boss_relics":[{"not_picked":["Ring of the Serpent","WristBlade"],"picked":"Pandora\u0027s Box"}],"items_purged_floors":[5],"is_endless":false,"potions_floor_spawned":[1,4,11,12,14,16],"ascension_level":20}}