{"host":"bgyhjzqafgkxdxsh","time":1611988754,"event":{"mods":["BaseMod","Colored Map","Downfall","Minty Spire (QoL Compilation)","Relic Stats","StSLib","everything is the same but u backflip on backflip"],"gold_per_floor":[199,199,215,91,111,145,172,185,201,233,248,277,77,87,101,204,204,204,220,230,249,265,292,317,334,349,449,137,137,137,7,22,123,123,123,133,152,348,348,448,475,375,407,422,203,216,244,260,274,274,274,301,4,4,4,4],"floor_reached":57,"language":"ENG","playtime":4806,"items_purged":["bronze:Defend","bronze:Strike","bronze:Replicate","bronze:Defend","bronze:Strike"],"score":1335,"play_id":"d610f74a-af77-4119-8523-34f0cd35cf53","local_time":"20210130163914","is_ascension_mode":false,"campfire_choices":[{"floor":1,"key":"RECALL"},{"floor":13,"key":"REST"},{"data":"bronze:FineTuning","floor":18,"key":"SMITH"},{"data":"bronze:Terminator","floor":30,"key":"SMITH"},{"data":"expansioncontent:QuickStudy","floor":35,"key":"SMITH"},{"data":"bronze:FindAndReplace","floor":42,"key":"SMITH"},{"data":"bronze:Goto","floor":54,"key":"SMITH"}],"circlet_count":0,"master_deck":["bronze:Strike","bronze:Defend","bronze:Defend","bronze:Goto+1","bronze:Shell","bronze:Flail","bronze:Boost","bronze:Constructor","bronze:Terminator+1","bronze:Iterate","bronze:BuggyMess","bronze:Shield","bronze:FollowUp","bronze:FineTuning+1","bronze:Return","bronze:FindAndReplace+1","bronze:Repair","bronze:BitShift","bronze:Turbo","bronze:FineTuning+1","bronze:Frontload","bronze:Branch+1","expansioncontent:QuickStudy+1","bronze:Separator+1","bronze:Verify","bronze:Repulsor+1","bronze:BitShift+1","bronze:Format","Panache"],"relics":["bronze:PlatinumCore","Blood Vial","MealTicket","Unceasing Top","Happy Flower","downfall:HeartBlessingGreen","downfall:HeartBlessingRed","Matryoshka","Gremlin Horn","Vajra","Torii","Mercury Hourglass","Membership Card","Kunai","SlaversCollar","Sling","downfall:GremlinWheel","Letter Opener","downfall:HeartBlessingBlue","bronze:SilverBullet","Mummified Hand","Omamori","Bronze Scales","ClockworkSouvenir","HornCleat"],"acts_visited":["Exordium","TheCity","TheBeyond","TheEnding"],"potions_floor_usage":[12,12,16,21,23,50,56],"damage_taken":[{"damage":0,"enemies":"Small Slimes","floor":3,"turns":3},{"damage":0,"enemies":"downfall:FleeingMerchant","floor":4,"turns":4},{"damage":1,"enemies":"Cultist","floor":5,"turns":3},{"damage":37,"enemies":"Gremlin Nob","floor":6,"turns":5},{"damage":0,"enemies":"Jaw Worm","floor":8,"turns":5},{"damage":1,"enemies":"2 Fungi Beasts","floor":9,"turns":2},{"damage":27,"enemies":"3 Sentries","floor":10,"turns":6},{"damage":1,"enemies":"Gremlin Gang","floor":11,"turns":2},{"damage":8,"enemies":"Gremlin Nob","floor":12,"turns":3},{"damage":0,"enemies":"2 Fungi Beasts","floor":14,"turns":4},{"damage":0,"enemies":"Large Slime","floor":15,"turns":5},{"damage":17,"enemies":"WA_ARCHETYPE_RETAIN","floor":16,"turns":6},{"damage":8,"enemies":"Chosen","floor":19,"turns":5},{"damage":0,"enemies":"Snake Plant","floor":20,"turns":3},{"damage":12,"enemies":"3 Cultists","floor":21,"turns":3},{"damage":3,"enemies":"Cultist and Chosen","floor":22,"turns":5},{"damage":27,"enemies":"Slavers","floor":23,"turns":2},{"damage":0,"enemies":"Snecko","floor":25,"turns":4},{"damage":0,"enemies":"Snake Plant","floor":26,"turns":2},{"damage":7,"enemies":"SI_SHIV_ARCHETYPE","floor":27,"turns":8},{"damage":0,"enemies":"downfall:FleeingMerchant","floor":28,"turns":4},{"damage":0,"enemies":"downfall:FleeingMerchant","floor":31,"turns":4},{"damage":8,"enemies":"Centurion and Healer","floor":32,"turns":3},{"damage":11,"enemies":"IC_MUSHROOM_ARCHETYPE","floor":33,"turns":5},{"damage":0,"enemies":"3 Shapes","floor":36,"turns":1},{"damage":0,"enemies":"Orb Walker","floor":37,"turns":2},{"damage":0,"enemies":"downfall:FleeingMerchant","floor":38,"turns":2},{"damage":6,"enemies":"downfall:FleeingMerchant","floor":40,"turns":3},{"damage":11,"enemies":"Nemesis","floor":43,"turns":9},{"damage":0,"enemies":"3 Darklings","floor":44,"turns":2},{"damage":0,"enemies":"Sphere and 2 Shapes","floor":46,"turns":2},{"damage":37,"enemies":"Giant Head","floor":47,"turns":8},{"damage":6,"enemies":"Writhing Mass","floor":48,"turns":5},{"damage":26,"enemies":"Spire Growth","floor":49,"turns":4},{"damage":8,"enemies":"SI_POISON_ARCHETYPE","floor":50,"turns":8},{"damage":12,"enemies":"downfall:CharBossMerchant","floor":52,"turns":7},{"damage":14,"enemies":"downfall:NeowBoss","floor":55,"turns":14},{"damage":11,"enemies":"downfall:NeowBossFinal","floor":56,"turns":10}],"seed_played":"-2835013681116874794","potions_obtained":[{"floor":5,"key":"hexamod:SoulburnPotion"},{"floor":9,"key":"Strength Potion"},{"floor":14,"key":"champ:CounterPotion"},{"floor":15,"key":"AttackPotion"},{"floor":19,"key":"PowerPotion"},{"floor":25,"key":"Fire Potion"},{"floor":27,"key":"FearPotion"},{"floor":48,"key":"AttackPotion"}],"is_trial":false,"path_per_floor":["R","?","M","$","M","E","T","M","M","E","M","E","R","M","M","B",null,"R","M","M","M","M","E","T","M","M","?","$","?","R","$","M","B",null,"R","M","M","$","?","?","T","R","E","M","$","M","E","M","M","B",null,"E","$","R","B","B",null],"character_chosen":"THE_AUTOMATON","items_purchased":["bronze:Boost","Membership Card","expansioncontent:QuickStudy","FairyPotion","Sling","Mummified Hand","ClockworkSouvenir","HornCleat","Panache"],"campfire_rested":1,"item_purchase_floors":[4,28,28,31,38,45,53,53,53],"current_hp_per_floor":[70,70,70,70,69,32,32,34,35,10,11,5,26,28,30,15,70,70,62,70,58,64,39,39,48,50,45,62,62,62,70,62,60,70,70,70,70,70,80,74,74,84,80,82,90,90,54,57,40,42,90,78,90,90,76,74],"gold":4,"neow_bonus":"HUNDRED_GOLD","is_daily":false,"chose_seed":false,"campfire_upgraded":5,"win_rate":0.0,"timestamp":1611988754,"path_taken":["R","?","M","$","M","E","T","M","M","E","M","E","R","M","M","BOSS","R","M","?","?","M","E","T","M","?","?","$","?","R","$","M","BOSS","R","M","M","$","?","?","T","R","E","M","$","M","E","?","M","BOSS","E","$","R","BOSS","BOSS"],"items_purchased_type":["Card","Relic","Card","Potion","Relic","Relic","Relic","Relic","Card"],"build_version":"2020-12-22","purchased_purges":5,"victory":true,"max_hp_per_floor":[70,70,70,70,70,70,70,70,70,70,70,70,70,70,70,70,70,70,70,70,70,70,70,70,70,70,70,70,70,70,70,70,70,70,70,70,70,70,80,80,80,90,90,90,90,90,90,90,90,90,90,90,90,90,90,90],"relic_stats":{"Happy Flower":[46],"Gremlin Horn":[11,11],"Torii":5,"counters":[38,173],"Letter Opener":[153],"Mercury Hourglass":[231],"Blood Vial":44,"Mummified Hand":[18],"Bronze Scales":[56],"MealTicket":43,"Kunai":[51],"obtain_stats":[{"bronze:PlatinumCore":17,"bronze:BronzeCore":0,"Gremlin Horn":24,"Torii":27,"Vajra":24,"downfall:HeartBlessingGreen":13,"Sling":38,"ClockworkSouvenir":53,"Blood Vial":6,"Matryoshka":23,"downfall:GremlinWheel":40,"HornCleat":53,"downfall:HeartBlessingBlue":42,"Mummified Hand":45,"MealTicket":7,"Kunai":29,"Happy Flower":12,"downfall:HeartBlessingRed":13,"Omamori":47,"Letter Opener":41,"Mercury Hourglass":27,"SlaversCollar":34,"Bronze Scales":52,"Membership Card":28,"bronze:SilverBullet":43,"Unceasing Top":10},{"bronze:PlatinumCore":12,"bronze:BronzeCore":0,"Gremlin Horn":17,"Torii":20,"Vajra":17,"downfall:HeartBlessingGreen":9,"Sling":27,"ClockworkSouvenir":36,"Blood Vial":4,"Matryoshka":17,"downfall:GremlinWheel":28,"HornCleat":36,"downfall:HeartBlessingBlue":28,"Mummified Hand":30,"MealTicket":4,"Kunai":21,"Happy Flower":9,"downfall:HeartBlessingRed":9,"Omamori":32,"Letter Opener":28,"Mercury Hourglass":20,"SlaversCollar":24,"Bronze Scales":36,"Membership Card":21,"bronze:SilverBullet":29,"Unceasing Top":7},{"bronze:PlatinumCore":48,"bronze:BronzeCore":0,"Gremlin Horn":66,"Torii":80,"Vajra":66,"downfall:HeartBlessingGreen":33,"Sling":101,"ClockworkSouvenir":149,"Blood Vial":15,"Matryoshka":66,"downfall:GremlinWheel":104,"HornCleat":149,"downfall:HeartBlessingBlue":104,"Mummified Hand":115,"MealTicket":15,"Kunai":84,"Happy Flower":33,"downfall:HeartBlessingRed":33,"Omamori":125,"Letter Opener":104,"Mercury Hourglass":80,"SlaversCollar":96,"Bronze Scales":149,"Membership Card":84,"bronze:SilverBullet":113,"Unceasing Top":28}],"Unceasing Top":[51]},"card_choices":[{"not_picked":["bronze:CutThrough","bronze:Separator"],"picked":"bronze:Shell","floor":3},{"not_picked":["bronze:DelayedGuard","bronze:WhirlingStrike"],"picked":"bronze:Flail","floor":4},{"not_picked":["bronze:OilSpill","bronze:Shell"],"picked":"bronze:Constructor","floor":5},{"not_picked":["bronze:Deprecate","bronze:BurnOut"],"picked":"bronze:Terminator","floor":6},{"not_picked":["bronze:Deprecate","bronze:WhirlingStrike"],"picked":"bronze:Iterate","floor":8},{"not_picked":["bronze:Turbo","bronze:Flail"],"picked":"bronze:BuggyMess","floor":9},{"not_picked":["bronze:Backtrace","bronze:OilSpill"],"picked":"bronze:Shield","floor":10},{"not_picked":["bronze:ChosenStrike","bronze:BugBarrage"],"picked":"bronze:FollowUp","floor":11},{"not_picked":["bronze:Deprecate","bronze:Shield"],"picked":"bronze:FineTuning","floor":12},{"not_picked":["bronze:Flail","bronze:Boost"],"picked":"bronze:Return","floor":14},{"not_picked":["bronze:DigitalCarnage","bronze:Shield","bronze:Iterate"],"picked":"SKIP","floor":15},{"not_picked":["bronze:Mutator","bronze:AlphaBuild"],"picked":"bronze:FindAndReplace","floor":16},{"not_picked":["bronze:OilSpill","bronze:Philosophize"],"picked":"bronze:Repair","floor":19},{"not_picked":["bronze:Allocate","bronze:Deprecate"],"picked":"bronze:BitShift","floor":20},{"not_picked":["bronze:Overheat","bronze:BugBarrage+1","bronze:Fortify"],"picked":"SKIP","floor":21},{"not_picked":["bronze:DelayedSlice","bronze:OilSpill"],"picked":"bronze:Turbo","floor":22},{"not_picked":["bronze:Optimize+1","bronze:DigitalCarnage"],"picked":"bronze:RecursiveStrike","floor":23},{"not_picked":["bronze:Iterate","bronze:OilSpill"],"picked":"bronze:FineTuning+1","floor":25},{"not_picked":["bronze:Separator+1","bronze:WhirlingStrike","bronze:FineTuning"],"picked":"SKIP","floor":26},{"not_picked":["bronze:NullPointer+1","bronze:Allocate"],"picked":"bronze:Frontload","floor":27},{"not_picked":["bronze:ShipIt","bronze:BurnOut"],"picked":"bronze:Branch+1","floor":28},{"not_picked":["bronze:OilSpill+1","bronze:FineTuning","bronze:BitShift+1"],"picked":"SKIP","floor":31},{"not_picked":["bronze:Shell+1","bronze:Invalidate"],"picked":"bronze:Separator+1","floor":32},{"not_picked":["bronze:ShipIt","bronze:FindAndReplace"],"picked":"bronze:Verify","floor":33},{"not_picked":["bronze:Overheat","bronze:WildBeam+1","bronze:Shield+1"],"picked":"SKIP","floor":36},{"not_picked":["bronze:DelayedSlice","bronze:CutThrough"],"picked":"bronze:Repulsor+1","floor":37},{"not_picked":["bronze:WildBeam","bronze:Deprecate","bronze:Terminator+1"],"picked":"SKIP","floor":38},{"not_picked":["bronze:BitShift+1","bronze:MaxOutput","bronze:CutThrough+1"],"picked":"SKIP","floor":43},{"not_picked":["bronze:Flail+1","bronze:Turbo","bronze:ChosenStrike"],"picked":"SKIP","floor":44},{"not_picked":["bronze:ForLoop","bronze:Overheat+1"],"picked":"bronze:BitShift+1","floor":46},{"not_picked":["bronze:OilSpill","bronze:Boost+1","bronze:Overheat"],"picked":"SKIP","floor":47},{"not_picked":["bronze:BitShift","bronze:Constructor","bronze:Flail+1"],"picked":"SKIP","floor":48},{"not_picked":["bronze:WildBeam","bronze:Return+1","bronze:WhirlingStrike"],"picked":"SKIP","floor":49},{"not_picked":["bronze:MaxOutput","bronze:GetLatest"],"picked":"bronze:Format","floor":52}],"player_experience":479449,"relics_obtained":[{"floor":6,"key":"Blood Vial"},{"floor":7,"key":"MealTicket"},{"floor":10,"key":"Unceasing Top"},{"floor":12,"key":"Happy Flower"},{"floor":23,"key":"Matryoshka"},{"floor":24,"key":"Gremlin Horn"},{"floor":24,"key":"Vajra"},{"floor":27,"key":"Torii"},{"floor":27,"key":"Mercury Hourglass"},{"floor":40,"key":"downfall:GremlinWheel"},{"floor":41,"key":"Letter Opener"},{"floor":43,"key":"bronze:SilverBullet"},{"floor":47,"key":"Omamori"},{"floor":52,"key":"Bronze Scales"}],"event_choices":[{"damage_healed":0,"gold_gain":0,"player_choice":"Gold","damage_taken":0,"max_hp_gain":0,"max_hp_loss":0,"event_name":"Wheel of Change","floor":54,"gold_loss":0}],"is_beta":false,"boss_relics":[{"not_picked":["Coffee Dripper","Tiny House"],"picked":"bronze:PlatinumCore"},{"not_picked":["Fusion Hammer","Velvet Choker"],"picked":"SlaversCollar"}],"items_purged_floors":[4,28,31,38,45],"is_endless":false,"potions_floor_spawned":[5,9,14,15,19,25,27,32,33,36,40,47,48],"ascension_level":0}}