{"host":"hszimsrtxxc2k25w","time":1611984317,"event":{"mods":["AchievementEnabler","BaseMod","Colored Map","DeckTracker","Minty Spire (QoL Compilation)","Rare Cards Sparkle","SuperFastMode"],"gold_per_floor":[110,35,47,60,0,0,16,32,32,52,63,63,63,77,77,148,148,165,65,65,65,78,78,91,91,164,164,174,174,184,199,199,199,199],"floor_reached":33,"language":"KOR","playtime":1028,"items_purged":["Strike_G","Distraction"],"score":474,"play_id":"bc755265-123a-4b48-9421-b7e45ae1d2f9","local_time":"20210130142517","is_ascension_mode":true,"campfire_choices":[{"data":"Backstab","floor":6.0,"key":"SMITH"},{"floor":15,"key":"REST"},{"floor":23,"key":"REST"},{"data":"Prepared","floor":29,"key":"SMITH"},{"data":"Calculated Gamble","floor":32,"key":"SMITH"}],"circlet_count":0,"master_deck":["AscendersBane","Survivor","Neutralize","Escape Plan","PiercingWail","Prepared+1","Backstab+1","Endless Agony","Crippling Poison","Bane","Dash","Backflip","Burst","Deadly Poison","Wraith Form v2","Tactician","Reflex","PiercingWail","PiercingWail+1","Footwork","Calculated Gamble+1"],"relics":["Ring of the Snake","Ornamental Fan","Pandora\u0027s Box","HornCleat"],"acts_visited":["Exordium","TheCity"],"potions_floor_usage":[11,16,16,30],"damage_taken":[{"damage":0.0,"enemies":"Cultist","floor":1.0,"turns":5.0},{"damage":0.0,"enemies":"Jaw Worm","floor":3.0,"turns":6.0},{"damage":0.0,"enemies":"2 Louse","floor":4.0,"turns":3.0},{"damage":4.0,"enemies":"Looter","floor":5.0,"turns":5.0},{"damage":13.0,"enemies":"Gremlin Gang","floor":7.0,"turns":7.0},{"damage":18.0,"enemies":"Exordium Wildlife","floor":8.0,"turns":7.0},{"damage":2.0,"enemies":"Red Slaver","floor":10.0,"turns":3.0},{"damage":12,"enemies":"Exordium Thugs","floor":11,"turns":4},{"damage":2,"enemies":"Blue Slaver","floor":14,"turns":3},{"damage":30,"enemies":"Hexaghost","floor":16,"turns":12},{"damage":12,"enemies":"Chosen","floor":18,"turns":5},{"damage":33,"enemies":"3 Byrds","floor":22,"turns":8},{"damage":3,"enemies":"Snake Plant","floor":24,"turns":6},{"damage":1,"enemies":"Snecko","floor":28,"turns":6},{"damage":0,"enemies":"Shelled Parasite and Fungi","floor":30,"turns":6},{"damage":2,"enemies":"Snake Plant","floor":31,"turns":6},{"damage":0,"enemies":"Automaton","floor":33,"turns":3}],"seed_played":"6106259300427732767","potions_obtained":[{"floor":1.0,"key":"PowerPotion"},{"floor":7.0,"key":"FearPotion"},{"floor":14,"key":"Regen Potion"},{"floor":21,"key":"EssenceOfSteel"},{"floor":21,"key":"ColorlessPotion"},{"floor":31,"key":"Ancient Potion"}],"is_trial":false,"path_per_floor":["M","$","M","M","M","R","M","M","T","M","M","?","?","M","R","B",null,"M","$","?","?","M","R","M","$","T","?","M","R","M","M","R","B"],"character_chosen":"THE_SILENT","items_purchased":[],"campfire_rested":2,"item_purchase_floors":[],"current_hp_per_floor":[59,59,59,59,55,55,42,24,24,22,10,10,10,8,26,11,48,36,36,36,36,3,21,18,18,18,18,17,17,17,15,15,15,15],"gold":199,"neow_bonus":"REMOVE_TWO","is_daily":false,"chose_seed":false,"campfire_upgraded":3,"win_rate":0.0,"timestamp":1611984317,"path_taken":["M","$","M","?","M","R","M","M","T","M","M","?","?","M","R","BOSS","M","$","?","?","?","R","M","$","T","?","M","R","?","M","R","BOSS"],"items_purchased_type":[],"build_version":"2020-12-22","purchased_purges":2,"victory":false,"max_hp_per_floor":[60,60,60,60,60,60,60,60,60,60,60,60,60,60,60,60,60,60,60,60,60,60,60,60,60,60,60,60,60,60,60,60,60,60],"card_choices":[{"not_picked":["Sucker Punch","Underhanded Strike"],"picked":"Escape Plan","floor":1.0},{"not_picked":["Flechettes","Slice"],"picked":"PiercingWail","floor":3.0},{"not_picked":["Dodge and Roll","Flying Knee"],"picked":"Prepared","floor":4.0},{"not_picked":["Acrobatics","Flying Knee"],"picked":"Backstab","floor":5.0},{"not_picked":["Bane","Slice"],"picked":"Endless Agony","floor":7.0},{"not_picked":["Footwork","Sucker Punch"],"picked":"Crippling Poison","floor":8.0},{"not_picked":["Doppelganger","Flechettes"],"picked":"Bane","floor":10.0},{"not_picked":["Dodge and Roll","Escape Plan"],"picked":"Dash","floor":11},{"not_picked":["Flechettes","Finisher"],"picked":"Backflip","floor":14},{"not_picked":["Phantasmal Killer","A Thousand Cuts"],"picked":"Burst","floor":16},{"not_picked":["Flying Knee","Flechettes"],"picked":"PiercingWail","floor":18},{"not_picked":["Terror","Deadly Poison","Poisoned Stab"],"picked":"SKIP","floor":22},{"not_picked":["Flechettes","Setup"],"picked":"PiercingWail+1","floor":24},{"not_picked":["Expertise","Quick Slash","Underhanded Strike"],"picked":"SKIP","floor":28},{"not_picked":["Backflip","Choke+1","Terror"],"picked":"SKIP","floor":30},{"not_picked":["Dagger Throw+1","Crippling Poison"],"picked":"Calculated Gamble","floor":31}],"player_experience":652143,"relics_obtained":[{"floor":9.0,"key":"Ornamental Fan"},{"floor":26,"key":"HornCleat"}],"event_choices":[{"damage_healed":0,"gold_gain":0,"player_choice":"Ignored","damage_taken":0,"max_hp_gain":0,"max_hp_loss":0,"event_name":"Liars Game","floor":12,"gold_loss":0},{"damage_healed":0,"gold_gain":0,"player_choice":"Ignored","damage_taken":0,"max_hp_gain":0,"max_hp_loss":0,"event_name":"Shining Light","floor":13,"gold_loss":0},{"cards_removed":["Slice"],"damage_healed":0,"gold_gain":0,"player_choice":"Elegance","damage_taken":0,"max_hp_gain":0,"max_hp_loss":0,"event_name":"Back to Basics","floor":20,"gold_loss":0},{"damage_healed":0,"gold_gain":0,"player_choice":"Got Potions","damage_taken":0,"max_hp_gain":0,"max_hp_loss":0,"event_name":"Lab","floor":21,"gold_loss":0},{"damage_healed":0,"gold_gain":0,"cards_transformed":["Terror"],"player_choice":"Transformed","damage_taken":0,"max_hp_gain":0,"max_hp_loss":0,"event_name":"Transmorgrifier","floor":27,"gold_loss":0,"cards_obtained":["Footwork"]}],"is_beta":false,"boss_relics":[{"not_picked":["Astrolabe","Calling Bell"],"picked":"Pandora\u0027s Box"}],"items_purged_floors":[2,19],"is_endless":false,"potions_floor_spawned":[1,7,8,10,14,22,28,31],"killed_by":"Automaton","ascension_level":19}}