{"host":"928gv66myv2vlnsd","time":1611983432,"event":{"mods":["BaseMod","Minty Spire (QoL Compilation)","StSLib"],"gold_per_floor":[17,29,29,44,69,103,103,78,105,105,129,150,166,199,199,199,199],"floor_reached":16,"language":"ENG","playtime":1983,"items_purged":[],"score":208,"play_id":"47bdd2bd-3fe8-4e47-bc96-55bf6b85241f","local_time":"20210130001032","is_ascension_mode":true,"campfire_choices":[{"floor":7,"key":"REST"},{"floor":10,"key":"REST"},{"data":"Sword Boomerang","floor":15,"key":"SMITH"}],"circlet_count":0,"master_deck":["AscendersBane","Strike_R","Strike_R","Strike_R","Strike_R","Strike_R","Defend_R","Defend_R","Defend_R","Defend_R","Bash","Shrug It Off","Sword Boomerang+1","Shrug It Off","True Grit","Spot Weakness"],"relics":["Burning Blood","Peace Pipe","Golden Idol","Lantern","MealTicket","CeramicFish"],"acts_visited":["Exordium"],"potions_floor_usage":[],"damage_taken":[{"damage":10,"enemies":"2 Louse","floor":1,"turns":4},{"damage":2,"enemies":"Jaw Worm","floor":2,"turns":5},{"damage":4,"enemies":"Small Slimes","floor":4,"turns":3},{"damage":9,"enemies":"Blue Slaver","floor":5,"turns":6},{"damage":56,"enemies":"Gremlin Nob","floor":6,"turns":5},{"damage":22,"enemies":"Large Slime","floor":12,"turns":14},{"damage":7,"enemies":"3 Louse","floor":13,"turns":4},{"damage":3,"enemies":"2 Fungi Beasts","floor":14,"turns":5},{"damage":51,"enemies":"Slime Boss","floor":16,"turns":7}],"seed_played":"-6561579922518215458","potions_obtained":[{"floor":4,"key":"BlessingOfTheForge"},{"floor":6,"key":"BlessingOfTheForge"}],"is_trial":false,"path_per_floor":["M","M","?","M","M","E","R","$","T","R","T","M","M","M","R","B"],"character_chosen":"IRONCLAD","items_purchased":["True Grit"],"campfire_rested":2,"item_purchase_floors":[8],"current_hp_per_floor":[64,68,68,68,65,15,35,35,35,55,55,39,38,41,41,0,0],"gold":199,"neow_bonus":"ONE_RARE_RELIC","is_daily":false,"chose_seed":false,"campfire_upgraded":1,"win_rate":0.0,"timestamp":1611983432,"path_taken":["M","M","?","M","M","E","R","$","T","R","?","M","M","?","R","BOSS"],"items_purchased_type":["Card"],"build_version":"2020-12-22","purchased_purges":0,"victory":false,"max_hp_per_floor":[75,75,68,68,68,68,68,68,68,68,68,68,68,68,68,68,68],"card_choices":[{"not_picked":["True Grit","Clash"],"picked":"Shrug It Off","floor":1},{"not_picked":["Havoc","Clash"],"picked":"Sword Boomerang","floor":2},{"not_picked":["Havoc","Sword Boomerang","Clash"],"picked":"SKIP","floor":4},{"not_picked":["Warcry","Wild Strike"],"picked":"Shrug It Off","floor":5},{"not_picked":["Dual Wield","Clothesline","Flex"],"picked":"SKIP","floor":6},{"not_picked":["Double Tap","Clash","Thunderclap"],"picked":"SKIP","floor":12},{"not_picked":["Rage","Flex","Havoc"],"picked":"SKIP","floor":13},{"not_picked":["Heavy Blade","Thunderclap"],"picked":"Spot Weakness","floor":14}],"player_experience":1382101,"relics_obtained":[{"floor":6,"key":"Lantern"},{"floor":9,"key":"MealTicket"},{"floor":11,"key":"CeramicFish"}],"event_choices":[{"damage_healed":0,"gold_gain":0,"player_choice":"Lose Max HP","damage_taken":0,"relics_obtained":["Golden Idol"],"max_hp_gain":0,"max_hp_loss":7,"event_name":"Golden Idol","floor":3,"gold_loss":0}],"is_beta":false,"boss_relics":[],"items_purged_floors":[],"is_endless":false,"potions_floor_spawned":[4,6,14],"killed_by":"Slime Boss","ascension_level":20}}