{"host":"aj7el8l5kufbk20z","time":1611989220,"event":{"mods":["AchievementEnabler","BaseMod","Colored Map","Colored Powertips","Curses Come First","Highlight Path","Minty Spire (QoL Compilation)","Permanent Neow","Poor People Problems","Quick Restart","Rare Cards Sparkle","Relic Stats","StSLib","SuperFastMode","Waifu the Spire"],"gold_per_floor":[110,110,666,666,677,703,221,235,235,263,327,327,362,378,378,456,456,469,469,488,2566,2566,2596,2596,2629,2697,2697,2612,2637,2028,2042,2042,2119,2119,2139,2139,1423,1436,1333,1333,1364,1401,1413,1445,1457,141,188,200,200,200],"floor_reached":51,"language":"ZHS","playtime":2509,"items_purged":["Strike_G","Strike_G","Strike_G","Strike_G","Strike_G","Defend_G"],"score":1924,"play_id":"6117bbb5-d1c9-4af6-b5cf-fd33ed0fe67e","local_time":"20210130144700","is_ascension_mode":true,"campfire_choices":[{"data":"Footwork","floor":12.0,"key":"SMITH"},{"data":"Accuracy","floor":15.0,"key":"SMITH"},{"data":"Blade Dance","floor":24.0,"key":"SMITH"},{"data":"Footwork","floor":32.0,"key":"SMITH"},{"data":"Footwork","floor":40.0,"key":"SMITH"},{"data":"Backflip","floor":45.0,"key":"SMITH"},{"data":"Accuracy","floor":49,"key":"SMITH"}],"circlet_count":0,"master_deck":["AscendersBane","Defend_G","Survivor+1","Neutralize+1","Backstab+1","Dagger Spray+1","Blade Dance+1","Footwork+1","Acrobatics+1","Accuracy+1","Prepared+1","Caltrops+1","Crippling Poison","Backflip+1","Terror","Tactician+1","Cloak And Dagger+1","Footwork+1","Footwork+1","Backflip+1","Blur+1","After Image","Noxious Fumes","Madness+1","Madness+1","Blade Dance+1","Bouncing Flask+1","Deflect+1","Infinite Blades","Crippling Poison+1","After Image","Accuracy+1","Escape Plan+1"],"relics":["WristBlade","Molten Egg 2","Juzu Bracelet","TwistedFunnel","Regal Pillow","Bird Faced Urn","Mercury Hourglass","Mummified Hand","Blue Candle","Omamori","Ancient Tea Set","Bronze Scales","Calling Bell","MealTicket","Ninja Scroll","Ginger","Ice Cream","Prayer Wheel","Lee\u0027s Waffle","Nunchaku","Bag of Preparation","Meat on the Bone","Toxic Egg 2","Singing Bowl","Bottled Flame","Orrery","Empty Cage","Medical Kit","Orichalcum","Whetstone","The Specimen","MawBank","Lizard Tail","The Courier","DollysMirror","Anchor","War Paint","War Paint","Pen Nib","Bag of Marbles","Question Card","Girya","Toy Ornithopter","Calipers"],"acts_visited":["Exordium","TheCity","TheBeyond"],"potions_floor_usage":[50,50],"damage_taken":[{"damage":0.0,"enemies":"2 Louse","floor":1.0,"turns":3.0},{"damage":0.0,"enemies":"Cultist","floor":5.0,"turns":4.0},{"damage":17.0,"enemies":"3 Sentries","floor":6.0,"turns":8.0},{"damage":0.0,"enemies":"Small Slimes","floor":8.0,"turns":1.0},{"damage":20.0,"enemies":"Lagavulin","floor":10.0,"turns":5.0},{"damage":20.0,"enemies":"Lagavulin Event","floor":11.0,"turns":4.0},{"damage":4.0,"enemies":"3 Sentries","floor":13.0,"turns":4.0},{"damage":0.0,"enemies":"Red Slaver","floor":14.0,"turns":2.0},{"damage":0.0,"enemies":"The Guardian","floor":16.0,"turns":8.0},{"damage":0.0,"enemies":"Spheric Guardian","floor":18.0,"turns":3.0},{"damage":15.0,"enemies":"Shell Parasite","floor":20.0,"turns":2.0},{"damage":22.0,"enemies":"Book of Stabbing","floor":23.0,"turns":4.0},{"damage":0.0,"enemies":"Gremlin Leader","floor":25.0,"turns":3.0},{"damage":0.0,"enemies":"Book of Stabbing","floor":29.0,"turns":3.0},{"damage":0.0,"enemies":"Shelled Parasite and Fungi","floor":31.0,"turns":1.0},{"damage":0.0,"enemies":"Collector","floor":33.0,"turns":5.0},{"damage":28.0,"enemies":"3 Shapes","floor":35.0,"turns":3.0},{"damage":0.0,"enemies":"3 Darklings","floor":38.0,"turns":1.0},{"damage":31.0,"enemies":"Reptomancer","floor":41.0,"turns":3.0},{"damage":10.0,"enemies":"Mind Bloom Boss Battle","floor":42.0,"turns":4.0},{"damage":0.0,"enemies":"Transient","floor":44.0,"turns":6.0},{"damage":0.0,"enemies":"2 Orb Walkers","floor":47.0,"turns":2.0},{"damage":0.0,"enemies":"4 Shapes","floor":48.0,"turns":3.0},{"damage":0,"enemies":"Time Eater","floor":50,"turns":5}],"seed_played":"-8075217941776238343","potions_obtained":[{"floor":1.0,"key":"AttackPotion"},{"floor":8.0,"key":"ColorlessPotion"},{"floor":11.0,"key":"Energy Potion"},{"floor":22.0,"key":"Strength Potion"}],"is_trial":false,"path_per_floor":["M","?","$","$","M","E","$","M","T","E","?","R","E","M","R","B",null,"M","?","M","$","?","E","R","E","T","?","?","E","$","M","R","B",null,"M","?","$","M","?","R","E","?","T","M","R","$","?","M","R","B",null],"character_chosen":"THE_SILENT","items_purchased":["Molten Egg 2","Juzu Bracelet","TwistedFunnel","Regal Pillow","Bird Faced Urn","Mummified Hand","Footwork","Ice Cream","Prayer Wheel","Lee\u0027s Waffle","Bottled Flame","Orrery","Medical Kit","Orichalcum","Blade Dance+1","Whetstone","DollysMirror","Anchor","War Paint","War Paint","Pen Nib","Bag of Marbles","Question Card","Girya","Toy Ornithopter"],"campfire_rested":0,"item_purchase_floors":[3,3,3,4,4,7,7,21,21,21,30,30,37,37,37,37,46,46,46,46,46,46,46,46,46],"current_hp_per_floor":[59,59,59,59,59,42,42,42,42,24,46,46,46,48,48,54,63,66,66,55,73,73,56,56,62,62,62,62,68,77,79,79,79,79,60,45,60,62,62,62,83,77,77,85,85,85,85,87,87,87],"gold":200,"neow_bonus":"BOSS_RELIC","is_daily":false,"chose_seed":false,"campfire_upgraded":7,"win_rate":0.0,"timestamp":1611989220,"path_taken":["M","?","?","$","M","E","$","M","T","E","?","R","E","M","R","BOSS","M","?","M","$","?","E","R","E","T","?","?","E","$","M","R","BOSS","M","?","$","M","?","R","E","?","T","M","R","$","?","M","R","BOSS"],"items_purchased_type":["Relic","Relic","Relic","Relic","Relic","Relic","Card","Relic","Relic","Relic","Relic","Relic","Relic","Relic","Card","Relic","Relic","Relic","Relic","Relic","Relic","Relic","Relic","Relic","Relic"],"build_version":"2020-12-22","purchased_purges":6,"victory":true,"max_hp_per_floor":[66,66,66,66,66,66,66,66,66,66,66,66,66,66,66,66,66,66,66,66,73,73,73,73,73,73,73,73,73,77,79,79,79,79,81,81,81,81,81,81,83,83,83,85,85,85,85,87,87,87],"relic_stats":{"Regal Pillow":0,"Singing Bowl":14,"Juzu Bracelet":4,"Bag of Preparation":[22],"Ginger":[5],"Whetstone":["Neutralize","Backstab"],"Nunchaku":[16],"Lizard Tail":0,"Mummified Hand":[78],"MealTicket":31,"Prayer Wheel":5,"Lee\u0027s Waffle":7,"counters":[24,87],"Blue Candle":[0],"Pen Nib":[3],"Orichalcum":[24],"War Paint":["Prepared","Survivor","Tactician","Acrobatics"],"Medical Kit":[0],"MawBank":60,"Question Card":3,"Mercury Hourglass":[286],"Bird Faced Urn":[45],"Bronze Scales":[168],"obtain_stats":[{"TwistedFunnel":3,"Ice Cream":21,"Regal Pillow":4,"Calipers":47,"Singing Bowl":29,"Juzu Bracelet":3,"Bag of Preparation":25,"Ginger":17,"Whetstone":37,"Ancient Tea Set":11,"Empty Cage":34,"Nunchaku":23,"Lizard Tail":42,"WristBlade":0,"Mummified Hand":7,"Ninja Scroll":17,"DollysMirror":46,"MealTicket":17,"Prayer Wheel":21,"Toxic Egg 2":28,"Ring of the Snake":0,"Girya":46,"Lee\u0027s Waffle":21,"The Specimen":39,"Blue Candle":9,"The Courier":43,"Pen Nib":46,"Omamori":10,"Orichalcum":37,"War Paint":46,"Medical Kit":37,"MawBank":41,"Question Card":46,"Mercury Hourglass":6,"Calling Bell":17,"Bottled Flame":30,"Anchor":46,"Bird Faced Urn":4,"Bronze Scales":13,"Orrery":30,"Molten Egg 2":3,"Bag of Marbles":46,"Toy Ornithopter":46,"Meat on the Bone":26},{"TwistedFunnel":1,"Ice Cream":11,"Regal Pillow":1,"Calipers":22,"Singing Bowl":14,"Juzu Bracelet":1,"Bag of Preparation":13,"Ginger":9,"Whetstone":17,"Ancient Tea Set":6,"Empty Cage":16,"Nunchaku":12,"Lizard Tail":20,"WristBlade":0,"Mummified Hand":3,"Ninja Scroll":9,"DollysMirror":21,"MealTicket":9,"Prayer Wheel":11,"Toxic Egg 2":13,"Ring of the Snake":0,"Girya":21,"Lee\u0027s Waffle":11,"The Specimen":18,"Blue Candle":4,"The Courier":20,"Pen Nib":21,"Omamori":5,"Orichalcum":17,"War Paint":21,"Medical Kit":17,"MawBank":19,"Question Card":21,"Mercury Hourglass":3,"Calling Bell":9,"Bottled Flame":14,"Anchor":21,"Bird Faced Urn":1,"Bronze Scales":7,"Orrery":14,"Molten Egg 2":1,"Bag of Marbles":21,"Toy Ornithopter":21,"Meat on the Bone":13},{"TwistedFunnel":3,"Ice Cream":44,"Regal Pillow":3,"Calipers":79,"Singing Bowl":54,"Juzu Bracelet":3,"Bag of Preparation":51,"Ginger":39,"Whetstone":63,"Ancient Tea Set":25,"Empty Cage":60,"Nunchaku":48,"Lizard Tail":71,"WristBlade":0,"Mummified Hand":15,"Ninja Scroll":39,"DollysMirror":77,"MealTicket":39,"Prayer Wheel":44,"Toxic Egg 2":51,"Ring of the Snake":0,"Girya":77,"Lee\u0027s Waffle":44,"The Specimen":64,"Blue Candle":16,"The Courier":71,"Pen Nib":77,"Omamori":21,"Orichalcum":63,"War Paint":77,"Medical Kit":63,"MawBank":67,"Question Card":77,"Mercury Hourglass":15,"Calling Bell":39,"Bottled Flame":54,"Anchor":77,"Bird Faced Urn":3,"Bronze Scales":29,"Orrery":54,"Molten Egg 2":3,"Bag of Marbles":77,"Toy Ornithopter":77,"Meat on the Bone":51}],"Toy Ornithopter":0,"Meat on the Bone":0},"card_choices":[{"not_picked":["Expertise","Slice"],"picked":"Backstab","floor":1.0},{"not_picked":["Dagger Throw+1","Quick Slash+1"],"picked":"Dagger Spray+1","floor":5.0},{"not_picked":["Backstab+1","Distraction"],"picked":"Blade Dance","floor":6.0},{"not_picked":["Underhanded Strike+1","Reflex"],"picked":"Acrobatics","floor":8.0},{"not_picked":["Choke+1","All Out Attack+1"],"picked":"Accuracy","floor":10.0},{"not_picked":["Flechettes+1","Slice+1"],"picked":"Prepared","floor":11.0},{"not_picked":["Bane+1","Dagger Spray+1","Quick Slash+1"],"picked":"SKIP","floor":13.0},{"not_picked":["Underhanded Strike+1","Leg Sweep"],"picked":"Caltrops","floor":14.0},{"not_picked":["Backstab+1","Flying Knee+1"],"picked":"Crippling Poison","floor":18.0},{"not_picked":["Dodge and Roll","Flying Knee+1"],"picked":"Backflip","floor":20.0},{"not_picked":["Choke+1","Skewer+1"],"picked":"Terror","floor":23.0},{"not_picked":["Night Terror","Dagger Throw+1"],"picked":"Tactician","floor":25.0},{"not_picked":["Outmaneuver+1","Prepared+1"],"picked":"Cloak And Dagger+1","floor":29.0},{"not_picked":["Bane+1","Dagger Spray+1","Flying Knee+1"],"picked":"Singing Bowl","floor":30.0},{"not_picked":["Quick Slash+1","Escape Plan+1"],"picked":"Footwork","floor":30.0},{"not_picked":["Sucker Punch+1","Underhanded Strike+1"],"picked":"Footwork","floor":30.0},{"not_picked":["Bane+1","Bullet Time+1","Endless Agony+1"],"picked":"Singing Bowl","floor":30.0},{"not_picked":["Acrobatics+1","Flying Knee+1"],"picked":"Backflip+1","floor":30.0},{"not_picked":["Masterful Stab+1","Backstab+1"],"picked":"Blur+1","floor":31.0},{"not_picked":["Concentrate+1","Acrobatics+1","Backflip+1"],"picked":"Singing Bowl","floor":31.0},{"not_picked":["Night Terror+1","Venomology+1"],"picked":"After Image","floor":33.0},{"not_picked":["Riddle With Holes+1","Dodge and Roll+1"],"picked":"Noxious Fumes","floor":35.0},{"not_picked":["Underhanded Strike+1","Dagger Spray+1","Deflect+1"],"picked":"Singing Bowl","floor":35.0},{"not_picked":["Deadly Poison+1","Terror+1"],"picked":"Bouncing Flask+1","floor":38.0},{"not_picked":["Poisoned Stab+1","Prepared+1"],"picked":"Deflect+1","floor":38.0},{"not_picked":["Tactician+1","Backflip+1","Bane+1"],"picked":"Singing Bowl","floor":41.0},{"not_picked":["Quick Slash+1","Slice+1"],"picked":"Infinite Blades","floor":42.0},{"not_picked":["Dagger Throw+1","Die Die Die+1","Underhanded Strike+1"],"picked":"Singing Bowl","floor":44.0},{"not_picked":["Sucker Punch+1","Flying Knee+1"],"picked":"Crippling Poison+1","floor":44.0},{"not_picked":["Predator+1","Quick Slash+1","Bane+1"],"picked":"Accuracy","floor":47.0},{"not_picked":["Dodge and Roll+1","Bullet Time+1","Deadly Poison+1","Dagger Throw+1"],"picked":"Singing Bowl","floor":48.0},{"not_picked":["Expertise+1","Predator+1","Slice+1"],"picked":"Escape Plan+1","floor":48.0}],"player_experience":310726,"relics_obtained":[{"floor":6.0,"key":"Mercury Hourglass"},{"floor":9.0,"key":"Blue Candle"},{"floor":10.0,"key":"Omamori"},{"floor":11.0,"key":"Ancient Tea Set"},{"floor":13.0,"key":"Bronze Scales"},{"floor":17.0,"key":"MealTicket"},{"floor":17.0,"key":"Ninja Scroll"},{"floor":17.0,"key":"Ginger"},{"floor":23.0,"key":"Nunchaku"},{"floor":25.0,"key":"Bag of Preparation"},{"floor":26.0,"key":"Meat on the Bone"},{"floor":29.0,"key":"Singing Bowl"},{"floor":41.0,"key":"MawBank"},{"floor":42.0,"key":"Lizard Tail"},{"floor":43.0,"key":"The Courier"},{"floor":47.0,"key":"Calipers"}],"event_choices":[{"damage_healed":0.0,"max_hp_gain":0.0,"max_hp_loss":0.0,"gold_gain":0.0,"event_name":"Match and Keep!","player_choice":"0 cards matched","floor":2.0,"gold_loss":0.0,"damage_taken":0.0,"cards_obtained":[]},{"damage_healed":0.0,"max_hp_gain":0.0,"max_hp_loss":0.0,"gold_gain":30.0,"event_name":"Dead Adventurer","player_choice":"Searched \u00273\u0027 times","floor":11.0,"gold_loss":0.0,"damage_taken":0.0},{"damage_healed":0.0,"max_hp_gain":0.0,"max_hp_loss":0.0,"gold_gain":0.0,"event_name":"Accursed Blacksmith","player_choice":"Forge","floor":19.0,"gold_loss":0.0,"damage_taken":0.0,"cards_upgraded":["Caltrops"]},{"damage_healed":0.0,"max_hp_gain":0.0,"max_hp_loss":0.0,"gold_gain":0.0,"event_name":"Lab","player_choice":"Got Potions","floor":22.0,"gold_loss":0.0,"damage_taken":0.0},{"cards_removed":["Defend_G"],"damage_healed":0.0,"max_hp_gain":0.0,"max_hp_loss":0.0,"gold_gain":0.0,"event_name":"Bonfire Elementals","player_choice":"Offered Basic","floor":27.0,"gold_loss":0.0,"damage_taken":0.0},{"damage_healed":0.0,"max_hp_gain":0.0,"max_hp_loss":0.0,"gold_gain":0.0,"event_name":"Addict","player_choice":"Obtained Relic","floor":28.0,"gold_loss":85.0,"damage_taken":0.0,"relics_obtained":["Toxic Egg 2"]},{"damage_healed":0.0,"max_hp_gain":0.0,"max_hp_loss":0.0,"gold_gain":0.0,"event_name":"Winding Halls","player_choice":"Embrace Madness","floor":36.0,"gold_loss":0.0,"damage_taken":15.0,"cards_obtained":["Madness","Madness"]},{"damage_healed":0.0,"max_hp_gain":0.0,"max_hp_loss":0.0,"gold_gain":0.0,"event_name":"WeMeetAgain","player_choice":"Paid Gold","floor":39.0,"gold_loss":103.0,"damage_taken":0.0,"relics_obtained":["The Specimen"]},{"damage_healed":0.0,"max_hp_gain":0.0,"max_hp_loss":0.0,"gold_gain":0.0,"event_name":"MindBloom","player_choice":"Fight","floor":42.0,"gold_loss":0.0,"damage_taken":0.0},{"damage_healed":0.0,"max_hp_gain":0.0,"max_hp_loss":0.0,"gold_gain":0.0,"event_name":"Mysterious Sphere","player_choice":"Fight","floor":47.0,"gold_loss":0.0,"damage_taken":0.0}],"is_beta":false,"boss_relics":[{"not_picked":["HoveringKite","SacredBark"],"picked":"Calling Bell"},{"not_picked":["Astrolabe","Snecko Eye"],"picked":"Empty Cage"}],"items_purged_floors":[3,4,7,21,30,37],"is_endless":false,"potions_floor_spawned":[1,8,11,14,23,25,29,38,41,42],"ascension_level":18}}