{"host":"4z4scujkuufvg4gr","time":1611964922,"event":{"mods":["AchievementEnabler","BaseMod","Better Note","Colored Map","Colored Powertips","DeckTracker","Downfall","Highlight Path","Hubris","Infinite Spire","Minty Spire (QoL Compilation)","Quick Restart","Replay The Spire","StSLib"],"gold_per_floor":[99,113,125,125,175,203,215,227,239,269,281,311,308,320,320,320],"floor_reached":14,"language":"ENG","playtime":662,"items_purged":[],"score":80,"play_id":"3565a790-9337-411a-8a49-46e0c503d2f8","local_time":"20210129180202","is_ascension_mode":false,"campfire_choices":[{"data":"hexamod:Float","floor":1,"key":"SMITH"},{"floor":11,"key":"RECALL"}],"circlet_count":0,"master_deck":["hexamod:Strike","hexamod:Strike","hexamod:Strike","hexamod:Strike","hexamod:Defend","hexamod:Defend","hexamod:Defend","hexamod:Defend","hexamod:Sear","hexamod:Float+1","hexamod:FastForward","Amnesia","hexamod:InspiringFlames","hexamod:ShieldOfDarkness","hubris:Gluttony"],"relics":["Snecko Heart","Kunai","ReplayTheSpireMod:Ring of Exchange","Ring of Greed","MealTicket","MawBank"],"acts_visited":["Exordium"],"potions_floor_usage":[],"damage_taken":[{"damage":0,"enemies":"Small Slimes","floor":2,"turns":3},{"damage":0,"enemies":"Jaw Worm","floor":3,"turns":3},{"damage":5,"enemies":"2 Louse","floor":6,"turns":3},{"damage":22,"enemies":"Large Slime","floor":10,"turns":5},{"damage":21,"enemies":"Lots of Slimes","floor":12,"turns":5},{"damage":10,"enemies":"downfall:FleeingMerchant","floor":13,"turns":4},{"damage":45,"enemies":"Gremlin Nob","floor":14,"turns":5}],"seed_played":"-5541158503356658332","potions_obtained":[{"floor":2,"key":"SpeedPotion"}],"is_trial":false,"path_per_floor":["R","M","M","?","?","M","T","PTL","PTL","M","R","M","$","E"],"character_chosen":"THE_SPIRIT","items_purchased":[],"campfire_rested":0,"item_purchase_floors":[],"current_hp_per_floor":[70,70,70,70,70,65,65,65,65,43,43,22,27,0,0,0],"gold":320,"neow_bonus":"BOSS_RELIC","is_daily":false,"chose_seed":false,"campfire_upgraded":1,"win_rate":0.0,"timestamp":1611964922,"path_taken":["R","M","M","?","?","M","T","PTL","PTL","M","R","M","$","E"],"items_purchased_type":[],"build_version":"2020-12-22","purchased_purges":0,"victory":false,"max_hp_per_floor":[70,70,70,70,70,70,70,70,70,70,70,70,70,70,70,70],"card_choices":[{"not_picked":["hexamod:HauntingEcho","hexamod:NightmareStrike"],"picked":"hexamod:FastForward","floor":2},{"not_picked":["hexamod:HauntingEcho","hexamod:SuperheatedStrike","hexamod:GhostShield"],"picked":"SKIP","floor":3},{"not_picked":["hexamod:Again","hexamod:FlamesFromBeyond"],"picked":"hexamod:InspiringFlames","floor":6},{"not_picked":["hexamod:DynamicBlow","hexamod:ExtraCrispy"],"picked":"hexamod:ShieldOfDarkness","floor":10},{"not_picked":["hexamod:ExtraCrispy","hexamod:BacktrackSmack","hexamod:NightmareStrike"],"picked":"SKIP","floor":12},{"not_picked":["hexamod:NightmareStrike","hexamod:Hexaguard","hexamod:BurningTouch"],"picked":"SKIP","floor":13}],"player_experience":402111,"relics_obtained":[{"floor":4,"key":"Kunai"},{"floor":5,"key":"ReplayTheSpireMod:Ring of Exchange"},{"floor":5,"key":"Ring of Greed"},{"floor":5,"key":"MealTicket"},{"floor":5,"key":"MawBank"}],"event_choices":[],"is_beta":false,"boss_relics":[],"items_purged_floors":[],"is_endless":false,"potions_floor_spawned":[2],"killed_by":"Gremlin Nob","ascension_level":0}}