{"host":"9ug175nssngig2z3","time":1611971025,"event":{"mods":["Act Like it!","Bard","BaseMod","Colored Powertips","Conspire","Hermit","Hubris","Infinite Spire","Mimic Mod","Minty Spire (QoL Compilation)","Permanent Neow","Relic Stats","Replay The Spire","Spicy Shops","StSLib","The Cursed","The Disciple","The Jungle","The Runesmith","UnlockEverythingMod","everything is the same but u backflip on backflip"],"gold_per_floor":[367,233,233,308,139,139,170,48,84,84,100,100,120,120,120,223,323,337,337,337,237,261,261,381,406,477,477,506,506,506,517,517,622,622,633,633,633,266,283,283,383,383,383],"floor_reached":42,"language":"ENG","playtime":2892,"items_purged":["TheCursedMod:Strike_TheCursed","TheCursedMod:Defend_TheCursed","TheCursedMod:Strike_TheCursed"],"score":524,"play_id":"76c3caa1-e5f6-4c6a-aa3d-31b958b09443","local_time":"20210129194345","is_ascension_mode":false,"campfire_choices":[{"data":"TheCursedMod:HellsGateOpen","floor":6.0,"key":"SMITH"},{"data":"TheCursedMod:SpitefulPlan","floor":10.0,"key":"SMITH"},{"data":"TheCursedMod:CleanUpWorkshop","floor":12.0,"key":"SMITH"},{"data":"TheCursedMod:SmokeScreen","floor":15.0,"key":"SMITH"},{"data":"TheCursedMod:VoidForm","floor":23.0,"key":"SMITH"},{"floor":27.0,"key":"REST"},{"floor":32.0,"key":"REST"},{"data":"TheCursedMod:VoidForm","floor":40.0,"key":"SMITH"}],"circlet_count":0,"master_deck":["TheCursedMod:Strike_TheCursed","TheCursedMod:Strike_TheCursed","TheCursedMod:Defend_TheCursed","TheCursedMod:Defend_TheCursed","TheCursedMod:CursedWand","TheCursedMod:CleanUpWorkshop+1","TheCursedMod:Dregs","TheCursedMod:WearCloak","TheCursedMod:PrepareRite","TheCursedMod:HellsGateOpen+1","TheCursedMod:TroublousMinions","TheCursedMod:SmokeScreen+1","TheCursedMod:VoidForm+1","TheCursedMod:RavingStaff+1","TheCursedMod:Evocation+1","TheCursedMod:VoidForm+1","Writhe","hubris:DuctTapeCard","infinitespire:Collect","TheCursedMod:SmokeScreen+1"],"relics":["TheCursedMod:BlackMagic101","Sundial","Bag of Preparation","Replay:Wanted Poster","Ninja Scroll","hubris:Towel","Juzu Bracelet","infinitespire:CursedDice","hubris:MysteriousPyramids","Singing Bowl","Snecko Eye","hubris:DuctTape","hubris:FunFungus"],"acts_visited":["Exordium","Exordium","TheBeyond"],"potions_floor_usage":[],"damage_taken":[{"damage":0.0,"enemies":"2 Louse","floor":1.0,"turns":3.0},{"damage":2.0,"enemies":"Lagavulin","floor":7.0,"turns":9.0},{"damage":0.0,"enemies":"Jaw Worm","floor":9.0,"turns":9.0},{"damage":0.0,"enemies":"Jaw Worm","floor":11.0,"turns":4.0},{"damage":1.0,"enemies":"Cultist","floor":13.0,"turns":4.0},{"damage":0.0,"enemies":"The Guardian","floor":16.0,"turns":9.0},{"damage":15.0,"enemies":"theJungle:MUSHROOMGANG","floor":18.0,"turns":4.0},{"damage":11.0,"enemies":"JungleHuntersEvent","floor":19.0,"turns":4.0},{"damage":3.0,"enemies":"theJungle:2_Phrogs","floor":25.0,"turns":6.0},{"damage":28.0,"enemies":"theJungle:Cassacara","floor":28.0,"turns":6.0},{"damage":0.0,"enemies":"theJungle:5_Spyders","floor":31.0,"turns":6.0},{"damage":3.0,"enemies":"theJungle:QueenSpyder","floor":33.0,"turns":7.0},{"damage":32.0,"enemies":"3 Shapes","floor":35.0,"turns":3.0},{"damage":10.0,"enemies":"Orb Walker","floor":39.0,"turns":4.0},{"damage":35.0,"enemies":"infinitespire:Three Voidlings","floor":41.0,"turns":3.0},{"damage":19.0,"enemies":"Nightmare_Alpha","floor":41.0,"turns":8.0},{"damage":27,"enemies":"Jaw Worm Horde","floor":42,"turns":4}],"seed_played":"5906803840677097677","potions_obtained":[{"floor":1.0,"key":"Regen Potion"},{"floor":16.0,"key":"FearPotion"},{"floor":25.0,"key":"Toxic Potion"},{"floor":28.0,"key":"SkillPotion"},{"floor":31.0,"key":"PowerPotion"}],"is_trial":false,"path_per_floor":["M","$","?","?","$","R","E","$","MIM","R","M","R","M","?","R","B",null,"M","?","?","$","T","R","?","E","T","R","E","?","?","M","R","B",null,"M","?","?","$","M","R","?","M"],"character_chosen":"THE_CURSED","items_purchased":["TheCursedMod:WearCloak","TheCursedMod:PrepareRite","TheCursedMod:HellsGateOpen","TheCursedMod:SpitefulStrike","Adrenaline Potion","hubris:DuctTape"],"campfire_rested":2,"item_purchase_floors":[2,5,5,8,8,38],"current_hp_per_floor":[68,68,68,57,57,57,55,55,55,55,55,55,54,54,54,54,68,53,42,42,42,42,42,32,29,29,49,23,23,23,23,44,56,70,40,58,58,58,50,50,26,0,0],"gold":383,"neow_bonus":"TWO_FIFTY_GOLD","is_daily":false,"chose_seed":false,"campfire_upgraded":6,"win_rate":0.0,"timestamp":1611971025,"path_taken":["M","$","?","?","$","R","E","$","MIM","R","?","R","M","?","R","BOSS","M","?","?","$","?","R","?","E","T","R","E","?","?","M","R","BOSS","M","?","?","$","M","R","?","M"],"items_purchased_type":["Card","Card","Card","Card","Potion","Relic"],"build_version":"2020-12-22","purchased_purges":3,"victory":false,"max_hp_per_floor":[68,68,68,68,68,68,68,68,68,68,68,68,68,68,68,68,68,68,68,68,68,68,68,68,68,68,68,70,70,70,70,70,70,70,72,72,72,72,74,74,74,74,74],"relic_stats":{"Singing Bowl":6,"counters":[17,93],"Sundial":[22],"Snecko Eye":[21,25,36,24],"Bag of Preparation":[14],"Juzu Bracelet":2,"obtain_stats":[{"TheCursedMod:BlackMagic101":0,"Singing Bowl":28,"hubris:DuctTape":38,"infinitespire:CursedDice":25,"Bag of Preparation":9,"Juzu Bracelet":22,"hubris:Towel":20,"hubris:MysteriousPyramids":26,"Replay:Wanted Poster":17,"Sundial":7,"Ninja Scroll":19,"Snecko Eye":34,"hubris:FunFungus":41},{"TheCursedMod:BlackMagic101":0,"Singing Bowl":10,"hubris:DuctTape":13,"infinitespire:CursedDice":9,"Bag of Preparation":3,"Juzu Bracelet":8,"hubris:Towel":8,"hubris:MysteriousPyramids":9,"Replay:Wanted Poster":6,"Sundial":2,"Ninja Scroll":8,"Snecko Eye":12,"hubris:FunFungus":16},{"TheCursedMod:BlackMagic101":0,"Singing Bowl":58,"hubris:DuctTape":74,"infinitespire:CursedDice":52,"Bag of Preparation":21,"Juzu Bracelet":46,"hubris:Towel":46,"hubris:MysteriousPyramids":52,"Replay:Wanted Poster":38,"Sundial":12,"Ninja Scroll":46,"Snecko Eye":71,"hubris:FunFungus":89}]},"card_choices":[{"not_picked":["TheCursedMod:WearCloak","TheCursedMod:CursedArmor"],"picked":"TheCursedMod:LuckyCharm","floor":1.0},{"not_picked":["TheCursedMod:WearCloak","TheCursedMod:Obscuration"],"picked":"TheCursedMod:TroublousMinions","floor":7.0},{"not_picked":["TheCursedMod:TroublousMinions","TheCursedMod:AshesToAshes"],"picked":"TheCursedMod:SpitefulPlan","floor":9.0},{"not_picked":["TheCursedMod:SpitefulStrike","TheCursedMod:SpitefulPlan","TheCursedMod:Obscuration"],"picked":"SKIP","floor":11.0},{"not_picked":["TheCursedMod:SurpriseAttack","TheCursedMod:CursedAmulet"],"picked":"TheCursedMod:SmokeScreen","floor":13.0},{"not_picked":["TheCursedMod:DarkBarrier","TheCursedMod:AntiAging"],"picked":"TheCursedMod:VoidForm","floor":16.0},{"not_picked":["TheCursedMod:CursedBlade","TheCursedMod:WearCloak","TheCursedMod:BloodBarrier"],"picked":"SKIP","floor":18.0},{"not_picked":["TheCursedMod:Stretching","TheCursedMod:Obscuration"],"picked":"TheCursedMod:RavingStaff+1","floor":19.0},{"not_picked":["TheCursedMod:SaltUponWound+1","TheCursedMod:CursedMace","TheCursedMod:CursedRelics"],"picked":"SKIP","floor":25.0},{"not_picked":["TheCursedMod:Obscuration","TheCursedMod:SpreadPlague","TheCursedMod:CursedAmulet"],"picked":"Singing Bowl","floor":28.0},{"not_picked":["TheCursedMod:CircleOfCorruption+1","TheCursedMod:CursedMace"],"picked":"TheCursedMod:Evocation+1","floor":31.0},{"not_picked":["TheCursedMod:DemonicPact","TheCursedMod:StunningStrike"],"picked":"TheCursedMod:VoidForm","floor":33.0},{"not_picked":["TheCursedMod:EmpowerCircles","TheCursedMod:CursedMace","TheCursedMod:RavingStaff"],"picked":"Singing Bowl","floor":35.0},{"not_picked":["TheCursedMod:CursedBlade+1","TheCursedMod:CursedAmulet+1","TheCursedMod:Torture"],"picked":"Singing Bowl","floor":39.0},{"not_picked":["infinitespire:Oblivion","infinitespire:SealOfDarkness+"],"picked":"infinitespire:Collect","floor":41},{"not_picked":["TheCursedMod:CircleOfFlame+1","TheCursedMod:CursedBoomerang"],"picked":"TheCursedMod:SmokeScreen+1","floor":41}],"player_experience":178629,"relics_obtained":[{"floor":7.0,"key":"Sundial"},{"floor":9.0,"key":"Bag of Preparation"},{"floor":19.0,"key":"Ninja Scroll"},{"floor":22.0,"key":"Juzu Bracelet"},{"floor":25.0,"key":"infinitespire:CursedDice"},{"floor":26.0,"key":"hubris:MysteriousPyramids"},{"floor":28.0,"key":"Singing Bowl"},{"floor":41,"key":"hubris:FunFungus"}],"event_choices":[{"damage_healed":0.0,"max_hp_gain":0.0,"max_hp_loss":0.0,"gold_gain":0.0,"event_name":"Living Wall","player_choice":"Grow","floor":3.0,"gold_loss":0.0,"damage_taken":0.0,"cards_upgraded":["TheCursedMod:LuckyCharm"]},{"damage_healed":0.0,"max_hp_gain":0.0,"max_hp_loss":0.0,"gold_gain":75.0,"event_name":"World of Goop","player_choice":"Gather Gold","floor":4.0,"gold_loss":0.0,"damage_taken":11.0},{"damage_healed":0.0,"max_hp_gain":0.0,"max_hp_loss":0.0,"gold_gain":0.0,"event_name":"conspire:LoneGhost","player_choice":"Disagree","floor":14.0,"gold_loss":0.0,"damage_taken":0.0},{"damage_healed":0.0,"max_hp_gain":0.0,"max_hp_loss":0.0,"gold_gain":0.0,"event_name":"The Woman in Blue","player_choice":"Bought 0 Potions","floor":29.0,"gold_loss":0.0,"damage_taken":0.0},{"damage_healed":0.0,"max_hp_gain":0.0,"max_hp_loss":0.0,"gold_gain":0.0,"event_name":"conspire:Investor","player_choice":"Leave","floor":30.0,"gold_loss":0.0,"damage_taken":0.0},{"damage_healed":18.0,"max_hp_gain":0.0,"max_hp_loss":0.0,"gold_gain":0.0,"event_name":"Winding Halls","player_choice":"Writhe","floor":36.0,"gold_loss":0.0,"damage_taken":0.0,"cards_obtained":["Writhe"]},{"cards_removed":["TheCursedMod:Defend_TheCursed"],"damage_healed":0.0,"max_hp_gain":0.0,"max_hp_loss":0.0,"gold_gain":0.0,"event_name":"Falling","player_choice":"Removed Skill","floor":37.0,"gold_loss":0.0,"damage_taken":0.0},{"cards_removed":["TheCursedMod:SpitefulStrike"],"damage_healed":0,"gold_gain":0,"player_choice":"Removed Attack","damage_taken":0,"max_hp_gain":0,"max_hp_loss":0,"event_name":"Falling","floor":41,"gold_loss":0}],"is_beta":false,"boss_relics":[{"not_picked":["hubris:ScarierMask","Tiny House"],"picked":"Replay:Wanted Poster"},{"not_picked":["Pandora\u0027s Box","hubris:HollowSoul"],"picked":"Snecko Eye"}],"items_purged_floors":[2,21,38],"is_endless":false,"potions_floor_spawned":[1,16,25,28,31,41],"killed_by":"Jaw Worm Horde","ascension_level":0}}