{"host":"2wp95sdfrgw3k439","time":1611994761,"event":{"mods":["BaseMod","Better Altar","Better Skull","Better Third Choice","Curses Come First","Minty Spire (QoL Compilation)","Permanent Neow","StSLib"],"gold_per_floor":[112,112,112,112,287,287,302,302,348,27,45,45,63,97,97,195,195,210,210,227,227,245,245,245,245],"floor_reached":24,"language":"ENG","playtime":707,"items_purged":["Doubt"],"score":281,"play_id":"cb9047b5-3a49-410b-b152-9b50e3e13d9b","local_time":"20210130011921","is_ascension_mode":true,"campfire_choices":[{"data":"Neutralize","floor":6,"key":"SMITH"},{"data":"Choke","floor":8,"key":"SMITH"},{"data":"Dramatic Entrance","floor":12,"key":"SMITH"},{"floor":15,"key":"REST"},{"floor":23,"key":"REST"}],"circlet_count":0,"master_deck":["Strike_G","Strike_G","Strike_G","Strike_G","Defend_G","Defend_G","Defend_G","Defend_G","Defend_G","Survivor","Neutralize+1","Choke+1","Dramatic Entrance+1","Backflip","Night Terror","Blur"],"relics":["Busted Crown","Ninja Scroll","Bag of Marbles","Regal Pillow","Art of War","Sozu"],"acts_visited":["Exordium","TheCity"],"potions_floor_usage":[14],"damage_taken":[{"damage":0,"enemies":"Small Slimes","floor":1,"turns":4},{"damage":0,"enemies":"2 Louse","floor":7,"turns":3},{"damage":0,"enemies":"Jaw Worm","floor":11,"turns":2},{"damage":0,"enemies":"2 Fungi Beasts","floor":13,"turns":1},{"damage":5,"enemies":"3 Sentries","floor":14,"turns":4},{"damage":61,"enemies":"Slime Boss","floor":16,"turns":17},{"damage":0,"enemies":"3 Byrds","floor":18,"turns":2},{"damage":3,"enemies":"2 Thieves","floor":20,"turns":2},{"damage":9,"enemies":"Snake Plant","floor":22,"turns":3},{"damage":76,"enemies":"Book of Stabbing","floor":24,"turns":7}],"seed_played":"-5611188221652937558","potions_obtained":[{"floor":11,"key":"ColorlessPotion"}],"is_trial":false,"path_per_floor":["M","?","?","T","?","R","M","R","T","$","M","R","M","E","R","B",null,"M","?","M","?","M","R","E"],"character_chosen":"THE_SILENT","items_purchased":["Regal Pillow","Dramatic Entrance"],"campfire_rested":2,"item_purchase_floors":[10,10],"current_hp_per_floor":[63,68,61,61,61,61,61,61,61,61,61,61,61,56,75,14,60,60,60,57,57,48,75,0,0],"gold":245,"neow_bonus":"BOSS_RELIC","is_daily":false,"chose_seed":false,"campfire_upgraded":3,"win_rate":0.0,"timestamp":1611994761,"path_taken":["M","?","?","?","?","R","M","R","T","$","M","R","M","E","R","BOSS","M","?","M","?","?","R","E"],"items_purchased_type":["Relic","Card"],"build_version":"2020-12-22","purchased_purges":1,"victory":false,"max_hp_per_floor":[70,75,75,75,75,75,75,75,75,75,75,75,75,75,75,75,75,75,75,75,75,75,75,75,75],"card_choices":[{"not_picked":["PiercingWail"],"picked":"SKIP","floor":1},{"not_picked":[],"picked":"Choke","floor":7},{"not_picked":["Dodge and Roll"],"picked":"SKIP","floor":11},{"not_picked":["Catalyst"],"picked":"SKIP","floor":13},{"not_picked":[],"picked":"Backflip","floor":14},{"not_picked":[],"picked":"Night Terror","floor":16},{"not_picked":["PiercingWail"],"picked":"SKIP","floor":18},{"not_picked":["Poisoned Stab"],"picked":"SKIP","floor":20},{"not_picked":["Masterful Stab"],"picked":"SKIP","floor":22}],"player_experience":521243,"relics_obtained":[{"floor":4,"key":"Ninja Scroll"},{"floor":9,"key":"Bag of Marbles"},{"floor":14,"key":"Art of War"}],"event_choices":[{"damage_healed":0,"gold_gain":0,"player_choice":"Donut","damage_taken":0,"max_hp_gain":5,"max_hp_loss":0,"event_name":"Big Fish","floor":2,"gold_loss":0},{"cards_removed":["Strike_G"],"damage_healed":0,"gold_gain":0,"player_choice":"Card Removal","damage_taken":7,"max_hp_gain":0,"max_hp_loss":0,"event_name":"Golden Wing","floor":3,"gold_loss":0},{"damage_healed":0,"gold_gain":175,"player_choice":"AGREE","damage_taken":112,"max_hp_gain":0,"max_hp_loss":0,"event_name":"betterThird:BetterSerpent","floor":5,"gold_loss":0},{"damage_healed":0,"gold_gain":0,"player_choice":"Read","damage_taken":0,"max_hp_gain":0,"max_hp_loss":0,"event_name":"The Library","floor":19,"gold_loss":0,"cards_obtained":["Blur"]},{"damage_healed":0,"gold_gain":0,"player_choice":"Bought 0 Potions","damage_taken":0,"max_hp_gain":0,"max_hp_loss":0,"event_name":"The Woman in Blue","floor":21,"gold_loss":0}],"is_beta":false,"boss_relics":[{"not_picked":["Calling Bell","Ectoplasm"],"picked":"Sozu"}],"items_purged_floors":[10],"is_endless":false,"potions_floor_spawned":[11,22],"killed_by":"Book of Stabbing","ascension_level":9}}