{"host":"Ryley","time":1611978641,"event":{"mods":["BaseMod","Downfall","Minty Spire (QoL Compilation)","StSLib"],"gold_per_floor":[99,109,109,55,70,70,70,89,89,89,89,89,89,99,113,113,113,113],"floor_reached":16,"language":"ENG","playtime":615,"items_purged":[],"score":90,"play_id":"39912012-153d-4d7a-a348-9ca5cc9b38ba","local_time":"20210129215041","is_ascension_mode":false,"campfire_choices":[{"data":"hexamod:Strike","floor":1,"key":"SMITH"},{"data":"hexamod:EmpoweredFlame","floor":6,"key":"SMITH"},{"data":"hexamod:StepThrough","floor":9,"key":"SMITH"},{"data":"hexamod:Again","floor":13,"key":"SMITH"}],"circlet_count":0,"master_deck":["hexamod:Strike","hexamod:Strike+1","hexamod:Strike+1","hexamod:Strike+1","hexamod:Defend+1","hexamod:Defend","hexamod:Defend","hexamod:Defend","hexamod:Sear+1","hexamod:Float","hexamod:EmpoweredFlame+1","hexamod:AdvancingGuard","hexamod:Again+1","hexamod:StepThrough+1","hexamod:BacktrackSmack","hexamod:GhostLash"],"relics":["hexamod:SpiritBrand","Meat on the Bone","Smiling Mask","Blue Candle"],"acts_visited":["Exordium"],"potions_floor_usage":[],"damage_taken":[{"damage":5,"enemies":"Small Slimes","floor":2,"turns":4},{"damage":0,"enemies":"downfall:FleeingMerchant","floor":4,"turns":4},{"damage":5,"enemies":"Jaw Worm","floor":5,"turns":4},{"damage":1,"enemies":"2 Louse","floor":8,"turns":4},{"damage":7,"enemies":"2 Fungi Beasts","floor":14,"turns":3},{"damage":11,"enemies":"Large Slime","floor":15,"turns":5},{"damage":58,"enemies":"WA_ARCHETYPE_RETAIN","floor":16,"turns":7}],"seed_played":"-235579167689185174","potions_obtained":[{"floor":5,"key":"champ:CounterPotion"},{"floor":8,"key":"Strength Potion"}],"is_trial":false,"path_per_floor":["R","M","?","$","M","R","T","M","R","T","?","?","R","M","M","B"],"character_chosen":"THE_SPIRIT","items_purchased":["hexamod:Again"],"campfire_rested":0,"item_purchase_floors":[4],"current_hp_per_floor":[70,65,62,62,57,57,57,56,56,56,56,56,56,49,38,0,0,0],"gold":113,"neow_bonus":"UPGRADE_CARD","is_daily":false,"chose_seed":false,"campfire_upgraded":4,"win_rate":0.0,"timestamp":1611978641,"path_taken":["R","M","?","$","M","R","T","M","R","?","?","?","R","?","M","BOSS"],"items_purchased_type":["Card"],"build_version":"2020-12-18","purchased_purges":0,"victory":false,"max_hp_per_floor":[70,70,70,70,70,70,70,70,70,70,70,70,70,70,70,70,70,70],"card_choices":[{"not_picked":["hexamod:InspiringFlames","hexamod:PowerFromBeyond"],"picked":"hexamod:EmpoweredFlame","floor":2},{"not_picked":["hexamod:ThirdSeal","hexamod:FastForward"],"picked":"hexamod:AdvancingGuard","floor":4},{"not_picked":["hexamod:GhostShield","hexamod:InspiringFlames","hexamod:AdvancingGuard"],"picked":"SKIP","floor":5},{"not_picked":["hexamod:HauntingEcho","hexamod:FlamesFromBeyond"],"picked":"hexamod:StepThrough","floor":8},{"not_picked":["hexamod:GhostflameBarrier","hexamod:FastForward"],"picked":"hexamod:BacktrackSmack","floor":14},{"not_picked":["hexamod:HeatMetal","hexamod:InspiringFlames"],"picked":"hexamod:GhostLash","floor":15}],"player_experience":360194,"relics_obtained":[{"floor":7,"key":"Smiling Mask"},{"floor":10,"key":"Blue Candle"}],"event_choices":[{"damage_healed":0,"gold_gain":0,"player_choice":"Success","damage_taken":3,"relics_obtained":["Meat on the Bone"],"max_hp_gain":0,"max_hp_loss":0,"event_name":"Scrap Ooze","floor":3,"gold_loss":0},{"cards_removed":["downfall:Malfunctioning"],"damage_healed":0,"gold_gain":0,"player_choice":"Card Removal","damage_taken":0,"max_hp_gain":0,"max_hp_loss":0,"event_name":"The Cleric","floor":12,"gold_loss":0}],"is_beta":true,"boss_relics":[],"items_purged_floors":[],"is_endless":false,"potions_floor_spawned":[5,8],"killed_by":"WA_ARCHETYPE_RETAIN","ascension_level":0}}