{"host":"c6u7e77myxvw4d0m","time":1611999074,"event":{"mods":["AchievementEnabler","BaseMod","Bestiary","Colored Map","Colored Powertips","Minty Spire (QoL Compilation)","Rare Cards Sparkle","Relic Stats","everything is the same but u backflip on backflip"],"gold_per_floor":[118,118,118,135,149,182,182,210,261,272,272,8,8,24,24,103,103,123,138,53,53,64,80,80,115,115,115,131,43,43,43,43],"floor_reached":31,"language":"ENG","playtime":1196,"items_purged":[],"score":583,"play_id":"a96c9bb0-a7e1-4035-824a-5fd1209472f5","local_time":"20210130113114","is_ascension_mode":true,"campfire_choices":[{"floor":7,"key":"REST"},{"floor":11,"key":"REST"},{"data":"Perfected Strike","floor":13,"key":"SMITH"},{"data":"Bash","floor":15,"key":"SMITH"},{"data":"Metallicize","floor":27,"key":"SMITH"}],"circlet_count":0,"master_deck":["AscendersBane","Strike_R","Strike_R+1","Strike_R","Strike_R+1","Strike_R","Defend_R+1","Defend_R","Defend_R+1","Bash+1","Perfected Strike+1","Metallicize+1","Perfected Strike+1","Immolate+1","Shrug It Off","Clothesline+1","Bludgeon+1","Sever Soul+1","Sentinel","Shrug It Off+1","Metallicize"],"relics":["Busted Crown","Molten Egg 2","War Paint","Whetstone","Art of War","Coffee Dripper","Unceasing Top","Boot","Shuriken","MutagenicStrength"],"acts_visited":["Exordium","TheCity"],"potions_floor_usage":[6,10,16,28,28,28],"damage_taken":[{"damage":9,"enemies":"Small Slimes","floor":1,"turns":3},{"damage":2,"enemies":"2 Louse","floor":4,"turns":3},{"damage":0,"enemies":"Cultist","floor":5,"turns":3},{"damage":13,"enemies":"3 Sentries","floor":6,"turns":9},{"damage":21,"enemies":"Gremlin Nob","floor":8,"turns":4},{"damage":0,"enemies":"Blue Slaver","floor":10,"turns":1},{"damage":0,"enemies":"Looter","floor":14,"turns":3},{"damage":0,"enemies":"Slime Boss","floor":16,"turns":5},{"damage":24,"enemies":"Shell Parasite","floor":18,"turns":3},{"damage":0,"enemies":"Chosen","floor":19,"turns":2},{"damage":3,"enemies":"Sentry and Sphere","floor":22,"turns":3},{"damage":6,"enemies":"Centurion and Healer","floor":23,"turns":4},{"damage":15,"enemies":"Slavers","floor":25,"turns":3},{"damage":10,"enemies":"Snake Plant","floor":28,"turns":3},{"damage":16,"enemies":"Cultist and Chosen","floor":31,"turns":3}],"seed_played":"-8512151310697709501","potions_obtained":[{"floor":5,"key":"Block Potion"},{"floor":8,"key":"AttackPotion"},{"floor":10,"key":"FairyPotion"},{"floor":16,"key":"EntropicBrew"},{"floor":25,"key":"EssenceOfSteel"}],"is_trial":false,"path_per_floor":["M","?","?","M","M","E","R","E","T","M","R","$","R","M","R","B",null,"M","M","?","?","M","M","?","E","T","R","M","$","?","M"],"character_chosen":"IRONCLAD","items_purchased":["Immolate+1","Shrug It Off","PowerPotion","Metallicize"],"campfire_rested":2,"item_purchase_floors":[12,12,12,29],"current_hp_per_floor":[59,59,33,31,31,18,40,19,19,19,41,41,41,41,41,41,67,43,43,43,22,19,13,13,24,24,24,14,14,14,0,0],"gold":43,"neow_bonus":"BOSS_RELIC","is_daily":false,"chose_seed":false,"campfire_upgraded":3,"win_rate":0.0,"timestamp":1611999074,"path_taken":["M","?","?","M","M","E","R","E","T","M","R","$","R","M","R","BOSS","M","M","?","?","M","M","?","E","T","R","?","$","?","M"],"items_purchased_type":["Card","Card","Potion","Card"],"build_version":"2020-12-22","purchased_purges":0,"victory":false,"max_hp_per_floor":[75,75,75,75,75,75,75,75,75,75,75,75,75,75,75,75,75,75,75,75,80,80,80,80,80,80,80,80,80,80,80,80],"relic_stats":{"Busted Crown":28,"counters":[15,52],"Shuriken":[1],"Art of War":[0],"Whetstone":["Strike_R","Strike_R"],"War Paint":["Defend_R","Defend_R"],"Boot":[3],"obtain_stats":[{"Busted Crown":0,"Shuriken":26,"MutagenicStrength":30,"Molten Egg 2":3,"Art of War":9,"Coffee Dripper":17,"Whetstone":8,"War Paint":6,"Boot":25,"Burning Blood":0,"Unceasing Top":20},{"Busted Crown":0,"Shuriken":13,"MutagenicStrength":14,"Molten Egg 2":1,"Art of War":5,"Coffee Dripper":8,"Whetstone":5,"War Paint":4,"Boot":13,"Burning Blood":0,"Unceasing Top":10},{"Busted Crown":0,"Shuriken":46,"MutagenicStrength":49,"Molten Egg 2":3,"Art of War":22,"Coffee Dripper":31,"Whetstone":22,"War Paint":18,"Boot":46,"Burning Blood":0,"Unceasing Top":36}],"Unceasing Top":[0]},"card_choices":[{"not_picked":[],"picked":"Perfected Strike","floor":1},{"not_picked":[],"picked":"Metallicize","floor":4},{"not_picked":["Sentinel"],"picked":"SKIP","floor":5},{"not_picked":["Second Wind"],"picked":"SKIP","floor":6},{"not_picked":[],"picked":"Perfected Strike+1","floor":8},{"not_picked":["Second Wind"],"picked":"SKIP","floor":10},{"not_picked":[],"picked":"Clothesline+1","floor":14},{"not_picked":[],"picked":"Bludgeon+1","floor":16},{"not_picked":["Pummel+1"],"picked":"SKIP","floor":18},{"not_picked":["Anger+1"],"picked":"SKIP","floor":19},{"not_picked":["Entrench"],"picked":"SKIP","floor":22},{"not_picked":[],"picked":"Sever Soul+1","floor":23},{"not_picked":["Seeing Red"],"picked":"SKIP","floor":25},{"not_picked":[],"picked":"Shrug It Off+1","floor":28}],"player_experience":560878,"relics_obtained":[{"floor":6,"key":"War Paint"},{"floor":8,"key":"Whetstone"},{"floor":9,"key":"Art of War"},{"floor":25,"key":"Boot"},{"floor":26,"key":"Shuriken"}],"event_choices":[{"damage_healed":0,"gold_gain":0,"player_choice":"Ignored","damage_taken":0,"max_hp_gain":0,"max_hp_loss":0,"event_name":"Liars Game","floor":2,"gold_loss":0},{"damage_healed":0,"gold_gain":0,"player_choice":"Success","damage_taken":26,"relics_obtained":["Molten Egg 2"],"max_hp_gain":0,"max_hp_loss":0,"event_name":"Scrap Ooze","floor":3,"gold_loss":0},{"damage_healed":0,"gold_gain":0,"player_choice":"Obtained Relic","damage_taken":0,"relics_obtained":["Unceasing Top"],"max_hp_gain":0,"max_hp_loss":0,"event_name":"Addict","floor":20,"gold_loss":85},{"damage_healed":0,"gold_gain":0,"player_choice":"Shed Blood","damage_taken":26,"max_hp_gain":5,"max_hp_loss":0,"event_name":"Forgotten Altar","floor":21,"gold_loss":0},{"damage_healed":0,"gold_gain":0,"cards_transformed":["Defend_R"],"player_choice":"Transformed","damage_taken":0,"max_hp_gain":0,"max_hp_loss":0,"event_name":"Transmorgrifier","floor":24,"gold_loss":0,"cards_obtained":["Sentinel"]},{"damage_healed":0,"gold_gain":0,"player_choice":"Inject Mutagens","damage_taken":0,"relics_obtained":["MutagenicStrength"],"max_hp_gain":0,"max_hp_loss":0,"event_name":"Drug Dealer","floor":30,"gold_loss":0}],"is_beta":false,"boss_relics":[{"not_picked":["Astrolabe","Runic Dome"],"picked":"Coffee Dripper"}],"items_purged_floors":[],"is_endless":false,"potions_floor_spawned":[5,8,10,16,19,25],"killed_by":"Cultist and Chosen","ascension_level":17}}