{"host":"1c52r9kaxdyo25eq","time":1611970108,"event":{"mods":["AchievementEnabler","BaseMod","DeckTracker","Minty Spire (QoL Compilation)","Rare Cards Sparkle","SuperFastMode","everything is the same but u backflip on backflip"],"gold_per_floor":[217,230,246,265,280,280,280,280,280,313,313,323,340,356,356,428,428,445,445,445,445],"floor_reached":20,"language":"KOR","playtime":452,"items_purged":[],"score":329,"play_id":"ebea1d39-8e99-4232-b009-672e9f7d51d8","local_time":"20210130102828","is_ascension_mode":true,"campfire_choices":[{"data":"Fire Breathing","floor":6.0,"key":"SMITH"},{"data":"Twin Strike","floor":11.0,"key":"SMITH"},{"data":"Bash","floor":15.0,"key":"SMITH"}],"circlet_count":0,"master_deck":["AscendersBane","Strike_R","Strike_R","Strike_R","Strike_R","Defend_R","Defend_R","Defend_R","Defend_R","Bash+1","Fire Breathing+1","Twin Strike+1","Shrug It Off","Battle Trance","Cleave","Barricade"],"relics":["Burning Blood","Pear","Eternal Feather","Coffee Dripper"],"acts_visited":["Exordium","TheCity"],"potions_floor_usage":[18],"damage_taken":[{"damage":3.0,"enemies":"2 Louse","floor":1.0,"turns":3.0},{"damage":15.0,"enemies":"Small Slimes","floor":2.0,"turns":3.0},{"damage":11.0,"enemies":"Cultist","floor":3.0,"turns":4.0},{"damage":7.0,"enemies":"Looter","floor":4.0,"turns":4.0},{"damage":27.0,"enemies":"Large Slime","floor":5.0,"turns":5.0},{"damage":32.0,"enemies":"Gremlin Nob","floor":10.0,"turns":5.0},{"damage":11.0,"enemies":"Blue Slaver","floor":12.0,"turns":3.0},{"damage":8.0,"enemies":"2 Fungi Beasts","floor":13.0,"turns":4.0},{"damage":20.0,"enemies":"Exordium Thugs","floor":14.0,"turns":5.0},{"damage":22.0,"enemies":"Slime Boss","floor":16.0,"turns":6.0},{"damage":34,"enemies":"2 Thieves","floor":18,"turns":4},{"damage":33,"enemies":"Spheric Guardian","floor":20,"turns":5}],"seed_played":"-400678879633025721","potions_obtained":[{"floor":1.0,"key":"Explosive Potion"},{"floor":5.0,"key":"EntropicBrew"},{"floor":16.0,"key":"LiquidBronze"}],"is_trial":false,"path_per_floor":["M","M","M","M","M","R","?","?","T","E","R","M","M","M","R","B",null,"M","?","M"],"character_chosen":"IRONCLAD","items_purchased":[],"campfire_rested":0,"item_purchase_floors":[],"current_hp_per_floor":[71,62,57,56,35,35,35,35,45,19,25,20,18,31,40,24,70,42,42,9,9],"gold":445,"neow_bonus":"HUNDRED_GOLD","is_daily":false,"chose_seed":false,"campfire_upgraded":3,"win_rate":0.0,"timestamp":1611970108,"path_taken":["M","M","M","M","M","R","?","?","T","E","R","?","M","M","R","BOSS","M","?","M"],"items_purchased_type":[],"build_version":"2020-12-22","purchased_purges":0,"victory":false,"max_hp_per_floor":[75,75,75,75,75,75,75,75,85,85,85,85,85,85,85,85,85,85,85,85,85],"card_choices":[{"not_picked":["Iron Wave","Perfected Strike","Sword Boomerang"],"picked":"SKIP","floor":1.0},{"not_picked":["Clash","Rampage"],"picked":"Fire Breathing","floor":2.0},{"not_picked":["Seeing Red","True Grit"],"picked":"Twin Strike","floor":3.0},{"not_picked":["Searing Blow","Heavy Blade","Rage"],"picked":"SKIP","floor":4.0},{"not_picked":["Bloodletting","Heavy Blade","Dual Wield"],"picked":"SKIP","floor":5.0},{"not_picked":["Entrench","Iron Wave"],"picked":"Shrug It Off","floor":10.0},{"not_picked":["Shrug It Off","Wild Strike"],"picked":"Battle Trance","floor":12.0},{"not_picked":["Iron Wave","Double Tap"],"picked":"Cleave","floor":13.0},{"not_picked":["Headbutt","Infernal Blade","Uppercut"],"picked":"SKIP","floor":14.0},{"not_picked":["Juggernaut","Feed"],"picked":"Barricade","floor":16.0},{"not_picked":["Twin Strike","Intimidate","Perfected Strike"],"picked":"SKIP","floor":18},{"not_picked":["Twin Strike","Intimidate","Perfected Strike"],"picked":"SKIP","floor":18}],"player_experience":627718,"relics_obtained":[{"floor":9.0,"key":"Pear"},{"floor":10.0,"key":"Eternal Feather"}],"event_choices":[{"damage_healed":0.0,"max_hp_gain":0.0,"max_hp_loss":0.0,"gold_gain":0.0,"event_name":"Liars Game","player_choice":"Ignored","floor":7.0,"gold_loss":0.0,"damage_taken":0.0},{"damage_healed":0.0,"max_hp_gain":0.0,"max_hp_loss":0.0,"gold_gain":0.0,"event_name":"Match and Keep!","player_choice":"0 cards matched","floor":8.0,"gold_loss":0.0,"damage_taken":0.0,"cards_obtained":[]},{"cards_removed":["Strike_R"],"damage_healed":0,"gold_gain":0,"player_choice":"Elegance","damage_taken":0,"max_hp_gain":0,"max_hp_loss":0,"event_name":"Back to Basics","floor":19,"gold_loss":0}],"is_beta":false,"boss_relics":[{"not_picked":["Runic Dome","Snecko Eye"],"picked":"Coffee Dripper"}],"items_purged_floors":[],"is_endless":false,"potions_floor_spawned":[1,5,10,13,16],"killed_by":"Spheric Guardian","ascension_level":17}}