{"host":"rn4c402gwd40h2z6","time":1611981113,"event":{"mods":["100% Spire Juice","AchievementEnabler","Act Like it!","Astrologer","BaseMod","CapriCore","Card Forge","Challenge The Spire","Chen","Data Control","Downfall","Gensokyo","Good Game Mod","Hallownest","Hermit","Infinite Spire","KinomotoSakuraMod(木之本樱)","Koishi","LagranYue(拉格朗・月)","Lobotomy","LobotomyExtend","Mad Scientist","Marisa（F雨　魔理沙）","Minty Spire (QoL Compilation)","Pale of the Ancients","Quick Restart","Random Character Button","Reimu（博丽灵梦）","Relic Filter Mod","Remilia（蕾米莉亚）","Robot Space Explorer","RumiaBox-露米娅的神秘盒子","Shop Mod","StSLib","Td1madao Mod","The Administrix","The Bug Knight","The Construct","The Cursed","The Gatherer","The Immortal","The Runesmith","The Saiyan","The Senshi","WarShipGirlsR/战舰少女R mod","Yakumo Yukari mod","Youmu（魂魄妖梦）","Yuyuko","[GremlinLeader]The Maniac","noobMod","【功能Mod】混沌之环修复补丁"],"gold_per_floor":[99,99,99,99,199,108,131,181,192,258,158,177,211,436,451,549,549,449,459,477,627,627,677,677,705,719,769,834,734,739,757,767,863,863,863,875,298,311,361,411,411,423,528,118,187,202,220,235,250,250,250,250,277,277,277,277,277],"floor_reached":58,"language":"ZHS","playtime":4493,"items_purged":[],"score":1504,"play_id":"6fcbbcb7-e8fa-4f07-8e6d-7ff65cb934d3","local_time":"20210130123153","is_ascension_mode":false,"campfire_choices":[{"floor":1,"key":"RECALL"},{"floor":11,"key":"REST"},{"floor":18,"key":"REST"},{"floor":29,"key":"REST"},{"floor":35,"key":"REST"},{"floor":55,"key":"REST"}],"circlet_count":0,"master_deck":["Chen:GlitterPoke+1","Chen:Spray+1","Chen:BlueOniRedOni+1","Chen:Impale+1","Chen:Sneak+1","Chen:Assault+1","Chen:Sneak+1","Chen:Gash+1","Chen:EvasiveFireShift+1","infinitespire:UltimateForm+1","infinitespire:Starlight+1","Slimebound:CheckThePlaybook+1","Chen:SelfControl+1","Chen:Rush+1","Chen:Knockout+1","expansioncontent:DashGenerateEvil+1","Chen:Recuperate+1","Chen:PhoenixWings+1","Chen:Impale+1","Chen:Assault+1","expansioncontent:DashGenerateEvil+1","infinitespire:SevenWalls+1","infinitespire:Punishment+1","infinitespire:Menacing+1"],"relics":["Chen:SacredCatnip","Hammer of Thor","Seething Fire","Anvil of the Gods","REME:ComplimentaryCards","ice","LagranYue:RandomDrawCardRelic","downfall:HeartsMalice","LetterFromLob","downfall:CloakOfManyFaces","CultistMask","FaceOfCleric","NlothsMask","GremlinMask","SsserpentHead","downfall:HeartBlessingRed","HollowMod:LifeEnderRelic","downfall:HeartBlessingGreen","Bottled Flame","Kunai","downfall:HeartBlessingBlue","MerchantsRug","RedLine:ReiMu","MagicDraw1","TheAbacus","Shuriken","Bird Faced Urn","RuthlessExorcism:ReiMu","CeramicFish","Chemical X"],"acts_visited":["Exordium","TheCity","TheBeyond","TheEnding"],"potions_floor_usage":[],"damage_taken":[{"damage":0,"enemies":"2 Louse","floor":2,"turns":1},{"damage":0,"enemies":"Cultist","floor":3,"turns":1},{"damage":0,"enemies":"Small Slimes","floor":4,"turns":1},{"damage":12,"enemies":"downfall:FaceTrader","floor":5,"turns":3},{"damage":8,"enemies":"downfall:FleeingMerchant","floor":6,"turns":4},{"damage":0,"enemies":"Blue Slaver","floor":9,"turns":1},{"damage":0,"enemies":"Large Slime","floor":10,"turns":3},{"damage":0,"enemies":"Exordium Thugs","floor":12,"turns":2},{"damage":0,"enemies":"Gremlin Nob","floor":13,"turns":1},{"damage":0,"enemies":"2 Fungi Beasts","floor":15,"turns":1},{"damage":0,"enemies":"WA_ARCHETYPE_RETAIN","floor":16,"turns":1},{"damage":0,"enemies":"Spheric Guardian","floor":19,"turns":2},{"damage":0,"enemies":"3 Cultists","floor":20,"turns":2},{"damage":0,"enemies":"Colosseum Nobs","floor":21,"turns":2},{"damage":14,"enemies":"Slavers","floor":25,"turns":2},{"damage":1,"enemies":"Snake Plant","floor":26,"turns":1},{"damage":0,"enemies":"Cultist and Chosen","floor":28,"turns":1},{"damage":0,"enemies":"downfall:FleeingMerchant","floor":30,"turns":1},{"damage":0,"enemies":"Sentry and Sphere","floor":31,"turns":1},{"damage":0,"enemies":"Snake Plant","floor":32,"turns":1},{"damage":0,"enemies":"SI_MIRROR_ARCHETYPE","floor":33,"turns":1},{"damage":7,"enemies":"3 Shapes","floor":36,"turns":2},{"damage":0,"enemies":"3 Darklings","floor":38,"turns":1},{"damage":0,"enemies":"Sphere and 2 Shapes","floor":42,"turns":1},{"damage":0,"enemies":"2 Orb Walkers","floor":43,"turns":2},{"damage":0,"enemies":"Writhing Mass","floor":45,"turns":1},{"damage":0,"enemies":"4 Shapes","floor":46,"turns":1},{"damage":0,"enemies":"Maw","floor":48,"turns":1},{"damage":0,"enemies":"4 Shapes","floor":49,"turns":1},{"damage":0,"enemies":"IC_BLOCK_ARCHETYPE","floor":50,"turns":1},{"damage":0,"enemies":"downfall:CharBossMerchant","floor":53,"turns":1},{"damage":0,"enemies":"downfall:NeowBoss","floor":56,"turns":5},{"damage":0,"enemies":"downfall:NeowBossFinal","floor":57,"turns":3}],"seed_played":"-4502915170573594840","potions_obtained":[{"floor":5,"key":"GamblersBrew"},{"floor":9,"key":"EssenceOfSteel"},{"floor":10,"key":"PowerPotion"}],"is_trial":false,"path_per_floor":["R","M","M","M","?","$","T","M","M","M","R","M","E","?","M","B",null,"R","M","M","?","AVR","?","T","E","M","?","M","R","$","M","M","B",null,"R","M","$","M","?","?","T","M","?","?","M","M","AVR","M","M","B",null,null,"E","$","R","B","B",null],"character_chosen":"CHEN","items_purchased":["Chen:Impale","MerchantsRug","expansioncontent:DashGenerateEvil","expansioncontent:DashGenerateEvil+1","MagicDraw1","TheAbacus","RuthlessExorcism:ReiMu","CeramicFish","Chemical X"],"campfire_rested":5,"item_purchase_floors":[6,30,30,37,37,37,44,44,44],"current_hp_per_floor":[70,70,70,70,58,51,51,51,52,53,73,74,75,75,76,77,77,77,78,79,80,80,80,80,67,82,82,83,93,94,95,96,97,97,97,91,91,99,99,99,99,100,101,101,102,103,103,104,105,106,106,106,107,107,107,108,109],"gold":277,"neow_bonus":"THREE_ENEMY_KILL","is_daily":false,"chose_seed":false,"campfire_upgraded":0,"win_rate":0.0,"timestamp":1611981113,"path_taken":["R","M","M","M","?","$","T","?","M","?","R","M","E","?","M","BOSS","R","M","M","?","AVR","?","T","E","M","?","?","R","$","M","M","BOSS","R","M","$","M","?","?","T","M","?","?","?","M","AVR","M","M","BOSS","E","$","R","BOSS","BOSS"],"items_purchased_type":["Card","Relic","Card","Card","Relic","Relic","Relic","Relic","Relic"],"build_version":"2020-12-22","purchased_purges":0,"victory":true,"max_hp_per_floor":[70,70,70,70,70,71,71,71,72,73,73,74,75,75,76,77,77,77,78,79,80,80,80,80,81,82,82,83,93,94,95,96,97,97,97,98,98,99,99,99,99,100,101,101,102,103,103,104,105,106,106,106,107,107,107,108,109],"card_choices":[{"not_picked":["Chen:Spray","Chen:Instinct"],"picked":"Chen:Lacerate","floor":2},{"not_picked":["Chen:MeditateFrenzy","Chen:UpperHand"],"picked":"Chen:Spray","floor":3},{"not_picked":["Chen:PentagramFlight","Chen:Barrier"],"picked":"Chen:RecklessLeap","floor":4},{"not_picked":["Chen:Instinct","Chen:Spray"],"picked":"Chen:Honk","floor":5},{"not_picked":["Chen:Excitement","Chen:Sidestep"],"picked":"Chen:BlueOniRedOni","floor":6},{"not_picked":["Chen:Instinct","Chen:Mixup"],"picked":"Chen:Sneak","floor":9},{"not_picked":["Chen:Instinct","Chen:PentagramFlight"],"picked":"Chen:Kimontonkou","floor":10},{"not_picked":["Chen:Mixup","Chen:Sweep"],"picked":"Chen:Assault","floor":12},{"not_picked":["Chen:PentagramFlight","Chen:Shot","Chen:Mixup"],"picked":"SKIP","floor":13},{"not_picked":["Chen:MisdirectSwipe","Chen:Exploit"],"picked":"Chen:Sneak","floor":15},{"not_picked":["Chen:CurlUp","Chen:RapidfireEvasive"],"picked":"Chen:Gash","floor":16},{"not_picked":["Chen:Instinct+1","Chen:RecklessLeap"],"picked":"Chen:EvasiveFireShift+1","floor":19},{"not_picked":["Chen:Scratch","Chen:StudySharpen","Chen:Deceitful"],"picked":"SKIP","floor":20},{"not_picked":["Chen:Spray","Chen:Fadeout"],"picked":"Chen:CatPunch","floor":21},{"not_picked":["Chen:TauntHiss+1","Chen:Sneak+1"],"picked":"Chen:SelfControl","floor":25},{"not_picked":["Chen:Tear","Chen:ResistTemptation+1"],"picked":"Chen:Rush","floor":26},{"not_picked":["Chen:Instinct+1","Chen:Copycat","Chen:FollowUp"],"picked":"SKIP","floor":28},{"not_picked":["Chen:FlankingStrike","Chen:CatPunch"],"picked":"Chen:Knockout+1","floor":30},{"not_picked":["Chen:Catseye","Chen:Shot"],"picked":"Chen:Recuperate","floor":31},{"not_picked":["Chen:CatPunch","Chen:RecklessLeap"],"picked":"Chen:Sweep","floor":32},{"not_picked":["Chen:Kimontonkou","Chen:Possession"],"picked":"Chen:PhoenixWings","floor":33},{"not_picked":["Chen:SelfControl","Chen:Shot"],"picked":"Chen:Assault","floor":36},{"not_picked":["Chen:Sweep+1","Chen:Instinct","Chen:TauntHiss"],"picked":"SKIP","floor":38},{"not_picked":["infinitespire:Starlight","infinitespire:Fortify"],"picked":"infinitespire:SevenWalls","floor":40},{"not_picked":["Chen:BlueOniRedOni+1","Chen:UnstableBoundary+1","Chen:Instinct"],"picked":"SKIP","floor":42},{"not_picked":["Chen:FinalSpellCard","Chen:Instinct+1","Chen:PentagramFlight"],"picked":"SKIP","floor":45},{"not_picked":["Chen:Assault+1","Chen:Instinct","Chen:Spray"],"picked":"SKIP","floor":46},{"not_picked":["Chen:Unpredictable+1","Chen:Sweep","Chen:Barrier"],"picked":"SKIP","floor":48},{"not_picked":["Chen:Barrier","Chen:Shapeshift","Chen:Sneak+1"],"picked":"SKIP","floor":49},{"not_picked":["Chen:Deceitful+1","Chen:Spray+1","Chen:Sneak+1"],"picked":"SKIP","floor":53}],"player_experience":134035,"relics_obtained":[{"floor":2,"key":"LetterFromLob"},{"floor":5,"key":"downfall:CloakOfManyFaces"},{"floor":13,"key":"HollowMod:LifeEnderRelic"},{"floor":21,"key":"Bottled Flame"},{"floor":25,"key":"Kunai"},{"floor":41,"key":"Shuriken"},{"floor":43,"key":"Bird Faced Urn"}],"event_choices":[{"damage_healed":0,"gold_gain":0,"player_choice":"Ignored","damage_taken":0,"max_hp_gain":0,"max_hp_loss":0,"event_name":"Ghosts","floor":27,"gold_loss":0},{"damage_healed":0,"gold_gain":0,"player_choice":"Ignored","damage_taken":0,"max_hp_gain":0,"max_hp_loss":0,"event_name":"OrinTheCat","floor":39,"gold_loss":0},{"damage_healed":0,"gold_gain":0,"player_choice":"Fight","damage_taken":0,"max_hp_gain":0,"max_hp_loss":0,"event_name":"Mysterious Sphere","floor":43,"gold_loss":0}],"is_beta":false,"boss_relics":[{"not_picked":["Astrolabe","Philosopher\u0027s Stone"],"picked":"Chen:SacredCatnip"},{"not_picked":["Busted Crown","Snecko Eye"],"picked":"RedLine:ReiMu"}],"items_purged_floors":[],"is_endless":false,"potions_floor_spawned":[5,9,10,13,15,20,21,25,28,33,36,45,46],"ascension_level":0}}