{"host":"lf8w6lk2ipwfzeol","time":1611989869,"event":{"mods":["Act Like it!","BaseMod","BetterRewards","Downfall","Hermit","Minty Spire (QoL Compilation)","Quick Restart","Replay The Spire","Robot Space Explorer","Spicy Shops","StSLib","The Runesmith","The Servant 0.9.4"],"gold_per_floor":[109,109,121,69,69,101,111,111,159,159,178,178,46,63,63,163,163,173,173,9617,9641,9672,9692,9692,9692,9692,9739,9761,9883,9883,9904,9904,10016,10016,10046,10046,10046,10066,10125,10125,10137,10137],"floor_reached":41,"language":"ZHS","playtime":3249,"items_purged":["Runesmith:Strike_RS","ReplayTheSpireMod:Restless Dread"],"score":661,"play_id":"0c298df5-26fb-4e32-a677-171e52cad367","local_time":"20210130145749","is_ascension_mode":false,"campfire_choices":[{"floor":8,"key":"RECALL"},{"floor":10,"key":"REST"},{"data":"Apotheosis","floor":15,"key":"SMITH"},{"data":"Enlightenment","floor":30,"key":"SMITH"},{"data":"Runesmith:WhiteBalance","floor":32,"key":"SMITH"},{"data":"Runesmith:MetallurgicalResearch","floor":40,"key":"SMITH"}],"circlet_count":0,"master_deck":["Runesmith:Defend_RS","Runesmith:Defend_RS+1","Runesmith:Defend_RS","Runesmith:CraftFirestone","Runesmith:Fortify","Runesmith:Permafrost","Runesmith:UnstableHammer+1","Runesmith:BackupBattery","Runesmith:Electrocute","Runesmith:EarthShield","Runesmith:ShiftingStrike","Enlightenment+1","Apotheosis+1","Runesmith:OneForEveryone+1","Runesmith:WhiteBalance+1","Runesmith:Superposition","Decay","Runesmith:FissionHammer","Runesmith:GrandSlam+1","Runesmith:CraftVitae","Runesmith:FieryHammer","Runesmith:CreatorForm","hermit:ImpendingDoom","ReplayTheSpireMod:Doomed","Runesmith:HeatExchange","Shame","Runesmith:MakeshiftArmor","Good Instincts","Runesmith:Firestorm+1","Runesmith:CraftMagma+1","Runesmith:Refine","Bite","Bite","Bite","Bite","Bite","Runesmith:Prism","Runesmith:Superposition+1","Runesmith:Accelerate","Runesmith:OneForEveryone+1","Runesmith:MetallurgicalResearch+1","Madness","Madness","Runesmith:CraftObretio+1","Runesmith:FrozenChisel+1","Runesmith:Malloc"],"relics":["Runesmith:BrokenRuby","Membership Card","BargainBundle","Tiny Chest","Toy Ornithopter","ReplayTheSpireMod:CursedCoin","Runesmith:AutoHammer","Replay:Ancient Bell","Oddly Smooth Stone","Replay:Bottled Eggs","StoneCalendar","Bird Faced Urn","CaptainsWheel","Replay:Bandana","OrangePellets","Centennial Puzzle","Nunchaku","Mirror","Quantum Egg","Replay:PocketPolymizer","Mango","Letter Opener","Painkiller Herb","Onion Ring","Bottled Tornado"],"acts_visited":["Exordium","TheCity","TheBeyond"],"potions_floor_usage":[6,6,16,16,16,18,33,33],"damage_taken":[{"damage":2,"enemies":"Small Slimes","floor":1,"turns":3},{"damage":3,"enemies":"Jaw Worm","floor":3,"turns":5},{"damage":18,"enemies":"3 Sentries","floor":6,"turns":7},{"damage":3,"enemies":"2 Louse","floor":7,"turns":2},{"damage":5,"enemies":"Red Slaver","floor":11,"turns":2},{"damage":3,"enemies":"3 Louse","floor":14,"turns":3},{"damage":19,"enemies":"Slime Boss","floor":16,"turns":7},{"damage":42,"enemies":"2 Thieves","floor":18,"turns":3},{"damage":10,"enemies":"Shell Parasite","floor":21,"turns":5},{"damage":38,"enemies":"Chosen and Byrds","floor":22,"turns":7},{"damage":23,"enemies":"Snake Plant","floor":23,"turns":5},{"damage":52,"enemies":"Gremlin Leader","floor":27,"turns":8},{"damage":3,"enemies":"Snecko","floor":28,"turns":6},{"damage":31,"enemies":"Colosseum Slavers","floor":29,"turns":4},{"damage":16,"enemies":"Colosseum Nobs","floor":29,"turns":4},{"damage":3,"enemies":"Chosen and Byrds","floor":31,"turns":6},{"damage":61,"enemies":"Collector","floor":33,"turns":8},{"damage":7,"enemies":"3 Darklings","floor":35,"turns":5},{"damage":18,"enemies":"3 Shapes","floor":38,"turns":3},{"damage":35,"enemies":"Giant Head","floor":41,"turns":5}],"seed_played":"8991678593009937645","potions_obtained":[{"floor":1,"key":"Swift Potion"},{"floor":7,"key":"Fire Potion"},{"floor":14,"key":"Strength Potion"},{"floor":16,"key":"Strength Potion"},{"floor":35,"key":"Ancient Potion"},{"floor":38,"key":"Fire Potion"}],"is_trial":false,"path_per_floor":["M","?","M","$","?","E","M","R","T","R","M","?","$","M","R","B",null,"M","?","$","M","M","M","T","?","T","E","M","?","R","M","R","B",null,"?","?","T","?","?","T","E"],"character_chosen":"RUNESMITH_CLASS","items_purchased":["Membership Card","Runesmith:Permafrost","Runesmith:UnstableHammer","BargainBundle","Runesmith:Electrocute","Runesmith:Firestorm","Runesmith:EarthShield","Runesmith:ShiftingStrike","Fire Potion","Fire Potion","Enlightenment","Apotheosis","Toy Ornithopter","ReplayTheSpireMod:CursedCoin","Runesmith:AutoHammer","Runesmith:FissionHammer","Runesmith:GrandSlam+1","Runesmith:CraftVitae","CaptainsWheel","Replay:Bandana","OrangePellets","Centennial Puzzle","Nunchaku","Explosive Potion","Reflective Coating","Runesmith:MakeshiftArmor","Good Instincts"],"campfire_rested":1,"item_purchase_floors":[0,0,0,4,4,4,4,4,4,4,4,4,13,13,13,13,13,13,20,20,20,20,20,20,20,20,20],"current_hp_per_floor":[63,49,46,46,46,28,25,25,25,46,41,34,34,31,31,27,70,33,33,33,27,60,43,43,43,43,29,49,52,52,55,55,40,63,63,55,55,43,18,18,0,0],"gold":10137,"neow_bonus":"","is_daily":false,"chose_seed":false,"campfire_upgraded":4,"win_rate":0.0,"timestamp":1611989869,"path_taken":["M","?","M","?","?","E","M","R","T","R","M","?","$","?","R","BOSS","M","?","$","M","M","M","?","?","T","E","M","?","R","M","R","BOSS","?","?","?","?","?","T","E"],"items_purchased_type":["Relic","Card","Card","Relic","Card","Card","Card","Card","Potion","Potion","Card","Card","Relic","Relic","Relic","Card","Card","Card","Relic","Relic","Relic","Relic","Relic","Potion","Potion","Card","Card"],"build_version":"2020-12-22","purchased_purges":2,"victory":false,"max_hp_per_floor":[70,70,70,70,70,70,70,70,70,70,70,70,70,70,70,70,70,70,70,70,70,70,70,70,49,49,49,49,63,63,63,63,63,63,63,63,63,63,63,63,63,63],"card_choices":[{"not_picked":["Runesmith:ShiftingStrike","Runesmith:ChiselStab"],"picked":"Runesmith:BackupBattery","floor":1},{"not_picked":["Runesmith:HammerThrow","Runesmith:RuneHurl"],"picked":"Runesmith:HeatedChisel","floor":3},{"not_picked":["Runesmith:EarthShield","Runesmith:ChiselStab"],"picked":"Runesmith:OneForEveryone","floor":6},{"not_picked":["Runesmith:ChiselStab","Runesmith:GoWithTheFlow"],"picked":"Runesmith:WhiteBalance","floor":7},{"not_picked":["Runesmith:EnergizedChisel","Runesmith:Overpower"],"picked":"Runesmith:Superposition","floor":11},{"not_picked":["Runesmith:HammerThrow","Runesmith:Grindstone"],"picked":"Runesmith:FieryHammer","floor":14},{"not_picked":["Runesmith:CraftMedicinae","Runesmith:ReplicatingBarrier"],"picked":"Runesmith:CreatorForm","floor":16},{"not_picked":["Regret","downfall:Malfunctioning"],"picked":"hermit:ImpendingDoom","floor":17},{"not_picked":["ReplayTheSpireMod:Faulty Equipment","CurseOfTheBell"],"picked":"ReplayTheSpireMod:Restless Dread","floor":17},{"not_picked":["Amnesia","ReplayTheSpireMod:Faulty Equipment"],"picked":"ReplayTheSpireMod:Doomed","floor":17},{"not_picked":["Runesmith:UnstableHammer","Runesmith:BackupBattery"],"picked":"Runesmith:HeatExchange","floor":18},{"not_picked":["Runesmith:ShiftingStrike+1","Runesmith:Repurpose"],"picked":"Runesmith:Firestorm+1","floor":21},{"not_picked":["Runesmith:EarthShield","Runesmith:RuneHurl"],"picked":"Runesmith:CraftMagma+1","floor":22},{"not_picked":["Runesmith:CraftProtectio","Runesmith:FrozenChisel"],"picked":"Runesmith:Refine","floor":23},{"not_picked":["Runesmith:HeatExchange+1","Runesmith:FieryHammer"],"picked":"Runesmith:Prism","floor":27},{"not_picked":["Runesmith:CreatorForm","Runesmith:HammerThrow"],"picked":"Runesmith:Superposition+1","floor":28},{"not_picked":["Runesmith:Retool","Runesmith:MakeshiftArmor","Runesmith:HammerThrow"],"picked":"SKIP","floor":31},{"not_picked":["Runesmith:ReplicatingBarrier","Runesmith:ArcReactor"],"picked":"Runesmith:MetallurgicalResearch","floor":33},{"not_picked":["Runesmith:Repurpose+1","Runesmith:MakeshiftArmor+1","Runesmith:EarthShield"],"picked":"SKIP","floor":35},{"not_picked":["Runesmith:HammerThrow+1","Runesmith:ChargedHammer+1"],"picked":"Runesmith:CraftObretio+1","floor":38},{"not_picked":["Runesmith:Refine","Runesmith:EnergizedChisel"],"picked":"Runesmith:FrozenChisel+1","floor":39}],"player_experience":124380,"relics_obtained":[{"floor":6,"key":"Tiny Chest"},{"floor":24,"key":"Mirror"},{"floor":26,"key":"Quantum Egg"},{"floor":27,"key":"Replay:PocketPolymizer"},{"floor":29,"key":"Mango"},{"floor":29,"key":"Letter Opener"},{"floor":37,"key":"Onion Ring"},{"floor":39,"key":"Bottled Tornado"}],"event_choices":[{"damage_healed":0,"gold_gain":0,"player_choice":"Entered Light","damage_taken":14,"max_hp_gain":0,"max_hp_loss":0,"event_name":"Shining Light","floor":2,"gold_loss":0,"cards_upgraded":["Runesmith:UnstableHammer","Runesmith:Defend_RS"]},{"damage_healed":0,"gold_gain":0,"player_choice":"Leave","damage_taken":0,"max_hp_gain":0,"max_hp_loss":0,"event_name":"The Cleric","floor":5,"gold_loss":0},{"damage_healed":0,"gold_gain":0,"player_choice":"Damaged","damage_taken":7,"max_hp_gain":0,"max_hp_loss":0,"event_name":"Wheel of Change","floor":12,"gold_loss":0},{"damage_healed":0,"gold_gain":0,"player_choice":"Stole Relic","damage_taken":0,"relics_obtained":["Bird Faced Urn"],"max_hp_gain":0,"max_hp_loss":0,"event_name":"Addict","floor":19,"gold_loss":0,"cards_obtained":["Shame"]},{"damage_healed":0,"gold_gain":0,"player_choice":"Became a vampire","damage_taken":0,"max_hp_gain":0,"max_hp_loss":21,"event_name":"Vampires","floor":25,"gold_loss":0,"cards_obtained":["Bite","Bite","Bite","Bite","Bite"]},{"damage_healed":0,"gold_gain":0,"player_choice":"Fight","damage_taken":0,"max_hp_gain":0,"max_hp_loss":0,"event_name":"Colosseum","floor":29,"gold_loss":0},{"damage_healed":0,"gold_gain":0,"player_choice":"Fought Nobs","damage_taken":0,"max_hp_gain":0,"max_hp_loss":0,"event_name":"Colosseum","floor":29,"gold_loss":0},{"damage_healed":0,"gold_gain":0,"player_choice":"Embrace Madness","damage_taken":8,"max_hp_gain":0,"max_hp_loss":0,"event_name":"Winding Halls","floor":36,"gold_loss":0,"cards_obtained":["Madness","Madness"]}],"is_beta":false,"boss_relics":[{"not_picked":["Astrolabe","ReplayTheSpireMod:DimensionalGlitch"],"picked":"Replay:Ancient Bell"},{"not_picked":["Blood Vial","MawBank"],"picked":"Oddly Smooth Stone"},{"not_picked":["Replay:Bottled Flurry","Replay:WaspNest"],"picked":"Replay:Bottled Eggs"},{"not_picked":["WingedGreaves","Gambling Chip"],"picked":"StoneCalendar"},{"not_picked":["Runic Pyramid","Ring of Chaos"],"picked":"Painkiller Herb"}],"items_purged_floors":[4,20],"is_endless":false,"potions_floor_spawned":[1,7,14,16,21,23,27,28,29,35,38],"killed_by":"Giant Head","ascension_level":0}}