{"host":"pszcj3piwl6eu8b1","time":1611968443,"event":{"mods":["2.2 Compatiblity","Act Like it!","Aspiration","BaseMod","Better Altar","Better Match","Better Note","Better Sensory Stone","Better Skull","Better Third Choice","Better Vampires","CCEM2","Downfall","Elementarium","Energized Spire","Gensokyo","GifTheSpireLib","Hallownest","Hubris","Marisa????????","Menagerie","Minty Spire (QoL Compilation)","Permanent Neow","Quarter Circle Forward PUNCH!","Quick Restart","Replay The Spire","Shop Mod","StSLib","Stuff the Spire","The Animator","The Blue Laboratory"],"gold_per_floor":[99,111,126,126,136,136,136],"floor_reached":6,"language":"ENG","playtime":249,"items_purged":[],"score":72,"play_id":"72592117-f935-46c0-a64b-a7ef0639f6b8","local_time":"20210129170043","is_ascension_mode":true,"campfire_choices":[],"circlet_count":0,"master_deck":["AscendersBane","animator:Defend_Rewrite","animator:Strike","animator:Defend","animator:YoshinoHaruhiko","animator:ShizuruNakatsu","animator:ChihayaOhtori","animator:KotoriKanbe","animator:Kagari","animator:ReineMurasame"],"relics":["animator:TheMissingPiece","animator:PurgingStone","animator:RacePiece"],"acts_visited":["Exordium"],"potions_floor_usage":[],"damage_taken":[{"damage":2,"enemies":"Small Slimes","floor":2,"turns":4},{"damage":17,"enemies":"2 Louse","floor":3,"turns":4},{"damage":8,"enemies":"Cultist","floor":5,"turns":4},{"damage":40,"enemies":"Gremlin Nob","floor":6,"turns":4}],"seed_played":"5351945194868330713","potions_obtained":[],"is_trial":false,"path_per_floor":["R","M","M","?","M","E"],"character_chosen":"THE_ANIMATOR","items_purchased":[],"campfire_rested":0,"item_purchase_floors":[],"current_hp_per_floor":[54,52,35,35,27,0,0],"gold":136,"neow_bonus":"BOSS_RELIC","is_daily":false,"chose_seed":true,"campfire_upgraded":0,"win_rate":0.0,"timestamp":1611968443,"path_taken":["R","M","M","?","M","E"],"items_purchased_type":[],"build_version":"2020-12-22","purchased_purges":0,"victory":false,"max_hp_per_floor":[60,60,60,60,60,60,60],"card_choices":[{"not_picked":["animator:MumenRider","animator:Mitsurugi","animator:ShidoItsuka"],"picked":"SKIP","floor":2},{"not_picked":["animator:CowGirl","animator:KaguyaHouraisan","animator:Tetora"],"picked":"SKIP","floor":3},{"not_picked":["animator:Shion","animator:YunYun","animator:Vanir"],"picked":"SKIP","floor":5}],"player_experience":1405341,"relics_obtained":[],"event_choices":[],"is_beta":false,"boss_relics":[],"items_purged_floors":[],"is_endless":false,"potions_floor_spawned":[],"killed_by":"Gremlin Nob","ascension_level":20}}