{"host":"tkinv8gv6hgcc58b","time":1611979031,"event":{"mods":["AchievementEnabler","BaseMod","BetterRewards","Colored Map","Downfall","Googly Eyes","Hermit","Minty Spire (QoL Compilation)","Rare Cards Sparkle","Relic Filter","StSLib","The Cursed","The Disciple"],"gold_per_floor":[114,114,114,0,150,150,183,201,201,160,179,217,287,263,263,263,263],"floor_reached":16,"language":"ENG","playtime":620,"items_purged":["Injury"],"score":320,"play_id":"84a245a8-881c-4f20-bf33-53e7aa27690b","local_time":"20210129225711","is_ascension_mode":true,"campfire_choices":[{"floor":6.0,"key":"REST"},{"floor":15,"key":"REST"}],"circlet_count":0,"master_deck":["AscendersBane","Strike_G","Strike_G","Strike_G","Strike_G","Strike_G","Defend_G","Defend_G","Defend_G","Defend_G","Survivor","Neutralize","PiercingWail","Cloak And Dagger","Blade Dance+1","Noxious Fumes","Doubt","Deadly Poison","Bane","Poisoned Stab","Deadly Poison","Calculated Gamble"],"relics":["Ring of the Snake","Pantograph","Bronze Scales","Ginger","Golden Idol","FossilizedHelix","Question Card","SsserpentHead"],"acts_visited":["Exordium"],"potions_floor_usage":[7,16],"damage_taken":[{"damage":0.0,"enemies":"2 Louse","floor":1.0,"turns":3.0},{"damage":23,"enemies":"Lagavulin","floor":7,"turns":6},{"damage":0,"enemies":"Jaw Worm","floor":8,"turns":3},{"damage":0,"enemies":"Cultist","floor":11,"turns":3},{"damage":23,"enemies":"Gremlin Nob","floor":12,"turns":4},{"damage":0,"enemies":"2 Fungi Beasts","floor":13,"turns":3},{"damage":0,"enemies":"Exordium Thugs","floor":14,"turns":4},{"damage":50,"enemies":"Slime Boss","floor":16,"turns":9}],"seed_played":"1389980545548991992","potions_obtained":[{"floor":1.0,"key":"Strength Potion"},{"floor":8,"key":"Swift Potion"}],"is_trial":false,"path_per_floor":["M","?","?","$","?","R","E","M","T","?","M","E","M","M","R","B"],"character_chosen":"THE_SILENT","items_purchased":["Pantograph","Bronze Scales","PiercingWail","Cloak And Dagger","Noxious Fumes"],"campfire_rested":2,"item_purchase_floors":[0,0,0,0,4],"current_hp_per_floor":[31,31,31,31,31,50,27,27,27,27,27,4,4,4,23,0,0],"gold":263,"neow_bonus":"","is_daily":false,"chose_seed":false,"campfire_upgraded":0,"win_rate":0.0,"timestamp":1611979031,"path_taken":["M","?","?","$","?","R","E","M","T","?","M","E","?","M","R","BOSS"],"items_purchased_type":["Relic","Relic","Card","Card","Card"],"build_version":"2020-12-22","purchased_purges":1,"victory":false,"max_hp_per_floor":[66,66,66,66,66,66,66,66,66,66,66,66,66,66,66,66,66],"card_choices":[{"not_picked":["Dagger Throw","Flechettes"],"picked":"Blade Dance","floor":1.0},{"not_picked":["Caltrops","Calculated Gamble"],"picked":"Deadly Poison","floor":7},{"not_picked":["Prepared","Setup"],"picked":"Bane","floor":8},{"not_picked":["Dagger Spray","Quick Slash","Prepared"],"picked":"Poisoned Stab","floor":11},{"not_picked":["Concentrate","Distraction","Prepared"],"picked":"Deadly Poison","floor":12},{"not_picked":["Eviscerate","Backflip","Flechettes","Well Laid Plans"],"picked":"SKIP","floor":13},{"not_picked":["Cloak And Dagger","Prepared","Backflip"],"picked":"Calculated Gamble","floor":14}],"player_experience":1097862,"relics_obtained":[{"floor":7,"key":"FossilizedHelix"},{"floor":9,"key":"Question Card"},{"floor":12,"key":"SsserpentHead"}],"event_choices":[{"damage_healed":0.0,"max_hp_gain":0.0,"max_hp_loss":0.0,"gold_gain":0.0,"event_name":"Living Wall","player_choice":"Grow","floor":2.0,"gold_loss":0.0,"damage_taken":0.0,"cards_upgraded":["Blade Dance"]},{"damage_healed":0.0,"max_hp_gain":0.0,"max_hp_loss":0.0,"gold_gain":0.0,"event_name":"Golden Idol","player_choice":"Take Wound","floor":3.0,"gold_loss":0.0,"damage_taken":0.0,"relics_obtained":["Golden Idol"],"cards_obtained":["Injury"]},{"damage_healed":0.0,"max_hp_gain":0.0,"max_hp_loss":0.0,"gold_gain":150.0,"event_name":"Liars Game","player_choice":"AGREE","floor":5.0,"gold_loss":0.0,"damage_taken":0.0,"cards_obtained":["Doubt"]},{"damage_healed":0,"gold_gain":0,"player_choice":"Left Gold","damage_taken":0,"max_hp_gain":0,"max_hp_loss":0,"event_name":"World of Goop","floor":10,"gold_loss":41}],"is_beta":false,"boss_relics":[],"items_purged_floors":[4],"is_endless":false,"potions_floor_spawned":[1,8],"killed_by":"Slime Boss","ascension_level":20}}