{"host":"2se5dq1do2gp0x9k","time":1611975208,"event":{"mods":["AchievementEnabler","BaseMod","Block Reminder","Colored Map","Colored Powertips","Minty Spire (QoL Compilation)","Relic Stats","StSLib","SuperFastMode"],"gold_per_floor":[109,259,12,26,41,41,69,69,69,89,89,89],"floor_reached":11,"language":"ENG","playtime":305,"items_purged":["Doubt"],"score":146,"play_id":"f7aea641-04ff-45c3-a3f3-0c4afb46f505","local_time":"20210129185328","is_ascension_mode":true,"campfire_choices":[{"data":"Beam Cell","floor":6,"key":"SMITH"}],"circlet_count":0,"master_deck":["AscendersBane","Strike_B","Strike_B","Strike_B","Strike_B","Defend_B","Defend_B","Defend_B","Defend_B","Zap","Dualcast","Genetic Algorithm","Beam Cell+1","Ball Lightning","Cold Snap","Coolheaded"],"relics":["Runic Pyramid","ClockworkSouvenir","Bottled Lightning","Golden Idol","Bag of Marbles"],"acts_visited":["Exordium"],"potions_floor_usage":[],"damage_taken":[{"damage":7,"enemies":"Jaw Worm","floor":1,"turns":4},{"damage":5,"enemies":"2 Louse","floor":4,"turns":4},{"damage":2,"enemies":"Small Slimes","floor":5,"turns":3},{"damage":25,"enemies":"3 Sentries","floor":7,"turns":8},{"damage":22,"enemies":"Exordium Wildlife","floor":10,"turns":4},{"damage":0,"enemies":"Lagavulin","floor":11,"turns":1}],"seed_played":"1636570015259184125","potions_obtained":[{"floor":5,"key":"SteroidPotion"}],"is_trial":false,"path_per_floor":["M","?","$","M","M","R","E","?","T","M","E"],"character_chosen":"DEFECT","items_purchased":["ClockworkSouvenir"],"campfire_rested":0,"item_purchase_floors":[3],"current_hp_per_floor":[57,57,57,52,50,50,25,25,25,3,3,3],"gold":89,"neow_bonus":"BOSS_RELIC","is_daily":false,"chose_seed":false,"campfire_upgraded":1,"win_rate":0.0,"timestamp":1611975208,"path_taken":["M","?","$","M","M","R","E","?","T","M","E"],"items_purchased_type":["Relic"],"build_version":"2020-12-22","purchased_purges":1,"victory":false,"max_hp_per_floor":[71,71,71,71,71,71,71,64,64,64,64,64],"relic_stats":{"counters":[6,24],"Golden Idol":4,"obtain_stats":[{"Golden Idol":8,"Bag of Marbles":9,"Bottled Lightning":7,"Cracked Core":0,"Runic Pyramid":0,"ClockworkSouvenir":3},{"Golden Idol":4,"Bag of Marbles":4,"Bottled Lightning":4,"Cracked Core":0,"Runic Pyramid":0,"ClockworkSouvenir":1},{"Golden Idol":19,"Bag of Marbles":19,"Bottled Lightning":19,"Cracked Core":0,"Runic Pyramid":0,"ClockworkSouvenir":4}]},"card_choices":[{"not_picked":["Go for the Eyes","Chill"],"picked":"Genetic Algorithm","floor":1},{"not_picked":["Stack","Leap"],"picked":"Beam Cell","floor":4},{"not_picked":["Conserve Battery","Glacier"],"picked":"Ball Lightning","floor":5},{"not_picked":["Steam Power","Steam"],"picked":"Cold Snap","floor":7},{"not_picked":["Stack","Steam Power"],"picked":"Coolheaded","floor":10}],"player_experience":3970144,"relics_obtained":[{"floor":7,"key":"Bottled Lightning"},{"floor":9,"key":"Bag of Marbles"}],"event_choices":[{"damage_healed":0,"gold_gain":150,"player_choice":"AGREE","damage_taken":0,"max_hp_gain":0,"max_hp_loss":0,"event_name":"Liars Game","floor":2,"gold_loss":0,"cards_obtained":["Doubt"]},{"damage_healed":0,"gold_gain":0,"player_choice":"Lose Max HP","damage_taken":0,"relics_obtained":["Golden Idol"],"max_hp_gain":0,"max_hp_loss":7,"event_name":"Golden Idol","floor":8,"gold_loss":0}],"is_beta":false,"boss_relics":[],"items_purged_floors":[3],"is_endless":false,"potions_floor_spawned":[5],"killed_by":"Lagavulin","ascension_level":20}}