{"host":"uv5ws9rdk87e8i5k","time":1611986278,"event":{"mods":["AchievementEnabler","BaseMod","Colored Map","Minty Spire (QoL Compilation)","Permanent Neow","Quick Restart","StSLib","SuperFastMode","The Necromancer"],"gold_per_floor":[119,136,150,165,240,274,274,302,325,325,360,378,397,412,412,487,487,503,522,542,555,505,505,104,104,104,122,147,62,79,108,108,179,179,189,214,214,10,10,40,60,87,110,110,110,162,162,180,180,180],"floor_reached":51,"language":"ENG","playtime":1486,"items_purged":["Strike_W"],"score":1305,"play_id":"18d7f7da-a824-484e-bc21-f85ec73d31e6","local_time":"20210129235758","is_ascension_mode":true,"campfire_choices":[{"data":"Summon_Vampire_Lady","floor":7.0,"key":"SMITH"},{"floor":10.0,"key":"REST"},{"data":"Summon_Undead","floor":15.0,"key":"SMITH"},{"data":"Cloudkill","floor":23,"key":"SMITH"},{"data":"Blood_Magic","floor":32,"key":"SMITH"},{"floor":45,"key":"REST"},{"data":"Summon_Lich","floor":47,"key":"SMITH"},{"floor":49,"key":"REST"}],"circlet_count":0,"master_deck":["AscendersBane","Strike_W","Strike_W","Defend_W","Defend_W","Defend_W","Defend_W","Negative_Energy_Arrows","Bone_Wall","Summon_Vampire_Lady+1","Negative_Energy_Sphere","Death_Knell","Vampiric_Strike","Spectral_Walk","Summon_Undead+1","Necrotic_Claws","Cloudkill+1","Bone_Prison","Summon_Lich+1","Life_Tap+1","Bone_Shift+1","Blood_Magic+1","Cloudkill+1","Bone_Shift+1","Enlightenment+1","Cloudkill+1","Siphon_Strength+1","Corrupt+1","Writhe","Madness+1","Madness+1","Siphon_Strength+1","Bone_Shift+1","Summon_Lich"],"relics":["Vampire_Amulet","Ornamental Fan","Dream Catcher","Centennial Puzzle","Orichalcum","Philosopher\u0027s Stone","Toxic Egg 2","Matryoshka","Bronze Scales","Molten Egg 2","Lantern","HornCleat","Toy Ornithopter","Cursed Key","Calipers","InkBottle","Bottled Flame","Shuriken","Bag of Preparation","Girya"],"acts_visited":["Exordium","TheCity","TheBeyond"],"potions_floor_usage":[16,20,27,28,28,33,40,42,42,46,50],"damage_taken":[{"damage":7.0,"enemies":"Cultist","floor":1.0,"turns":4.0},{"damage":13.0,"enemies":"Jaw Worm","floor":2.0,"turns":4.0},{"damage":0.0,"enemies":"2 Louse","floor":3.0,"turns":2.0},{"damage":49.0,"enemies":"Exordium Thugs","floor":4.0,"turns":8.0},{"damage":28.0,"enemies":"3 Sentries","floor":6.0,"turns":10.0},{"damage":34.0,"enemies":"Gremlin Nob","floor":8.0,"turns":5.0},{"damage":29.0,"enemies":"3 Sentries","floor":11.0,"turns":8.0},{"damage":0.0,"enemies":"Large Slime","floor":12.0,"turns":5.0},{"damage":6.0,"enemies":"Exordium Wildlife","floor":13.0,"turns":4.0},{"damage":9.0,"enemies":"Red Slaver","floor":14.0,"turns":3.0},{"damage":25,"enemies":"Hexaghost","floor":16,"turns":9},{"damage":21,"enemies":"Spheric Guardian","floor":18,"turns":4},{"damage":0,"enemies":"Chosen","floor":19,"turns":4},{"damage":22,"enemies":"Snake Plant","floor":20,"turns":4},{"damage":9,"enemies":"Snecko","floor":21,"turns":5},{"damage":20,"enemies":"Centurion and Healer","floor":27,"turns":5},{"damage":38,"enemies":"Slavers","floor":28,"turns":3},{"damage":2,"enemies":"Chosen and Byrds","floor":30,"turns":4},{"damage":12,"enemies":"Gremlin Leader","floor":31,"turns":6},{"damage":91,"enemies":"Automaton","floor":33,"turns":10},{"damage":11,"enemies":"3 Shapes","floor":35,"turns":3},{"damage":3,"enemies":"Mind Bloom Boss Battle","floor":36,"turns":6},{"damage":77,"enemies":"Giant Head","floor":40,"turns":9},{"damage":3,"enemies":"Orb Walker","floor":41,"turns":4},{"damage":38,"enemies":"Reptomancer","floor":42,"turns":5},{"damage":12,"enemies":"2 Orb Walkers","floor":46,"turns":4},{"damage":17,"enemies":"Maw","floor":48,"turns":6},{"damage":82,"enemies":"Donu and Deca","floor":50,"turns":8}],"seed_played":"4578463941735063835","potions_obtained":[{"floor":4.0,"key":"EssenceOfSteel"},{"floor":6.0,"key":"Regen Potion"},{"floor":12.0,"key":"GamblersBrew"},{"floor":13.0,"key":"EssenceOfSteel"},{"floor":19,"key":"Regen Potion"},{"floor":27,"key":"Energy Potion"},{"floor":31,"key":"BlessingOfTheForge"},{"floor":36,"key":"Weak Potion"},{"floor":41,"key":"Ancient Potion"},{"floor":42,"key":"Strength Potion"},{"floor":46,"key":"AttackPotion"}],"is_trial":false,"path_per_floor":["M","M","M","M","?","E","R","E","T","R","E","M","M","M","R","B",null,"M","M","M","M","?","R","$","T","T","M","E","?","M","E","R","B",null,"M","?","?","$","?","E","M","E","T","?","R","?","R","M","R","B",null],"character_chosen":"NECROMANCER","items_purchased":["Toxic Egg 2","DuplicationPotion","Cloudkill+1","Siphon_Strength+1","Energy Potion"],"campfire_rested":3,"item_purchase_floors":[24,24,38,38,38],"current_hp_per_floor":[68,69,71,44,33,35,35,27,27,48,45,65,71,70,70,67,70,52,65,56,71,71,71,71,71,71,71,54,54,58,69,69,8,55,64,71,71,71,71,22,32,23,23,10,31,31,31,33,54,4],"gold":180,"neow_bonus":"ONE_RANDOM_RARE_CARD","is_daily":false,"chose_seed":false,"campfire_upgraded":5,"win_rate":0.0,"timestamp":1611986278,"path_taken":["M","M","M","?","?","E","R","E","T","R","E","M","M","M","R","BOSS","M","M","M","M","?","R","$","?","T","M","E","?","M","E","R","BOSS","M","?","?","$","?","E","?","E","T","?","R","?","R","M","R","BOSS"],"items_purchased_type":["Relic","Potion","Card","Card","Potion"],"build_version":"2020-12-22","purchased_purges":1,"victory":true,"max_hp_per_floor":[71,71,71,71,71,71,71,71,71,71,71,71,71,71,71,71,71,71,71,71,71,71,71,71,71,71,71,71,71,71,71,71,71,71,71,71,71,71,71,71,71,71,71,71,71,71,71,71,71,71],"card_choices":[{"not_picked":["Consume_Illness","Toxic_Smoke_Screen"],"picked":"Negative_Energy_Sphere","floor":1.0},{"not_picked":["Whirlwind_of_Bones","Blood_Whip","Bones_to_Steel"],"picked":"SKIP","floor":2.0},{"not_picked":["Finger_Of_Death","Negative_Energy_Javelin","Negative_Energy_Sphere"],"picked":"SKIP","floor":3.0},{"not_picked":["Negative_Energy_Sphere","Bone_Armor"],"picked":"Death_Knell","floor":4.0},{"not_picked":["Bone_Armory","Flesh_Made_Foul","Blood_Curse"],"picked":"SKIP","floor":6.0},{"not_picked":["Plague_Bolt","Scare"],"picked":"Vampiric_Strike","floor":8.0},{"not_picked":["Bone_Bullets","Bone_Armory","Bones_to_Steel"],"picked":"SKIP","floor":11.0},{"not_picked":["Corrupt","Vampiric_Strike"],"picked":"Spectral_Walk","floor":12.0},{"not_picked":["Shade_Step","Death_Coil"],"picked":"Summon_Undead","floor":13.0},{"not_picked":["Negative_Energy_Bomb","Negative_Energy_Shield"],"picked":"Necrotic_Claws","floor":14.0},{"not_picked":["Hellfire","Reap_The_Weak"],"picked":"Cloudkill","floor":16},{"not_picked":["Death_Coil","Blood_Whip","Negative_Energy_Mist"],"picked":"SKIP","floor":18},{"not_picked":["Negative_Energy_Shield+1","Negative_Energy_Javelin","Negative_Energy_Sphere"],"picked":"SKIP","floor":19},{"not_picked":["Skeleton_Dragon","Bone_Bullets"],"picked":"Bone_Prison","floor":20},{"not_picked":["Consume_Illness","Blood_Whip+1","Corrupt+1"],"picked":"SKIP","floor":21},{"not_picked":["Uncharnel+1","Negative_Energy_Sphere+1"],"picked":"Summon_Lich","floor":27},{"not_picked":["Negative_Energy_Bomb+1","Negative_Energy_Shield+1"],"picked":"Life_Tap+1","floor":28},{"not_picked":["Negative_Energy_Javelin+1","Blood_Curse+1"],"picked":"Bone_Shift+1","floor":30},{"not_picked":["Blood_Whip+1","Acid_Javelin+1"],"picked":"Blood_Magic","floor":31},{"not_picked":["Negative_Energy_Bomb+1","Detonate_Bones+1"],"picked":"Cloudkill+1","floor":33},{"not_picked":["Chill_Blood+1","Flesh_Made_Foul+1"],"picked":"Bone_Shift+1","floor":35},{"not_picked":["Mayhem","Panacea+1"],"picked":"Enlightenment+1","floor":37},{"not_picked":["Blood_Curse+1","Detonate_Bones+1","Death_Knell+1"],"picked":"SKIP","floor":40},{"not_picked":["Strike_from_Beyond+1","Exploit+1","Blood_Whip+1"],"picked":"SKIP","floor":41},{"not_picked":["Toxic_Smoke_Screen+1","Pandemic+1","Detonate_Bones+1"],"picked":"SKIP","floor":42},{"not_picked":["Scare+1","Negative_Energy_Sphere+1"],"picked":"Siphon_Strength+1","floor":45},{"not_picked":["Blood_Whip+1","Bone_Bullets+1"],"picked":"Bone_Shift+1","floor":48},{"not_picked":["Toxic_Smoke_Screen+1","Bone_Armor+1"],"picked":"Summon_Lich","floor":49}],"player_experience":309226,"relics_obtained":[{"floor":6.0,"key":"Ornamental Fan"},{"floor":8.0,"key":"Dream Catcher"},{"floor":9.0,"key":"Centennial Puzzle"},{"floor":11.0,"key":"Orichalcum"},{"floor":25,"key":"Matryoshka"},{"floor":26,"key":"Bronze Scales"},{"floor":26,"key":"Molten Egg 2"},{"floor":28,"key":"Lantern"},{"floor":31,"key":"Toy Ornithopter"},{"floor":36,"key":"Calipers"},{"floor":40,"key":"InkBottle"},{"floor":42,"key":"Bottled Flame"},{"floor":43,"key":"Shuriken"},{"floor":43,"key":"Bag of Preparation"},{"floor":46,"key":"Girya"}],"event_choices":[{"damage_healed":0.0,"max_hp_gain":0.0,"max_hp_loss":0.0,"gold_gain":75.0,"event_name":"World of Goop","player_choice":"Gather Gold","floor":5.0,"gold_loss":0.0,"damage_taken":11.0},{"damage_healed":0,"gold_gain":0,"player_choice":"Bet on Murderer","damage_taken":0,"max_hp_gain":0,"max_hp_loss":0,"event_name":"The Joust","floor":22,"gold_loss":50},{"damage_healed":0,"gold_gain":0,"player_choice":"Obtained Relic","damage_taken":0,"relics_obtained":["HornCleat"],"max_hp_gain":0,"max_hp_loss":0,"event_name":"Addict","floor":29,"gold_loss":85},{"damage_healed":0,"gold_gain":0,"player_choice":"Fight","damage_taken":0,"max_hp_gain":0,"max_hp_loss":0,"event_name":"MindBloom","floor":36,"gold_loss":0},{"damage_healed":0,"gold_gain":0,"player_choice":"Memory 1","damage_taken":0,"max_hp_gain":0,"max_hp_loss":0,"event_name":"SensoryStone","floor":37,"gold_loss":0},{"damage_healed":0,"gold_gain":0,"cards_transformed":["Strike_W"],"player_choice":"Transformed","damage_taken":0,"max_hp_gain":0,"max_hp_loss":0,"event_name":"Transmorgrifier","floor":39,"gold_loss":0,"cards_obtained":["Corrupt"]},{"damage_healed":0,"gold_gain":0,"player_choice":"Embrace Madness","damage_taken":13,"max_hp_gain":0,"max_hp_loss":0,"event_name":"Winding Halls","floor":44,"gold_loss":0,"cards_obtained":["Madness","Madness"]},{"damage_healed":0,"gold_gain":0,"player_choice":"Fight","damage_taken":0,"max_hp_gain":0,"max_hp_loss":0,"event_name":"Mysterious Sphere","floor":46,"gold_loss":0}],"is_beta":false,"boss_relics":[{"not_picked":["Runic Dome","Runic Pyramid"],"picked":"Philosopher\u0027s Stone"},{"not_picked":["Empty Cage","Tiny House"],"picked":"Cursed Key"}],"items_purged_floors":[24],"is_endless":false,"potions_floor_spawned":[4,6,12,13,14,19,27,31,36,41,42,46],"ascension_level":15}}