{"host":"2se5dq1do2gp0x9k","time":1611996185,"event":{"mods":["AchievementEnabler","BaseMod","Block Reminder","Colored Map","Colored Powertips","Minty Spire (QoL Compilation)","Relic Stats","StSLib","SuperFastMode"],"gold_per_floor":[110,130,141,141,216,216,216,241,241,1,14,26,37,37,37],"floor_reached":14,"language":"ENG","playtime":325,"items_purged":["Pain"],"score":184,"play_id":"1700eb25-3ae6-4e25-bd74-c78194aee2c5","local_time":"20210130004305","is_ascension_mode":true,"campfire_choices":[{"floor":6,"key":"REST"}],"circlet_count":0,"master_deck":["AscendersBane","Strike_B","Strike_B","Strike_B","Strike_B+1","Defend_B","Defend_B","Defend_B","Defend_B","Zap","Dualcast","Cold Snap","Darkness+1","Compile Driver","Conserve Battery","Biased Cognition","Defragment","Defragment","Undo","Go for the Eyes"],"relics":["Cracked Core","NeowsBlessing","WarpedTongs","The Courier","Anchor"],"acts_visited":["Exordium"],"potions_floor_usage":[8,14,14],"damage_taken":[{"damage":0,"enemies":"Cultist","floor":1,"turns":1},{"damage":0,"enemies":"2 Louse","floor":2,"turns":1},{"damage":0,"enemies":"Small Slimes","floor":3,"turns":1},{"damage":13,"enemies":"3 Sentries","floor":8,"turns":7},{"damage":12,"enemies":"2 Fungi Beasts","floor":11,"turns":3},{"damage":7,"enemies":"Exordium Thugs","floor":12,"turns":4},{"damage":4,"enemies":"Red Slaver","floor":13,"turns":4},{"damage":22,"enemies":"Gremlin Nob","floor":14,"turns":3}],"seed_played":"-8061578749204289157","potions_obtained":[{"floor":3,"key":"SkillPotion"},{"floor":11,"key":"AttackPotion"},{"floor":12,"key":"Weak Potion"}],"is_trial":false,"path_per_floor":["M","M","M","?","?","R","?","E","T","$","M","M","M","E"],"character_chosen":"DEFECT","items_purchased":["Biased Cognition","Defragment"],"campfire_rested":1,"item_purchase_floors":[10,10],"current_hp_per_floor":[64,64,64,43,32,53,53,40,40,40,28,21,17,0,0],"gold":37,"neow_bonus":"THREE_ENEMY_KILL","is_daily":false,"chose_seed":false,"campfire_upgraded":0,"win_rate":0.0,"timestamp":1611996185,"path_taken":["M","M","?","?","?","R","?","E","T","$","M","M","M","E"],"items_purchased_type":["Card","Card"],"build_version":"2020-12-22","purchased_purges":1,"victory":false,"max_hp_per_floor":[71,71,71,71,71,71,71,71,71,71,71,71,71,71,71],"relic_stats":{"counters":[8,24],"obtain_stats":[{"Anchor":9,"NeowsBlessing":0,"The Courier":8,"Cracked Core":0,"WarpedTongs":7},{"Anchor":4,"NeowsBlessing":0,"The Courier":4,"Cracked Core":0,"WarpedTongs":3},{"Anchor":10,"NeowsBlessing":0,"The Courier":10,"Cracked Core":0,"WarpedTongs":3}],"WarpedTongs":[20]},"card_choices":[{"not_picked":["Steam","Hologram"],"picked":"Cold Snap","floor":1},{"not_picked":["Redo","Gash"],"picked":"Darkness","floor":2},{"not_picked":["Static Discharge","Rebound"],"picked":"Compile Driver","floor":3},{"not_picked":["Leap","Recycle"],"picked":"Conserve Battery","floor":8},{"not_picked":["Sweeping Beam","Capacitor"],"picked":"Defragment","floor":11},{"not_picked":["Beam Cell","Go for the Eyes"],"picked":"Undo","floor":12},{"not_picked":["Redo","Meteor Strike"],"picked":"Go for the Eyes","floor":13}],"player_experience":3990718,"relics_obtained":[{"floor":8,"key":"The Courier"},{"floor":9,"key":"Anchor"}],"event_choices":[{"damage_healed":0,"gold_gain":0,"player_choice":"Entered Light","damage_taken":21,"max_hp_gain":0,"max_hp_loss":0,"event_name":"Shining Light","floor":4,"gold_loss":0,"cards_upgraded":["Strike_B","Darkness"]},{"damage_healed":0,"gold_gain":75,"player_choice":"Gather Gold","damage_taken":11,"max_hp_gain":0,"max_hp_loss":0,"event_name":"World of Goop","floor":5,"gold_loss":0},{"damage_healed":0,"gold_gain":0,"player_choice":"Rummage","damage_taken":0,"relics_obtained":["WarpedTongs"],"max_hp_gain":0,"max_hp_loss":0,"event_name":"Accursed Blacksmith","floor":7,"gold_loss":0,"cards_obtained":["Pain"]}],"is_beta":false,"boss_relics":[],"items_purged_floors":[10],"is_endless":false,"potions_floor_spawned":[3,11,12],"killed_by":"Gremlin Nob","ascension_level":20}}