{"host":"snjtcuf7krqplf70","time":1611990611,"event":{"mods":["AchievementEnabler","BaseMod","Colored Map","Colored Powertips","Minty Spire (QoL Compilation)","StSLib"],"gold_per_floor":[114,84,9,84,99,130,130,50,100,134,134,148,165,183,183,279,279,299,309,71,71,71,71,71,71],"floor_reached":24,"language":"ENG","playtime":1124,"items_purged":["Strike_B"],"score":240,"play_id":"253260a7-4d85-4f0f-bbdf-1fc5916e55e2","local_time":"20210129231011","is_ascension_mode":true,"campfire_choices":[{"data":"Hello World","floor":11,"key":"SMITH"},{"data":"Consume","floor":15,"key":"SMITH"},{"data":"Machine Learning","floor":23,"key":"SMITH"}],"circlet_count":0,"master_deck":["Strike_B","Defend_B","Defend_B","Defend_B","Zap","Dualcast","Sunder","Consume+1","Steam Power","Defragment","Hello World+1","Melter","Ball Lightning","Hyperbeam","Machine Learning+1","Conserve Battery+1","Leap+1","Ball Lightning","Violence"],"relics":["Cracked Core","NeowsBlessing","White Beast Statue","Toy Ornithopter","Shovel","Empty Cage","Bottled Tornado"],"acts_visited":["Exordium","TheCity"],"potions_floor_usage":[10,10,10,13,13,14,16,18,19,24],"damage_taken":[{"damage":0,"enemies":"Jaw Worm","floor":1,"turns":1},{"damage":0,"enemies":"Cultist","floor":5,"turns":1},{"damage":0,"enemies":"Lagavulin","floor":6,"turns":2},{"damage":29,"enemies":"3 Sentries","floor":10,"turns":4},{"damage":3,"enemies":"Small Slimes","floor":12,"turns":3},{"damage":12,"enemies":"3 Louse","floor":13,"turns":2},{"damage":7,"enemies":"Blue Slaver","floor":14,"turns":3},{"damage":19,"enemies":"Hexaghost","floor":16,"turns":8},{"damage":24,"enemies":"Shell Parasite","floor":18,"turns":3},{"damage":16,"enemies":"3 Byrds","floor":19,"turns":4},{"damage":36,"enemies":"Gremlin Leader","floor":24,"turns":3}],"seed_played":"8485204099366060808","potions_obtained":[{"floor":1,"key":"DistilledChaos"},{"floor":2,"key":"CultistPotion"},{"floor":2,"key":"Regen Potion"},{"floor":10,"key":"EssenceOfSteel"},{"floor":12,"key":"Fire Potion"},{"floor":13,"key":"FocusPotion"},{"floor":14,"key":"ColorlessPotion"},{"floor":16,"key":"Energy Potion"},{"floor":18,"key":"Explosive Potion"},{"floor":19,"key":"Block Potion"}],"is_trial":false,"path_per_floor":["M","?","$","?","M","E","?","$","T","E","R","M","M","M","R","B",null,"M","M","$","?","T","R","E"],"character_chosen":"DEFECT","items_purchased":["Defragment","Ball Lightning","Violence"],"campfire_rested":0,"item_purchase_floors":[8,20,20],"current_hp_per_floor":[75,75,75,64,64,64,57,57,57,53,53,50,48,46,46,32,75,51,40,40,26,26,26,0,0],"gold":71,"neow_bonus":"THREE_ENEMY_KILL","is_daily":false,"chose_seed":false,"campfire_upgraded":3,"win_rate":0.0,"timestamp":1611990611,"path_taken":["M","?","?","?","M","E","?","$","T","E","R","?","M","M","R","BOSS","M","M","$","?","?","R","E"],"items_purchased_type":["Card","Card","Card"],"build_version":"2020-12-22","purchased_purges":1,"victory":false,"max_hp_per_floor":[75,75,75,75,75,75,75,75,75,75,75,75,75,75,75,75,75,75,75,75,80,80,80,80,80],"card_choices":[{"not_picked":["Lockon","Chaos"],"picked":"Sunder","floor":1},{"not_picked":["Cold Snap","Stack"],"picked":"Consume","floor":5},{"not_picked":["Reprogram","Undo"],"picked":"Steam Power","floor":6},{"not_picked":["Recycle","Undo"],"picked":"Hello World","floor":10},{"not_picked":["Rebound","Hologram"],"picked":"Melter","floor":12},{"not_picked":["Blizzard","Barrage"],"picked":"Ball Lightning","floor":13},{"not_picked":["Rip and Tear","Coolheaded"],"picked":"Hyperbeam","floor":14},{"not_picked":["All For One","Buffer"],"picked":"Machine Learning","floor":16},{"not_picked":["Skim","Hologram"],"picked":"Conserve Battery+1","floor":18},{"not_picked":["Sunder","Ball Lightning"],"picked":"Leap+1","floor":19}],"player_experience":174374,"relics_obtained":[{"floor":6,"key":"White Beast Statue"},{"floor":9,"key":"Toy Ornithopter"},{"floor":10,"key":"Shovel"},{"floor":22,"key":"Bottled Tornado"}],"event_choices":[{"damage_healed":0,"gold_gain":0,"player_choice":"Bought 2 Potions","damage_taken":0,"max_hp_gain":0,"max_hp_loss":0,"event_name":"The Woman in Blue","floor":2,"gold_loss":0},{"damage_healed":0,"gold_gain":75,"player_choice":"Gather Gold","damage_taken":11,"max_hp_gain":0,"max_hp_loss":0,"event_name":"World of Goop","floor":4,"gold_loss":0},{"cards_removed":["Strike_B"],"damage_healed":0,"gold_gain":0,"player_choice":"Card Removal","damage_taken":7,"max_hp_gain":0,"max_hp_loss":0,"event_name":"Golden Wing","floor":7,"gold_loss":0},{"damage_healed":0,"gold_gain":0,"player_choice":"Shed Blood","damage_taken":19,"max_hp_gain":5,"max_hp_loss":0,"event_name":"Forgotten Altar","floor":21,"gold_loss":0}],"is_beta":false,"boss_relics":[{"not_picked":["Cursed Key","SlaversCollar"],"picked":"Empty Cage"}],"items_purged_floors":[3],"is_endless":false,"potions_floor_spawned":[1,6,10,12,13,14,16,18,19],"killed_by":"Gremlin Leader","ascension_level":1}}