{"host":"8by3m8mve9y2rhh4","time":1611965182,"event":{"mods":["BaseMod","Minty Spire (QoL Compilation)","Quick Restart"],"gold_per_floor":[118,131,143,68,18,47,47,65,65,100,116,116,148,160,160,259,259,275,291,309,328,338,369,34,61,61,72,72,105,120,130,130,235,235,252,127,146,165,165,165,175,175,175,201,201,279,297,326,326,326,326,326,43,78,78],"floor_reached":56,"language":"ENG","playtime":3502,"items_purged":["Strike_G","Strike_G","Strike_G"],"score":1318,"play_id":"fc54a708-4715-462d-be02-0599859918e9","local_time":"20210130000622","is_ascension_mode":true,"campfire_choices":[{"floor":7,"key":"REST"},{"floor":15,"key":"REST"},{"floor":28,"key":"REST"},{"floor":32,"key":"REST"},{"floor":40,"key":"RECALL"},{"data":"Catalyst","floor":42,"key":"SMITH"},{"floor":45,"key":"REST"},{"floor":49,"key":"REST"},{"data":"After Image","floor":52,"key":"SMITH"}],"circlet_count":0,"master_deck":["Defend_G","Defend_G","Defend_G+1","Defend_G","Defend_G","Survivor","Neutralize","Deadly Poison","Bouncing Flask","Poisoned Stab","Catalyst","Backflip","A Thousand Cuts","Wraith Form v2","Dodge and Roll+1","Doppelganger","Dodge and Roll","Dodge and Roll+1","Footwork","Noxious Fumes","Adrenaline","Blur","Distraction+1","Leg Sweep","After Image","CurseOfTheBell","Blur+1","Catalyst+1","Parasite","Deadly Poison","After Image+1","Well Laid Plans"],"relics":["Sozu","Meat on the Bone","Mercury Hourglass","Gremlin Horn","Ninja Scroll","SlaversCollar","MealTicket","Lantern","Pear","War Paint","Calling Bell","Bag of Preparation","Question Card","TungstenRod","Regal Pillow","Kunai","Ancient Tea Set","Bottled Lightning","Blood Vial"],"acts_visited":["Exordium","TheCity","TheBeyond","TheEnding"],"potions_floor_usage":[],"damage_taken":[{"damage":4,"enemies":"Jaw Worm","floor":1,"turns":6},{"damage":0,"enemies":"Small Slimes","floor":2,"turns":3},{"damage":0,"enemies":"Cultist","floor":3,"turns":3},{"damage":23,"enemies":"3 Sentries","floor":6,"turns":10},{"damage":1,"enemies":"Lots of Slimes","floor":8,"turns":5},{"damage":5,"enemies":"Gremlin Nob","floor":10,"turns":3},{"damage":2,"enemies":"Blue Slaver","floor":11,"turns":3},{"damage":3,"enemies":"Lagavulin","floor":13,"turns":5},{"damage":3,"enemies":"Exordium Wildlife","floor":14,"turns":3},{"damage":11,"enemies":"The Guardian","floor":16,"turns":8},{"damage":10,"enemies":"Shell Parasite","floor":18,"turns":6},{"damage":0,"enemies":"Chosen","floor":19,"turns":4},{"damage":24,"enemies":"3 Cultists","floor":20,"turns":6},{"damage":6,"enemies":"Snake Plant","floor":21,"turns":4},{"damage":13,"enemies":"Chosen and Byrds","floor":22,"turns":5},{"damage":31,"enemies":"Slavers","floor":23,"turns":6},{"damage":1,"enemies":"Gremlin Leader","floor":25,"turns":5},{"damage":2,"enemies":"Shelled Parasite and Fungi","floor":27,"turns":6},{"damage":6,"enemies":"Book of Stabbing","floor":29,"turns":5},{"damage":0,"enemies":"Cultist and Chosen","floor":30,"turns":6},{"damage":11,"enemies":"3 Cultists","floor":31,"turns":6},{"damage":15,"enemies":"Collector","floor":33,"turns":7},{"damage":7,"enemies":"3 Darklings","floor":35,"turns":8},{"damage":4,"enemies":"3 Shapes","floor":37,"turns":4},{"damage":0,"enemies":"Transient","floor":38,"turns":5},{"damage":0,"enemies":"Writhing Mass","floor":41,"turns":6},{"damage":22,"enemies":"Nemesis","floor":44,"turns":7},{"damage":21,"enemies":"Jaw Worm Horde","floor":47,"turns":6},{"damage":8,"enemies":"Reptomancer","floor":48,"turns":9},{"damage":31,"enemies":"Donu and Deca","floor":50,"turns":15},{"damage":12,"enemies":"Shield and Spear","floor":54,"turns":9},{"damage":62,"enemies":"The Heart","floor":55,"turns":10}],"seed_played":"6251375987568458849","potions_obtained":[],"is_trial":false,"path_per_floor":["M","M","M","$","?","E","R","M","T","E","M","?","E","M","R","B",null,"M","M","M","M","M","E","$","E","T","M","R","E","M","M","R","B",null,"M","$","M","M","?","R","M","R","T","E","R","T","M","E","R","B",null,"R","$","E","B",null],"character_chosen":"THE_SILENT","items_purchased":["Noxious Fumes","Adrenaline","Bottled Lightning","Well Laid Plans"],"campfire_rested":6,"item_purchase_floors":[24,24,53,53],"current_hp_per_floor":[66,66,66,66,66,43,64,63,63,58,56,56,53,50,70,59,70,60,60,36,42,41,22,37,36,46,44,68,62,62,51,75,60,80,73,80,76,76,76,76,76,76,76,54,76,76,55,47,76,45,76,76,76,64,16],"gold":78,"neow_bonus":"BOSS_RELIC","is_daily":false,"chose_seed":false,"campfire_upgraded":2,"win_rate":0.0,"timestamp":1611965182,"path_taken":["M","M","M","$","?","E","R","M","T","E","M","?","E","M","R","BOSS","M","M","M","M","M","E","$","E","T","?","R","E","M","?","R","BOSS","M","$","M","M","?","R","M","R","T","E","R","?","M","E","R","BOSS","R","$","E","BOSS"],"items_purchased_type":["Card","Card","Relic","Card"],"build_version":"2020-12-22","purchased_purges":3,"victory":true,"max_hp_per_floor":[70,70,70,70,70,70,70,70,70,70,70,70,70,70,70,70,70,70,70,70,70,70,70,70,70,80,80,80,80,80,80,80,80,80,80,80,80,80,76,76,76,76,76,76,76,76,76,76,76,76,76,76,76,76,76],"card_choices":[{"not_picked":["Outmaneuver","Acrobatics"],"picked":"Deadly Poison","floor":1},{"not_picked":["Outmaneuver","Backflip"],"picked":"Bouncing Flask","floor":2},{"not_picked":["Cloak And Dagger","Dagger Throw"],"picked":"Poisoned Stab","floor":3},{"not_picked":["Underhanded Strike","Flying Knee"],"picked":"Catalyst","floor":6},{"not_picked":["Slice","Prepared"],"picked":"Backflip","floor":8},{"not_picked":["Endless Agony","Outmaneuver","Deflect"],"picked":"SKIP","floor":10},{"not_picked":["Slice","Flying Knee"],"picked":"A Thousand Cuts","floor":11},{"not_picked":["Choke","Acrobatics"],"picked":"Dodge and Roll","floor":13},{"not_picked":["Terror","Underhanded Strike","Predator"],"picked":"SKIP","floor":14},{"not_picked":["Phantasmal Killer","Storm of Steel"],"picked":"Doppelganger","floor":16},{"not_picked":["Poisoned Stab","Predator"],"picked":"Dodge and Roll","floor":18},{"not_picked":["Prepared","Poisoned Stab+1","Endless Agony"],"picked":"SKIP","floor":19},{"not_picked":["Outmaneuver","Quick Slash","Backflip"],"picked":"SKIP","floor":20},{"not_picked":["Deadly Poison","Calculated Gamble"],"picked":"Dodge and Roll+1","floor":21},{"not_picked":["Riddle With Holes","Quick Slash","Endless Agony+1"],"picked":"SKIP","floor":22},{"not_picked":["Dagger Throw+1","Crippling Poison"],"picked":"Footwork","floor":23},{"not_picked":["Burst","Sucker Punch+1"],"picked":"Blur","floor":25},{"not_picked":["Quick Slash","Prepared","Dodge and Roll"],"picked":"SKIP","floor":27},{"not_picked":["Expertise","PiercingWail"],"picked":"Distraction+1","floor":29},{"not_picked":["Riddle With Holes","Finisher","Skewer"],"picked":"SKIP","floor":30},{"not_picked":["Outmaneuver","Reflex+1"],"picked":"Leg Sweep","floor":31},{"not_picked":["Die Die Die","Glass Knife"],"picked":"After Image","floor":33},{"not_picked":["Terror+1","Dodge and Roll+1","Underhanded Strike"],"picked":"Blur+1","floor":35},{"not_picked":["Dash","Prepared","Bane"],"picked":"Catalyst","floor":37},{"not_picked":["Deflect","Underhanded Strike+1","Outmaneuver","Doppelganger"],"picked":"SKIP","floor":38},{"not_picked":["Flechettes+1","Bouncing Flask","PiercingWail","Skewer"],"picked":"SKIP","floor":41},{"not_picked":["Riddle With Holes+1","Blur","Dodge and Roll"],"picked":"Deadly Poison","floor":44},{"not_picked":["Prepared","Slice+1","Cloak And Dagger+1"],"picked":"After Image","floor":47},{"not_picked":["Acrobatics+1","Poisoned Stab+1","Eviscerate+1","Dagger Throw"],"picked":"SKIP","floor":48},{"not_picked":["Predator","PiercingWail","Underhanded Strike","Accuracy"],"picked":"SKIP","floor":54}],"player_experience":742534,"relics_obtained":[{"floor":6,"key":"Meat on the Bone"},{"floor":9,"key":"Mercury Hourglass"},{"floor":10,"key":"Gremlin Horn"},{"floor":13,"key":"Ninja Scroll"},{"floor":23,"key":"MealTicket"},{"floor":25,"key":"Lantern"},{"floor":26,"key":"Pear"},{"floor":29,"key":"War Paint"},{"floor":34,"key":"Bag of Preparation"},{"floor":34,"key":"Question Card"},{"floor":34,"key":"TungstenRod"},{"floor":44,"key":"Regal Pillow"},{"floor":46,"key":"Kunai"},{"floor":48,"key":"Ancient Tea Set"},{"floor":54,"key":"Blood Vial"}],"event_choices":[{"cards_removed":["Strike_G"],"damage_healed":0,"gold_gain":0,"player_choice":"Card Removal","damage_taken":0,"max_hp_gain":0,"max_hp_loss":0,"event_name":"The Cleric","floor":5,"gold_loss":50},{"damage_healed":0,"gold_gain":0,"cards_transformed":["Strike_G"],"player_choice":"Transformed","damage_taken":0,"max_hp_gain":0,"max_hp_loss":0,"event_name":"Transmorgrifier","floor":12,"gold_loss":0,"cards_obtained":["Wraith Form v2"]},{"damage_healed":0,"gold_gain":0,"player_choice":"Max HP","damage_taken":0,"max_hp_gain":0,"max_hp_loss":4,"event_name":"Winding Halls","floor":39,"gold_loss":0}],"is_beta":false,"boss_relics":[{"not_picked":["Pandora\u0027s Box","Velvet Choker"],"picked":"SlaversCollar"},{"not_picked":["HoveringKite","Fusion Hammer"],"picked":"Calling Bell"}],"items_purged_floors":[4,24,36],"is_endless":false,"potions_floor_spawned":[1,6,13,16,19,20,27,30,31,35,37,48],"ascension_level":1}}