{"host":"osk2oboccoevp2u5","time":1611984575,"event":{"mods":["AchievementEnabler","Alarm Clock","BaseMod","Colored Powertips","Disable Question Mark Monsters","Displayed Cursed Tome","Hermit","Key Reminder","Minty Spire (QoL Compilation)","Potion Indicator Mod","Quick Restart","Rare Cards Sparkle","Reorder Act Four","StSLib","Useless Jewels Mod"],"gold_per_floor":[111,128,303,378,389,389,11,11,11,11,11,11,41,61,61,163,163,163,163,10,10,10,10],"floor_reached":22,"language":"ENG","playtime":1240,"items_purged":["Doubt","hermit:Strike_Hermit"],"score":233,"play_id":"3797cc79-32a0-4125-9f22-71443fc91729","local_time":"20210130012935","is_ascension_mode":true,"campfire_choices":[{"floor":6,"key":"RECALL"},{"floor":10,"key":"REST"},{"floor":12,"key":"REST"},{"floor":15,"key":"REST"}],"circlet_count":0,"master_deck":["hermit:Strike_Hermit","hermit:Strike_Hermit","hermit:Strike_Hermit","hermit:Defend_Hermit","hermit:Defend_Hermit","hermit:Defend_Hermit","hermit:Defend_Hermit","hermit:Snapshot","hermit:Covet","hermit:BodyArmor","hermit:BodyArmor","hermit:TakeCover","hermit:BodyArmor","hermit:TakeCover"],"relics":["Fusion Hammer","keyreminder:keyreminder","Strange Spoon","GremlinMask","Singing Bowl","Vajra","Ectoplasm"],"acts_visited":["Exordium","TheCity"],"potions_floor_usage":[11,13,13,21],"damage_taken":[{"damage":0,"enemies":"2 Louse","floor":1,"turns":2},{"damage":2,"enemies":"Jaw Worm","floor":2,"turns":2},{"damage":0,"enemies":"Small Slimes","floor":5,"turns":4},{"damage":0,"enemies":"Lagavulin","floor":11,"turns":1},{"damage":45,"enemies":"Gremlin Nob","floor":13,"turns":7},{"damage":0,"enemies":"Gremlin Gang","floor":14,"turns":6},{"damage":131,"enemies":"Slime Boss","floor":16,"turns":25},{"damage":31,"enemies":"Spheric Guardian","floor":18,"turns":8},{"damage":26,"enemies":"Chosen","floor":19,"turns":8},{"damage":38,"enemies":"Snake Plant","floor":21,"turns":11},{"damage":36,"enemies":"Centurion and Healer","floor":22,"turns":10}],"seed_played":"-921729597464543096","potions_obtained":[{"floor":2,"key":"DuplicationPotion"},{"floor":5,"key":"SkillPotion"},{"floor":19,"key":"SneckoOil"}],"is_trial":false,"path_per_floor":["M","M","?","?","M","R","$","?","T","R","E","R","E","M","R","B",null,"M","M","$","M","M"],"character_chosen":"HERMIT","items_purchased":["SmokeBomb","Strange Spoon","hermit:BodyArmor","hermit:BodyArmor"],"campfire_rested":3,"item_purchase_floors":[7,7,7,20],"current_hp_per_floor":[75,73,73,62,62,62,62,62,62,75,75,75,32,34,57,3,81,52,26,26,66,30,30],"gold":10,"neow_bonus":"BOSS_RELIC","is_daily":false,"chose_seed":false,"campfire_upgraded":0,"win_rate":0.0,"timestamp":1611984575,"path_taken":["M","M","?","?","M","R","?","?","T","R","E","R","E","M","R","BOSS","M","M","$","M","?"],"items_purchased_type":["Potion","Relic","Card","Card"],"build_version":"2020-12-22","purchased_purges":2,"victory":false,"max_hp_per_floor":[75,75,75,75,75,75,75,75,75,75,75,75,77,79,79,81,81,83,83,83,83,83,83],"card_choices":[{"not_picked":["hermit:CalledShot","hermit:Manifest","hermit:Glare"],"picked":"SKIP","floor":1},{"not_picked":["hermit:Misfire","hermit:Dive"],"picked":"hermit:BodyArmor","floor":2},{"not_picked":["hermit:Dive","hermit:Manifest","hermit:TakeCover"],"picked":"SKIP","floor":5},{"not_picked":["hermit:EyeOfTheStorm","hermit:Vantage","hermit:SprayPray"],"picked":"Singing Bowl","floor":13},{"not_picked":["hermit:CalledShot","hermit:Purgatory","hermit:LowProfile"],"picked":"Singing Bowl","floor":14},{"not_picked":["hermit:HighNoon","hermit:OverwhelmingPower","hermit:BlackWind"],"picked":"Singing Bowl","floor":16},{"not_picked":["hermit:PistolWhip","hermit:Manifest+1","hermit:FlashPowder+1"],"picked":"Singing Bowl","floor":18},{"not_picked":["hermit:Roulette","hermit:NoHoldsBarred"],"picked":"hermit:TakeCover","floor":19},{"not_picked":["hermit:Determination","hermit:Snipe"],"picked":"hermit:TakeCover","floor":21}],"player_experience":975507,"relics_obtained":[{"floor":9,"key":"Singing Bowl"},{"floor":13,"key":"Vajra"}],"event_choices":[{"damage_healed":0,"gold_gain":175,"player_choice":"AGREE","damage_taken":0,"max_hp_gain":0,"max_hp_loss":0,"event_name":"Liars Game","floor":3,"gold_loss":0,"cards_obtained":["Doubt"]},{"damage_healed":0,"gold_gain":75,"player_choice":"Gather Gold","damage_taken":11,"max_hp_gain":0,"max_hp_loss":0,"event_name":"World of Goop","floor":4,"gold_loss":0},{"damage_healed":0,"gold_gain":0,"player_choice":"Trade","damage_taken":0,"relics_obtained":["GremlinMask"],"max_hp_gain":0,"max_hp_loss":0,"event_name":"FaceTrader","floor":8,"gold_loss":0}],"is_beta":false,"boss_relics":[{"not_picked":["Tiny House","Velvet Choker"],"picked":"Ectoplasm"}],"items_purged_floors":[7,20],"is_endless":false,"potions_floor_spawned":[2,5,19],"killed_by":"Centurion and Healer","ascension_level":4}}