{"host":"mskf0tuxntnls329","time":1611965653,"event":{"mods":["BaseMod","Minty Spire (QoL Compilation)","Relic Stats","StSLib","SuperFastMode"],"gold_per_floor":[118,138,138,63,76,107,18,67,67,82,82,111,111,122,122,122,122],"floor_reached":16,"language":"ENG","playtime":412,"items_purged":[],"score":220,"play_id":"c99d56ed-f9bf-4d7f-92bd-4cebc4fea186","local_time":"20210129191413","is_ascension_mode":true,"campfire_choices":[{"floor":11.0,"key":"REST"},{"data":"Self Repair","floor":13.0,"key":"SMITH"},{"data":"Go for the Eyes","floor":15,"key":"SMITH"}],"circlet_count":0,"master_deck":["AscendersBane","Strike_B","Strike_B","Strike_B","Defend_B","Defend_B","Defend_B","Defend_B","Zap","Dualcast","Go for the Eyes+1","Ball Lightning","Leap","Reboot","Self Repair+1","Sweeping Beam","BootSequence","Glacier"],"relics":["Black Star","Orichalcum","Toy Ornithopter","Omamori","Darkstone Periapt","Pear","InkBottle"],"acts_visited":["Exordium"],"potions_floor_usage":[],"damage_taken":[{"damage":9.0,"enemies":"Small Slimes","floor":1.0,"turns":4.0},{"damage":11.0,"enemies":"Jaw Worm","floor":2.0,"turns":5.0},{"damage":0.0,"enemies":"Cultist","floor":5.0,"turns":3.0},{"damage":37.0,"enemies":"Lagavulin","floor":6.0,"turns":7.0},{"damage":4.0,"enemies":"Looter","floor":10.0,"turns":5.0},{"damage":21.0,"enemies":"Gremlin Nob","floor":12.0,"turns":4.0},{"damage":6.0,"enemies":"3 Louse","floor":14.0,"turns":4.0},{"damage":52,"enemies":"Hexaghost","floor":16,"turns":12}],"seed_played":"574516438981481025","potions_obtained":[{"floor":6.0,"key":"Regen Potion"},{"floor":10.0,"key":"BlessingOfTheForge"}],"is_trial":false,"path_per_floor":["M","M","?","?","M","E","$","T","T","M","R","E","R","M","R","B"],"character_chosen":"DEFECT","items_purchased":["Self Repair"],"campfire_rested":1,"item_purchase_floors":[7],"current_hp_per_floor":[55,44,49,49,49,12,12,12,12,15,37,48,48,52,52,0,0],"gold":122,"neow_bonus":"BOSS_RELIC","is_daily":false,"chose_seed":false,"campfire_upgraded":2,"win_rate":0.0,"timestamp":1611965653,"path_taken":["M","M","?","?","M","E","?","?","T","M","R","E","R","M","R","BOSS"],"items_purchased_type":["Card"],"build_version":"2020-12-22","purchased_purges":0,"victory":false,"max_hp_per_floor":[71,71,76,76,76,76,76,76,76,76,76,86,86,86,86,86,86],"relic_stats":{"Darkstone Periapt":0,"counters":[8,44],"Black Star":2,"Orichalcum":[42],"obtain_stats":[{"Darkstone Periapt":9,"Pear":12,"Black Star":0,"Omamori":8,"Orichalcum":6,"Cracked Core":0,"Toy Ornithopter":6,"InkBottle":12},{"Darkstone Periapt":4,"Pear":6,"Black Star":0,"Omamori":4,"Orichalcum":4,"Cracked Core":0,"Toy Ornithopter":4,"InkBottle":6},{"Darkstone Periapt":19,"Pear":28,"Black Star":0,"Omamori":19,"Orichalcum":19,"Cracked Core":0,"Toy Ornithopter":19,"InkBottle":28}],"Toy Ornithopter":10,"InkBottle":[4]},"card_choices":[{"not_picked":["Leap","Redo"],"picked":"Go for the Eyes","floor":1.0},{"not_picked":["Rebound","FTL"],"picked":"Ball Lightning","floor":2.0},{"not_picked":["Coolheaded","Fusion"],"picked":"Leap","floor":5.0},{"not_picked":["Conserve Battery","Auto Shields"],"picked":"Reboot","floor":6.0},{"not_picked":["Barrage","Stack"],"picked":"Sweeping Beam","floor":10.0},{"not_picked":["White Noise","Go for the Eyes"],"picked":"BootSequence","floor":12.0},{"not_picked":["Melter","Conserve Battery"],"picked":"Glacier","floor":14.0}],"player_experience":795872,"relics_obtained":[{"floor":6.0,"key":"Orichalcum"},{"floor":6.0,"key":"Toy Ornithopter"},{"floor":8.0,"key":"Omamori"},{"floor":9.0,"key":"Darkstone Periapt"},{"floor":12.0,"key":"Pear"},{"floor":12.0,"key":"InkBottle"}],"event_choices":[{"damage_healed":0.0,"max_hp_gain":5.0,"max_hp_loss":0.0,"gold_gain":0.0,"event_name":"Big Fish","player_choice":"Donut","floor":3.0,"gold_loss":0.0,"damage_taken":0.0},{"cards_removed":["Strike_B"],"damage_healed":0.0,"max_hp_gain":0.0,"max_hp_loss":0.0,"gold_gain":0.0,"event_name":"The Cleric","player_choice":"Card Removal","floor":4.0,"gold_loss":75.0,"damage_taken":0.0}],"is_beta":false,"boss_relics":[],"items_purged_floors":[],"is_endless":false,"potions_floor_spawned":[6,10],"killed_by":"Hexaghost","ascension_level":20}}