{"host":"hszimsrtxxc2k25w","time":1611983235,"event":{"mods":["AchievementEnabler","BaseMod","Colored Map","DeckTracker","Minty Spire (QoL Compilation)","Rare Cards Sparkle","SuperFastMode"],"gold_per_floor":[117,117,128,53,73,73,90,90,90,116,135,135,162,162,162,233,233,246,246,136,36,35,35,46,61,141,141,156,156,181,192,192,192,192],"floor_reached":33,"language":"KOR","playtime":1004,"items_purged":["Strike_G","Strike_G"],"score":521,"play_id":"5ddd2f57-1d00-43c1-9dbe-c801fa88ab96","local_time":"20210130140715","is_ascension_mode":true,"campfire_choices":[{"data":"Crippling Poison","floor":6.0,"key":"SMITH"},{"data":"Adrenaline","floor":8.0,"key":"SMITH"},{"data":"Venomology","floor":15.0,"key":"SMITH"},{"data":"Prepared","floor":23.0,"key":"SMITH"},{"data":"Deadly Poison","floor":29.0,"key":"SMITH"},{"floor":32,"key":"REST"}],"circlet_count":0,"master_deck":["AscendersBane","Strike_G","Defend_G+1","Defend_G","Survivor","Neutralize","Crippling Poison+1","Noxious Fumes+1","Masterful Stab","Adrenaline+1","Venomology+1","Footwork","Dodge and Roll","Burst","Outmaneuver","Prepared+1","Bouncing Flask","Deadly Poison+1","Backflip","Catalyst"],"relics":["Ring of the Snake","Bottled Flame","StrikeDummy","Boot","Pen Nib","Empty Cage","Shuriken","Dream Catcher"],"acts_visited":["Exordium","TheCity"],"potions_floor_usage":[33],"damage_taken":[{"damage":1.0,"enemies":"2 Louse","floor":1.0,"turns":4.0},{"damage":0.0,"enemies":"Cultist","floor":3.0,"turns":5.0},{"damage":2.0,"enemies":"Small Slimes","floor":5.0,"turns":4.0},{"damage":9.0,"enemies":"Blue Slaver","floor":7.0,"turns":4.0},{"damage":27.0,"enemies":"Lagavulin","floor":10.0,"turns":6.0},{"damage":3.0,"enemies":"Looter","floor":11.0,"turns":2.0},{"damage":3.0,"enemies":"Hexaghost","floor":16.0,"turns":9.0},{"damage":0.0,"enemies":"Chosen","floor":18.0,"turns":4.0},{"damage":12.0,"enemies":"2 Thieves","floor":22.0,"turns":5.0},{"damage":6.0,"enemies":"Snake Plant","floor":24.0,"turns":4.0},{"damage":2.0,"enemies":"3 Cultists","floor":25.0,"turns":4.0},{"damage":19.0,"enemies":"Sentry and Sphere","floor":28.0,"turns":5.0},{"damage":32.0,"enemies":"Slavers","floor":30.0,"turns":5.0},{"damage":9,"enemies":"Snecko","floor":31,"turns":6},{"damage":36,"enemies":"Automaton","floor":33,"turns":6}],"seed_played":"-5506907210404612443","potions_obtained":[{"floor":5.0,"key":"PowerPotion"},{"floor":10.0,"key":"FairyPotion"},{"floor":16.0,"key":"CunningPotion"},{"floor":27.0,"key":"LiquidMemories"}],"is_trial":false,"path_per_floor":["M","?","M","$","M","R","M","R","T","E","M","?","T","?","R","B",null,"M","?","?","$","M","R","M","M","T","?","M","R","E","M","R","B"],"character_chosen":"THE_SILENT","items_purchased":[],"campfire_rested":1,"item_purchase_floors":[],"current_hp_per_floor":[58,58,58,58,56,56,47,47,47,20,17,12,12,34,34,31,57,57,57,57,57,45,45,39,37,37,37,18,18,12,3,22,0,0],"gold":192,"neow_bonus":"THREE_CARDS","is_daily":false,"chose_seed":false,"campfire_upgraded":5,"win_rate":0.0,"timestamp":1611983235,"path_taken":["M","?","M","$","?","R","M","R","T","E","M","?","?","?","R","BOSS","M","?","?","$","?","R","M","M","T","?","?","R","E","M","R","BOSS"],"items_purchased_type":[],"build_version":"2020-12-22","purchased_purges":2,"victory":false,"max_hp_per_floor":[66,66,66,66,66,66,66,66,66,66,66,66,66,66,66,66,66,66,66,66,66,66,66,66,66,66,66,66,66,66,66,66,66,66],"card_choices":[{"not_picked":["Bane","Expertise"],"picked":"Crippling Poison","floor":0.0},{"not_picked":["Bane","Blur"],"picked":"Noxious Fumes","floor":1.0},{"not_picked":["Cloak And Dagger","Deadly Poison"],"picked":"Masterful Stab","floor":3.0},{"not_picked":["Outmaneuver","Caltrops","Quick Slash"],"picked":"SKIP","floor":5.0},{"not_picked":["Outmaneuver","Bane"],"picked":"Adrenaline","floor":7.0},{"not_picked":["Eviscerate","Flying Knee"],"picked":"Venomology","floor":10.0},{"not_picked":["Quick Slash","Sucker Punch"],"picked":"Footwork","floor":11.0},{"not_picked":["Skewer","Concentrate+1"],"picked":"Dodge and Roll","floor":18.0},{"not_picked":["PiercingWail","Blade Dance"],"picked":"Prepared","floor":22.0},{"not_picked":["Quick Slash","Blade Dance"],"picked":"Bouncing Flask","floor":24.0},{"not_picked":["Eviscerate","Finisher","Caltrops"],"picked":"SKIP","floor":25.0},{"not_picked":["Deflect","PiercingWail"],"picked":"Deadly Poison","floor":28.0},{"not_picked":["Acrobatics","Predator","Venomology"],"picked":"SKIP","floor":30.0},{"not_picked":["Cloak And Dagger","Finisher"],"picked":"Backflip","floor":31},{"not_picked":["Reflex","Predator"],"picked":"Catalyst","floor":32}],"player_experience":651139,"relics_obtained":[{"floor":9.0,"key":"Bottled Flame"},{"floor":10.0,"key":"StrikeDummy"},{"floor":13.0,"key":"Pen Nib"},{"floor":26.0,"key":"Shuriken"},{"floor":30.0,"key":"Dream Catcher"}],"event_choices":[{"damage_healed":0.0,"max_hp_gain":0.0,"max_hp_loss":0.0,"gold_gain":0.0,"event_name":"Accursed Blacksmith","player_choice":"Forge","floor":2.0,"gold_loss":0.0,"damage_taken":0.0,"cards_upgraded":["Noxious Fumes"]},{"damage_healed":0.0,"max_hp_gain":0.0,"max_hp_loss":0.0,"gold_gain":0.0,"event_name":"Scrap Ooze","player_choice":"Success","floor":12.0,"gold_loss":0.0,"damage_taken":5.0,"relics_obtained":["Boot"]},{"damage_healed":22.0,"max_hp_gain":0.0,"max_hp_loss":0.0,"gold_gain":0.0,"event_name":"Big Fish","player_choice":"Banana","floor":14.0,"gold_loss":0.0,"damage_taken":0.0},{"damage_healed":0.0,"max_hp_gain":0.0,"max_hp_loss":0.0,"gold_gain":0.0,"cards_transformed":["Strike_G","Defend_G"],"event_name":"Drug Dealer","player_choice":"Became Test Subject","floor":19.0,"gold_loss":0.0,"damage_taken":0.0,"cards_obtained":["Burst","Outmaneuver"]},{"cards_removed":["Defend_G"],"damage_healed":0.0,"max_hp_gain":0.0,"max_hp_loss":0.0,"gold_gain":0.0,"event_name":"Designer","player_choice":"Upgrade and Remove","floor":20.0,"gold_loss":110.0,"damage_taken":0.0,"cards_upgraded":["Defend_G"]},{"damage_healed":0.0,"max_hp_gain":0.0,"max_hp_loss":0.0,"gold_gain":0.0,"event_name":"Lab","player_choice":"Got Potions","floor":27.0,"gold_loss":0.0,"damage_taken":0.0}],"is_beta":false,"boss_relics":[{"not_picked":["Runic Dome","SlaversCollar"],"picked":"Empty Cage"}],"items_purged_floors":[4,21],"is_endless":false,"potions_floor_spawned":[5,10,16,18,22],"killed_by":"Automaton","ascension_level":19}}