{"host":"5fpb1gzflhq9886n","time":1611974369,"event":{"mods":["AchievementEnabler","BaseMod","Colored Map","Colored Powertips","Minty Spire (QoL Compilation)","Permanent Neow"],"gold_per_floor":[114,114,131,145,245,245,277,277,327,340,350,350,155,155,155,260,260,280,280,280,245,263,295,295,210,210,210,210],"floor_reached":27,"language":"ENG","playtime":1413,"items_purged":[],"score":314,"play_id":"020ab905-8975-4cd6-be5b-df8808bc5178","local_time":"20210129213929","is_ascension_mode":true,"campfire_choices":[{"data":"Wild Strike","floor":6.0,"key":"SMITH"},{"floor":8.0,"key":"RECALL"},{"floor":12.0,"key":"REST"},{"floor":15.0,"key":"REST"},{"data":"Flame Barrier","floor":24,"key":"SMITH"}],"circlet_count":0,"master_deck":["Strike_R","Strike_R+1","Strike_R","Strike_R","Defend_R","Defend_R","Defend_R","Defend_R","Bash","Thunderclap","Metallicize","Wild Strike+1","Wild Strike","Entrench","Armaments","Havoc+1","Exhume","Pommel Strike","Ghostly","Ghostly","Ghostly","Ghostly","Ghostly","Flame Barrier+1","Rampage","Offering"],"relics":["Burning Blood","NeowsBlessing","GremlinMask","Smiling Mask","Bag of Marbles","Strange Spoon","Coffee Dripper","Prayer Wheel","Eternal Feather","Bottled Lightning"],"acts_visited":["Exordium","TheCity"],"potions_floor_usage":[16],"damage_taken":[{"damage":0.0,"enemies":"Small Slimes","floor":1.0,"turns":1.0},{"damage":0.0,"enemies":"Cultist","floor":3.0,"turns":1.0},{"damage":0.0,"enemies":"2 Louse","floor":4.0,"turns":1.0},{"damage":37.0,"enemies":"3 Sentries","floor":7.0,"turns":11.0},{"damage":29.0,"enemies":"Exordium Thugs","floor":10.0,"turns":4.0},{"damage":5.0,"enemies":"Blue Slaver","floor":11.0,"turns":2.0},{"damage":66,"enemies":"Hexaghost","floor":16,"turns":11},{"damage":7,"enemies":"Chosen","floor":18,"turns":4},{"damage":24,"enemies":"2 Thieves","floor":21,"turns":5},{"damage":0,"enemies":"Snake Plant","floor":22,"turns":5},{"damage":5,"enemies":"Gremlin Leader","floor":23,"turns":12},{"damage":34,"enemies":"Slavers","floor":27,"turns":11}],"seed_played":"-4080813218581448276","potions_obtained":[{"floor":1.0,"key":"FairyPotion"},{"floor":7.0,"key":"PowerPotion"},{"floor":22,"key":"SneckoOil"},{"floor":23,"key":"DuplicationPotion"}],"is_trial":false,"path_per_floor":["M","?","M","M","?","R","E","R","T","M","M","R","$","?","R","B",null,"M","?","?","M","M","E","R","?","T","E"],"character_chosen":"IRONCLAD","items_purchased":["Havoc","Strange Spoon"],"campfire_rested":2,"item_purchase_floors":[13,13],"current_hp_per_floor":[80,80,80,80,80,80,49,49,49,26,27,51,51,35,59,25,66,65,40,40,22,28,29,29,29,29,0,0],"gold":210,"neow_bonus":"THREE_ENEMY_KILL","is_daily":false,"chose_seed":false,"campfire_upgraded":2,"win_rate":0.0,"timestamp":1611974369,"path_taken":["M","?","M","?","?","R","E","R","T","M","?","R","$","?","R","BOSS","M","?","?","?","M","E","R","?","T","E"],"items_purchased_type":["Card","Relic"],"build_version":"2020-12-22","purchased_purges":0,"victory":false,"max_hp_per_floor":[80,80,80,80,80,80,80,80,80,80,80,80,80,80,80,80,80,80,40,40,40,40,40,40,40,40,40,40],"card_choices":[{"not_picked":["Battle Trance","Iron Wave"],"picked":"Thunderclap","floor":1.0},{"not_picked":["Wild Strike","Flex"],"picked":"Metallicize","floor":3.0},{"not_picked":["Dual Wield","Second Wind"],"picked":"Wild Strike","floor":4.0},{"not_picked":["Headbutt","Metallicize"],"picked":"Wild Strike","floor":7.0},{"not_picked":["Sword Boomerang","Blood for Blood"],"picked":"Entrench","floor":10.0},{"not_picked":["Clash","Intimidate"],"picked":"Armaments","floor":11.0},{"not_picked":["Juggernaut","Brutality"],"picked":"Exhume","floor":16},{"not_picked":["Flex","Heavy Blade"],"picked":"Pommel Strike","floor":18},{"not_picked":["Intimidate","Flex+1"],"picked":"Flame Barrier","floor":21},{"not_picked":["Thunderclap","Havoc"],"picked":"Rampage","floor":22},{"not_picked":["Anger","Reckless Charge"],"picked":"Offering","floor":23}],"player_experience":776863,"relics_obtained":[{"floor":7.0,"key":"Smiling Mask"},{"floor":9.0,"key":"Bag of Marbles"},{"floor":23,"key":"Prayer Wheel"},{"floor":26,"key":"Bottled Lightning"}],"event_choices":[{"damage_healed":0.0,"max_hp_gain":0.0,"max_hp_loss":0.0,"gold_gain":0.0,"event_name":"FaceTrader","player_choice":"Trade","floor":2.0,"gold_loss":0.0,"damage_taken":0.0,"relics_obtained":["GremlinMask"]},{"damage_healed":0.0,"max_hp_gain":0.0,"max_hp_loss":0.0,"gold_gain":100.0,"event_name":"Golden Shrine","player_choice":"Pray","floor":5.0,"gold_loss":0.0,"damage_taken":0.0},{"damage_healed":0.0,"max_hp_gain":0.0,"max_hp_loss":0.0,"gold_gain":0.0,"event_name":"Shining Light","player_choice":"Entered Light","floor":14.0,"gold_loss":0.0,"damage_taken":16.0,"cards_upgraded":["Havoc","Strike_R"]},{"damage_healed":0,"gold_gain":0,"player_choice":"Became a Ghost","damage_taken":0,"max_hp_gain":0,"max_hp_loss":40,"event_name":"Ghosts","floor":19,"gold_loss":0,"cards_obtained":["Ghostly","Ghostly","Ghostly","Ghostly","Ghostly"]},{"cards_removed":["Strike_R"],"damage_healed":0,"gold_gain":0,"player_choice":"Offered Basic","damage_taken":0,"max_hp_gain":0,"max_hp_loss":0,"event_name":"Bonfire Elementals","floor":20,"gold_loss":0},{"damage_healed":0,"gold_gain":0,"player_choice":"Obtained Relic","damage_taken":0,"relics_obtained":["Eternal Feather"],"max_hp_gain":0,"max_hp_loss":0,"event_name":"Addict","floor":25,"gold_loss":85}],"is_beta":false,"boss_relics":[{"not_picked":["Tiny House","Runic Dome"],"picked":"Coffee Dripper"}],"items_purged_floors":[],"is_endless":false,"potions_floor_spawned":[1,7,22,23],"killed_by":"Slavers","ascension_level":5}}