{"host":"2i1rjl87isetstuj","time":1611989636,"event":{"mods":["BaseMod","Better Vampires","Challenge The Spire","Lobotomy","LobotomyExtend","Marked Mod","Minty Spire (QoL Compilation)","Quick Restart","Shop Mod","StSLib","Waifu the Spire","óô»ðÖ¸ÄÏ"],"gold_per_floor":[115,127,143,143,157,169,169,203,284,298,331,352,122,142,4284,4380,4380,4380,4380],"floor_reached":18,"language":"ZHS","playtime":2761,"items_purged":["Strike_G"],"score":258,"play_id":"b01ba341-06d2-4416-bbe3-55d3bc4a5719","local_time":"20210130145356","is_ascension_mode":true,"campfire_choices":[{"floor":7,"key":"REST"}],"circlet_count":0,"master_deck":["Strike_G","Strike_G","Strike_G","Strike_G","Defend_G","Defend_G","Defend_G","Defend_G","Defend_G","Survivor","Neutralize","BeautyBeast","Flechettes","PunishingBird","Die Die Die","WallGazer","Blade Dance","CrumblingArmor","Sucker Punch","Deadly Poison","Riddle With Holes","Mercenary","BigBadWolf","Skewer","Laetitia","Blade Dance","Accuracy","HeroicMonk","Wraith Form v2","Flechettes","LongBird","A Thousand Cuts","Parasite","Parasite","Parasite","Parasite"],"relics":["Ring of the Snake","CogitoBucket","LetterFromLob","Blood Vial","Singing Bowl","LuminousBracelet","Prayer Wheel","Odd Mushroom","Orichalcum","Lee\u0027s Waffle","Thread and Needle","Bottled Lightning","Ectoplasm","ShedSkin_r","ShedSkin_r"],"acts_visited":["Exordium","TheCity"],"potions_floor_usage":[],"damage_taken":[{"damage":6,"enemies":"2 Louse","floor":1,"turns":3},{"damage":4,"enemies":"Cultist","floor":2,"turns":4},{"damage":4,"enemies":"Small Slimes","floor":3,"turns":3},{"damage":20,"enemies":"2 Fungi Beasts","floor":5,"turns":4},{"damage":12,"enemies":"Exordium Wildlife","floor":6,"turns":2},{"damage":37,"enemies":"Lagavulin","floor":8,"turns":5},{"damage":0,"enemies":"Exordium Thugs","floor":10,"turns":1},{"damage":29,"enemies":"Gremlin Nob","floor":11,"turns":5},{"damage":17,"enemies":"The Mushroom Lair","floor":12,"turns":3},{"damage":16,"enemies":"2 Fungi Beasts","floor":14,"turns":3},{"damage":92,"enemies":"Hexaghost","floor":16,"turns":8},{"damage":60,"enemies":"Chosen","floor":18,"turns":2}],"seed_played":"-3962611620433948182","potions_obtained":[{"floor":1,"key":"ColorlessPotion"},{"floor":6,"key":"Dexterity Potion"},{"floor":8,"key":"SteroidPotion"},{"floor":11,"key":"Energy Potion"}],"is_trial":false,"path_per_floor":["M","M","M","?","M","M","R","E","T","M","E","?","R","M","R","B",null,"M"],"character_chosen":"THE_SILENT","items_purchased":["Accuracy","Orichalcum","Lee\u0027s Waffle","Thread and Needle","Bottled Lightning"],"campfire_rested":1,"item_purchase_floors":[13,13,15,15,15],"current_hp_per_floor":[64,60,56,49,31,19,40,3,3,80,61,60,60,66,88,57,88,0,0],"gold":4380,"neow_bonus":"","is_daily":false,"chose_seed":false,"campfire_upgraded":0,"win_rate":0.0,"timestamp":1611989636,"path_taken":["M","M","M","?","M","M","R","E","T","M","E","?","R","M","R","BOSS","M"],"items_purchased_type":["Card","Relic","Relic","Relic","Relic"],"build_version":"2020-12-22","purchased_purges":1,"victory":false,"max_hp_per_floor":[70,70,70,70,70,70,70,70,70,87,87,84,84,81,88,88,88,88,88],"card_choices":[{"not_picked":["FairyFestival","ShyLook"],"picked":"BeautyBeast","floor":1},{"not_picked":["Concentrate","Underhanded Strike"],"picked":"Flechettes","floor":1},{"not_picked":["CherryBlossoms","WallGazer"],"picked":"PunishingBird","floor":2},{"not_picked":["Dagger Throw","Concentrate"],"picked":"Die Die Die","floor":2},{"not_picked":["SpiderBud","OldLady"],"picked":"WallGazer","floor":3},{"not_picked":["Dagger Throw","Reflex"],"picked":"Blade Dance","floor":3},{"not_picked":["Wellcheers","SpiderBud"],"picked":"CrumblingArmor","floor":5},{"not_picked":["Bane","Backflip"],"picked":"Sucker Punch","floor":5},{"not_picked":["OldLady","Bloodbath"],"picked":"Yin","floor":6},{"not_picked":["Underhanded Strike","Crippling Poison"],"picked":"Deadly Poison","floor":6},{"not_picked":["Expertise","Endless Agony"],"picked":"Riddle With Holes","floor":8},{"not_picked":["CherryBlossoms","OSAHOGD"],"picked":"Mercenary","floor":10},{"not_picked":["Reflex","Distraction","Blur"],"picked":"Singing Bowl","floor":10},{"not_picked":["UniverseFragment","Wellcheers"],"picked":"BigBadWolf","floor":11},{"not_picked":["Backflip","Sucker Punch"],"picked":"Skewer","floor":11},{"not_picked":["DespairKnight","MHz"],"picked":"Laetitia","floor":12},{"not_picked":["Dodge and Roll","PiercingWail"],"picked":"Blade Dance","floor":12},{"not_picked":["Alriune","DespairKnight"],"picked":"HeroicMonk","floor":14},{"not_picked":["Calculated Gamble","Deflect"],"picked":"Wraith Form v2","floor":14},{"not_picked":["Cloak And Dagger","Deadly Poison"],"picked":"Flechettes","floor":14},{"not_picked":["Wellcheers","SpiderBud"],"picked":"LongBird","floor":16},{"not_picked":["After Image","Burst"],"picked":"A Thousand Cuts","floor":16}],"player_experience":112381,"relics_obtained":[{"floor":1,"key":"LetterFromLob"},{"floor":8,"key":"Blood Vial"},{"floor":9,"key":"Singing Bowl"},{"floor":11,"key":"Prayer Wheel"},{"floor":12,"key":"Odd Mushroom"}],"event_choices":[{"damage_healed":0,"gold_gain":0,"player_choice":"Damaged","damage_taken":7,"max_hp_gain":0,"max_hp_loss":0,"event_name":"Wheel of Change","floor":4,"gold_loss":0},{"damage_healed":0,"gold_gain":0,"player_choice":"Fought Mushrooms","damage_taken":0,"max_hp_gain":0,"max_hp_loss":0,"event_name":"Mushrooms","floor":12,"gold_loss":0}],"is_beta":false,"boss_relics":[{"not_picked":["Astrolabe","Tiny House"],"picked":"Ectoplasm"}],"items_purged_floors":[15],"is_endless":false,"potions_floor_spawned":[1,6,8,11,12],"killed_by":"Chosen","ascension_level":1}}