{"host":"2i1rjl87isetstuj","time":1611986429,"event":{"mods":["BaseMod","Better Vampires","Challenge The Spire","Lobotomy","LobotomyExtend","Marked Mod","Minty Spire (QoL Compilation)","Quick Restart","Shop Mod","StSLib","Waifu the Spire","óô»ðÖ¸ÄÏ"],"gold_per_floor":[119,138,153,328,348,348,348],"floor_reached":6,"language":"ZHS","playtime":193,"items_purged":[],"score":40,"play_id":"46b221b5-9f66-44f1-a610-a7f760ab5059","local_time":"20210130140029","is_ascension_mode":true,"campfire_choices":[],"circlet_count":0,"master_deck":["Strike_P","Strike_P","Strike_P","Strike_P","Defend_P","Defend_P","Defend_P","Defend_P","Eruption","Vigilance","Wellcheers","Indignation","ShyLook","SignatureMove","VoidDream","Doubt","DreamingCurrent"],"relics":["PureWater","CogitoBucket","LetterFromLob"],"acts_visited":["Exordium"],"potions_floor_usage":[],"damage_taken":[{"damage":6.0,"enemies":"Jaw Worm","floor":1.0,"turns":3.0},{"damage":0.0,"enemies":"2 Louse","floor":2.0,"turns":2.0},{"damage":0.0,"enemies":"Cultist","floor":3.0,"turns":3.0},{"damage":0,"enemies":"Blue Slaver","floor":5,"turns":1},{"damage":81,"enemies":"Lagavulin","floor":6,"turns":4}],"seed_played":"878836913493783886","potions_obtained":[{"floor":3.0,"key":"BottledMiracle"}],"is_trial":false,"path_per_floor":["M","M","M","?","M","E"],"character_chosen":"WATCHER","items_purchased":[],"campfire_rested":0,"item_purchase_floors":[],"current_hp_per_floor":[66,66,69,69,69,0,0],"gold":348,"neow_bonus":"","is_daily":false,"chose_seed":false,"campfire_upgraded":0,"win_rate":0.0,"timestamp":1611986429,"path_taken":["M","M","M","?","M","E"],"items_purchased_type":[],"build_version":"2020-12-22","purchased_purges":0,"victory":false,"max_hp_per_floor":[72,72,72,72,72,72,72],"card_choices":[{"not_picked":["Scorched","Funeral"],"picked":"Wellcheers","floor":1.0},{"not_picked":["CrushJoints","Evaluate"],"picked":"Indignation","floor":1.0},{"not_picked":["CherryBlossoms","MHz"],"picked":"ShyLook","floor":2.0},{"not_picked":["Crescendo","Consecrate"],"picked":"SignatureMove","floor":2.0},{"not_picked":["MeatLantern","CrumblingArmor"],"picked":"VoidDream","floor":3.0},{"not_picked":["ThirdEye","CrushJoints","FlyingSleeves"],"picked":"SKIP","floor":3.0},{"not_picked":["CherryBlossoms","WallGazer"],"picked":"DreamingCurrent","floor":5},{"not_picked":["Pray","Wallop","PathToVictory"],"picked":"SKIP","floor":5},{"not_picked":["Pray","Wallop","PathToVictory"],"picked":"SKIP","floor":5}],"player_experience":112188,"relics_obtained":[{"floor":1.0,"key":"LetterFromLob"}],"event_choices":[{"damage_healed":0.0,"max_hp_gain":0.0,"max_hp_loss":0.0,"gold_gain":175.0,"event_name":"Liars Game","player_choice":"AGREE","floor":4.0,"gold_loss":0.0,"damage_taken":0.0,"cards_obtained":["Doubt"]}],"is_beta":false,"boss_relics":[],"items_purged_floors":[],"is_endless":false,"potions_floor_spawned":[3],"killed_by":"Lagavulin","ascension_level":1}}