{"host":"lehz9p79pih88cc3","time":1611974719,"event":{"mods":["AchievementEnabler","Act Like it!","BaseMod","Downfall","Minty Spire (QoL Compilation)","Permanent Neow","Quick Restart","Reimu??????","Relic Stats","Replay The Spire","SacredBarkPlus","StSLib","The Administrix","The Construct","The Mystic","The Runesmith","The Servant 0.9.4","Transform Curses","Uncapped","Yakumo Yukari mod"],"gold_per_floor":[99,115,115,115,172,189,189,200,215,235,235,264,24,37,50,146,146,146,165,27,57,19,19,97,97,116,116,127,159,172,172,192,290,290,290,300,320,320,320,320,320,370,370,370,386,403,403,66,81,81],"floor_reached":51,"language":"ENG","playtime":2632,"items_purged":["champ:Strike","champ:Strike"],"score":861,"play_id":"c778f0b0-a4fb-4648-be9b-7a0f0aded319","local_time":"20210129214519","is_ascension_mode":true,"campfire_choices":[{"data":"champ:Taunt","floor":1,"key":"SMITH"},{"floor":11,"key":"REST"},{"data":"champ:HoldFirm","floor":18,"key":"SMITH"},{"data":"champ:MurderStrike","floor":35,"key":"SMITH"},{"data":"expansioncontent:YouAreMine","floor":40,"key":"SMITH"},{"data":"Replay:SS_hec_1","floor":43,"key":"SMITH"},{"data":"champ:TornadoPunch","floor":47,"key":"SMITH"}],"circlet_count":0,"master_deck":["champ:Defend","champ:Defend","champ:Defend","champ:Execute","champ:Taunt+1","champ:RecklessLeap","champ:DefensiveStyle","champ:FanOfKnives","champ:FlashCut","champ:TornadoPunch","champ:PreciseThrust","champ:BerserkerStyle","champ:SkillfulDodge","champ:HoldFirm+1","champ:TornadoPunch+1","champ:HeavySlash+1","champ:ShieldSigil+1","champ:HoldFirm+1","champ:ShieldWall","champ:TornadoPunch+1","Writhe","Necronomicurse","champ:MurderStrike+1","Replay:SS_hec_1+1","expansioncontent:YouAreMine+1","champ:TornadoPunch","champ:FocusedDefense","champ:ShieldSigil"],"relics":["Snecko Eye","RuthlessExorcism:ReiMu","Tea:ReiMu","Vajra","Lee\u0027s Waffle","Empty Cage","Red Mask","DollysMirror","Nunchaku","Divine Protection","Necronomicon","Happy Flower","SlaversCollar","Bottled Tornado","PureWhite:ReiMu","Blue Candle","Bag of Marbles"],"acts_visited":["Exordium","TheCity","TheBeyond"],"potions_floor_usage":[2,5,16,22,22,33,33,33,50,50],"damage_taken":[{"damage":29,"enemies":"Jaw Worm","floor":2,"turns":3},{"damage":82,"enemies":"Lagavulin Event","floor":5,"turns":6},{"damage":10,"enemies":"2 Louse","floor":6,"turns":1},{"damage":25,"enemies":"Cultist","floor":8,"turns":2},{"damage":31,"enemies":"3 Louse","floor":9,"turns":2},{"damage":11,"enemies":"Blue Slaver","floor":10,"turns":3},{"damage":52,"enemies":"Replay:BlueRogue","floor":12,"turns":3},{"damage":51,"enemies":"downfall:FleeingMerchant","floor":13,"turns":4},{"damage":0,"enemies":"Gremlin Gang","floor":14,"turns":2},{"damage":22,"enemies":"Large Slime","floor":15,"turns":2},{"damage":83,"enemies":"DF_ARCHETYPE_STREAMLINE","floor":16,"turns":10},{"damage":32,"enemies":"Shell Parasite","floor":19,"turns":5},{"damage":10,"enemies":"downfall:FleeingMerchant","floor":20,"turns":4},{"damage":10,"enemies":"Masked Bandits","floor":21,"turns":2},{"damage":15,"enemies":"downfall:FleeingMerchant","floor":22,"turns":4},{"damage":0,"enemies":"Centurion and Healer","floor":26,"turns":3},{"damage":0,"enemies":"Snake Plant","floor":28,"turns":2},{"damage":42,"enemies":"Book of Stabbing","floor":29,"turns":3},{"damage":0,"enemies":"3 Cultists","floor":30,"turns":3},{"damage":0,"enemies":"Chosen and Byrds","floor":32,"turns":4},{"damage":11,"enemies":"SI_MIRROR_ARCHETYPE","floor":33,"turns":7},{"damage":0,"enemies":"3 Darklings","floor":36,"turns":2},{"damage":0,"enemies":"Orb Walker","floor":37,"turns":2},{"damage":12,"enemies":"2 Orb Walkers","floor":42,"turns":3},{"damage":7,"enemies":"Maw","floor":45,"turns":7},{"damage":0,"enemies":"4 Shapes","floor":46,"turns":2},{"damage":7,"enemies":"Writhing Mass","floor":49,"turns":4},{"damage":0,"enemies":"WA_ARCHETYPE_DIVINITY","floor":50,"turns":7}],"seed_played":"-7266109009794893202","potions_obtained":[{"floor":2,"key":"EntropicBrew"},{"floor":10,"key":"hexamod:SoulburnPotion"},{"floor":28,"key":"EssenceOfSteel"},{"floor":29,"key":"SkillPotion"},{"floor":30,"key":"hexamod:SoulburnPotion"},{"floor":33,"key":"SkillPotion"},{"floor":42,"key":"MagicPotion:ReiMu"},{"floor":45,"key":"ColorlessPotion"}],"is_trial":false,"path_per_floor":["R","M","?","?","?","M","T","M","M","M","R","E","$","M","M","B",null,"R","M","$","?","$","?","T","?","M","$","M","E","M","?","M","B",null,"R","M","M","?","?","R","T","?","R","?","M","M","R","$","M","B",null],"character_chosen":"THE_CHAMP","items_purchased":["Lee\u0027s Waffle","champ:HeavySlash+1","DollysMirror","champ:ShieldWall","champ:TornadoPunch","champ:TornadoPunch","Bag of Marbles","champ:FocusedDefense","champ:ShieldSigil"],"campfire_rested":1,"item_purchase_floors":[13,20,22,22,22,48,48,48,48],"current_hp_per_floor":[90,81,81,81,49,49,49,49,43,32,59,42,97,97,97,66,97,97,97,97,97,97,97,97,81,81,81,81,74,74,74,74,63,97,97,97,97,92,92,92,92,90,90,85,88,88,88,88,81,81],"gold":81,"neow_bonus":"BOSS_RELIC","is_daily":false,"chose_seed":false,"campfire_upgraded":6,"win_rate":0.0,"timestamp":1611974719,"path_taken":["R","M","?","?","?","?","T","M","M","M","R","E","$","?","M","BOSS","R","M","$","?","$","?","T","?","M","?","?","E","M","?","M","BOSS","R","M","M","?","?","R","T","?","R","?","M","M","R","?","M","BOSS"],"items_purchased_type":["Relic","Card","Relic","Card","Card","Card","Relic","Card","Card"],"build_version":"2020-12-22","purchased_purges":2,"victory":true,"max_hp_per_floor":[90,90,90,90,90,90,90,90,90,90,90,90,97,97,97,97,97,97,97,97,97,97,97,97,97,97,97,97,97,97,97,97,97,97,97,97,97,97,97,97,97,97,97,97,97,97,97,97,97,97],"relic_stats":{"Lee\u0027s Waffle":65,"Nunchaku":[10],"Happy Flower":[13],"counters":[28,102],"Blue Candle":[8],"Snecko Eye":[175,164,167,181],"Necronomicon":[29],"obtain_stats":[{"Divine Protection":24,"Lee\u0027s Waffle":13,"Happy Flower":29,"Blue Candle":44,"Tea:ReiMu":7,"Vajra":12,"champ:ChampionCrown":0,"Bottled Tornado":41,"Empty Cage":17,"SlaversCollar":34,"Nunchaku":23,"PureWhite:ReiMu":42,"DollysMirror":22,"Snecko Eye":0,"Red Mask":21,"Necronomicon":25,"Bag of Marbles":48,"RuthlessExorcism:ReiMu":5},{"Divine Protection":15,"Lee\u0027s Waffle":8,"Happy Flower":18,"Blue Candle":24,"Tea:ReiMu":3,"Vajra":7,"champ:ChampionCrown":0,"Bottled Tornado":23,"Empty Cage":11,"SlaversCollar":21,"Nunchaku":15,"PureWhite:ReiMu":24,"DollysMirror":15,"Snecko Eye":0,"Red Mask":14,"Necronomicon":15,"Bag of Marbles":26,"RuthlessExorcism:ReiMu":1},{"Divine Protection":53,"Lee\u0027s Waffle":24,"Happy Flower":61,"Blue Candle":82,"Tea:ReiMu":10,"Vajra":20,"champ:ChampionCrown":0,"Bottled Tornado":79,"Empty Cage":38,"SlaversCollar":75,"Nunchaku":53,"PureWhite:ReiMu":82,"DollysMirror":53,"Snecko Eye":0,"Red Mask":49,"Necronomicon":53,"Bag of Marbles":91,"RuthlessExorcism:ReiMu":3}]},"card_choices":[{"not_picked":["champ:HeartStrike","champ:BerserkersShout"],"picked":"champ:RecklessLeap","floor":2},{"not_picked":["champ:StanceDance","champ:BerserkersShout"],"picked":"champ:DefensiveStyle","floor":5},{"not_picked":["champ:ShieldSigil","champ:Shatter"],"picked":"champ:FanOfKnives","floor":6},{"not_picked":["champ:EnGarde","champ:HeartStrike"],"picked":"champ:FlashCut","floor":8},{"not_picked":["champ:CalledShot","champ:PreemptiveStrike"],"picked":"champ:TornadoPunch","floor":9},{"not_picked":["champ:BerserkersShout","champ:AdrenalArmor"],"picked":"champ:PreciseThrust","floor":10},{"not_picked":["champ:CrownThrow","champ:CrookedStrike"],"picked":"champ:BerserkerStyle","floor":12},{"not_picked":["champ:BerserkerStyle","champ:SwordThrow","champ:DefensiveStyle"],"picked":"SKIP","floor":13},{"not_picked":["champ:StanceDance","champ:EnGarde","champ:BerserkersShout"],"picked":"SKIP","floor":14},{"not_picked":["champ:EnragedBash","champ:FanOfKnives"],"picked":"champ:SkillfulDodge","floor":15},{"not_picked":["champ:EnchantShield","champ:IgnorePain"],"picked":"champ:HoldFirm","floor":16},{"not_picked":["champ:ShieldSlam+1","champ:CalledShot"],"picked":"champ:TornadoPunch+1","floor":19},{"not_picked":["champ:Circumvent+1","champ:EnGarde","champ:BerserkerStyle+1"],"picked":"SKIP","floor":20},{"not_picked":["champ:DefensiveShout+1","champ:Circumvent"],"picked":"champ:ShieldSigil+1","floor":21},{"not_picked":["champ:StanceDance+1","champ:CrookedStrike","champ:Circumvent"],"picked":"SKIP","floor":22},{"not_picked":["champ:SetATrap","champ:BringItOn","champ:PerfectedStrike"],"picked":"SKIP","floor":26},{"not_picked":["champ:DefensiveShout","champ:BerserkersShout+1","champ:FanOfKnives"],"picked":"SKIP","floor":28},{"not_picked":["champ:EndlessRage","champ:DefensiveShout","champ:HeavySlash"],"picked":"SKIP","floor":29},{"not_picked":["champ:CrookedStrike+1","champ:Parry","champ:FanOfKnives"],"picked":"SKIP","floor":30},{"not_picked":["champ:DefensiveShout","champ:CrownThrow","champ:BerserkersShout"],"picked":"SKIP","floor":32},{"not_picked":["champ:DancingMaster","champ:SwordThrow"],"picked":"champ:MurderStrike","floor":33},{"not_picked":["champ:FanOfKnives+1","champ:CrownThrow","champ:Shatter"],"picked":"SKIP","floor":36},{"not_picked":["champ:PreemptiveStrike+1","champ:StanceDance+1","champ:EnGarde+1"],"picked":"SKIP","floor":37},{"not_picked":["expansioncontent:GuardianWhirl","expansioncontent:PrepareCrush"],"picked":"Replay:SS_hec_1","floor":38},{"not_picked":["expansioncontent:Hexaburn","Replay:SS_fish_1"],"picked":"expansioncontent:YouAreMine","floor":38},{"not_picked":["champ:FlashCut+1","champ:DefensiveShout+1","champ:PerfectedStrike"],"picked":"SKIP","floor":45},{"not_picked":["champ:AdrenalArmor+1","champ:Backstep","champ:CrownThrow"],"picked":"SKIP","floor":46},{"not_picked":["champ:IronFortress","champ:Circumvent","champ:StanceDance+1"],"picked":"SKIP","floor":49}],"player_experience":218960,"relics_obtained":[{"floor":7,"key":"Tea:ReiMu"},{"floor":12,"key":"Vajra"},{"floor":21,"key":"Red Mask"},{"floor":24,"key":"Divine Protection"},{"floor":25,"key":"Necronomicon"},{"floor":29,"key":"Happy Flower"},{"floor":41,"key":"Bottled Tornado"},{"floor":42,"key":"PureWhite:ReiMu"}],"event_choices":[{"cards_removed":["champ:Strike"],"damage_healed":0,"gold_gain":0,"player_choice":"Card Removal","damage_taken":0,"max_hp_gain":0,"max_hp_loss":0,"event_name":"The Cleric","floor":4,"gold_loss":0},{"damage_healed":0,"gold_gain":0,"player_choice":"Fought Bandits","damage_taken":0,"max_hp_gain":0,"max_hp_loss":0,"event_name":"Masked Bandits","floor":21,"gold_loss":0},{"damage_healed":0,"gold_gain":0,"player_choice":"Fight","damage_taken":0,"max_hp_gain":0,"max_hp_loss":0,"event_name":"Mysterious Sphere","floor":42,"gold_loss":0}],"is_beta":false,"boss_relics":[{"not_picked":["Busted Crown","Philosopher\u0027s Stone"],"picked":"Empty Cage"},{"not_picked":["Replay:Bronze Core","bronze:MakeshiftBattery"],"picked":"SlaversCollar"}],"items_purged_floors":[13,22],"is_endless":false,"potions_floor_spawned":[2,10,14,28,29,30,33,42,45],"ascension_level":2}}