{"host":"0awa854l6bexpjrv","time":1611985527,"event":{"mods":["BaseMod","Block Reminder","Colored Map","Colored Powertips","Downfall","Highlight Path","Minty Spire (QoL Compilation)","Quick Restart","Rare Cards Sparkle","StSLib","SuperFastMode"],"gold_per_floor":[109,123,14,33,45,76,76,76,101,112,125,3,18,18,18,120,120,137,137,137,12,12,12,30,63,63,76,42,42,42,53,53,53,53],"floor_reached":33,"language":"ENG","playtime":1973,"items_purged":["Strike_R","Strike_R","Strike_R"],"score":320,"play_id":"b83f0353-bfa6-4a47-ba65-dd50a0c2ad8f","local_time":"20210129214527","is_ascension_mode":true,"campfire_choices":[{"floor":8.0,"key":"REST"},{"data":"Armaments","floor":15.0,"key":"SMITH"},{"data":"Bash","floor":23,"key":"SMITH"},{"data":"Uppercut","floor":30,"key":"SMITH"},{"floor":32,"key":"REST"}],"circlet_count":0,"master_deck":["Strike_R","Strike_R","Defend_R","Defend_R+1","Defend_R+1","Defend_R","Bash+1","Bludgeon","Inflame","Searing Blow","Burning Pact","Anger","Iron Wave","Armaments+1","True Grit","Searing Blow","Feed","J.A.X.","Shame","Sword Boomerang+1","Uppercut+1","Parasite","True Grit+1","Evolve","Reaper"],"relics":["Burning Blood","Juzu Bracelet","CultistMask","War Paint","Cursed Key","Red Skull","StrikeDummy","Regal Pillow"],"acts_visited":["Exordium","TheCity"],"potions_floor_usage":[24,25,25,25,33],"damage_taken":[{"damage":0.0,"enemies":"Cultist","floor":1.0,"turns":2.0},{"damage":6.0,"enemies":"Small Slimes","floor":2.0,"turns":2.0},{"damage":7.0,"enemies":"2 Louse","floor":4.0,"turns":3.0},{"damage":10.0,"enemies":"Looter","floor":5.0,"turns":5.0},{"damage":20.0,"enemies":"Lagavulin","floor":6.0,"turns":7.0},{"damage":0.0,"enemies":"Large Slime","floor":10.0,"turns":4.0},{"damage":10.0,"enemies":"3 Louse","floor":11.0,"turns":4.0},{"damage":7.0,"enemies":"Looter","floor":13.0,"turns":5.0},{"damage":26.0,"enemies":"The Guardian","floor":16.0,"turns":11.0},{"damage":10.0,"enemies":"Spheric Guardian","floor":18.0,"turns":5.0},{"damage":14,"enemies":"Shell Parasite","floor":24,"turns":6},{"damage":27,"enemies":"Book of Stabbing","floor":25,"turns":4},{"damage":9,"enemies":"Snake Plant","floor":27,"turns":3},{"damage":38,"enemies":"Sentry and Sphere","floor":31,"turns":6},{"damage":117,"enemies":"Automaton","floor":33,"turns":8}],"seed_played":"-4521857538420104620","potions_obtained":[{"floor":6.0,"key":"SkillPotion"},{"floor":11.0,"key":"ColorlessPotion"},{"floor":13.0,"key":"Strength Potion"},{"floor":16.0,"key":"LiquidBronze"},{"floor":18.0,"key":"Explosive Potion"},{"floor":24,"key":"PowerPotion"},{"floor":25,"key":"Regen Potion"}],"is_trial":false,"path_per_floor":["M","M","$","M","M","E","?","R","T","M","M","$","M","?","R","B",null,"M","?","?","$","?","R","M","E","T","M","$","?","R","M","R","B"],"character_chosen":"IRONCLAD","items_purchased":["Searing Blow","True Grit","Evolve"],"campfire_rested":2,"item_purchase_floors":[3,12,28],"current_hp_per_floor":[62,62,62,61,57,43,43,67,67,73,69,69,68,73,73,53,85,81,81,81,81,81,81,73,52,52,49,49,77,77,48,88,0,0],"gold":53,"neow_bonus":"THREE_RARE_CARDS","is_daily":false,"chose_seed":false,"campfire_upgraded":3,"win_rate":0.0,"timestamp":1611985527,"path_taken":["M","M","$","M","?","E","?","R","T","M","M","?","M","?","R","BOSS","M","?","?","$","?","R","M","E","T","M","$","?","R","M","R","BOSS"],"items_purchased_type":["Card","Card","Card"],"build_version":"2020-12-22","purchased_purges":3,"victory":false,"max_hp_per_floor":[80,80,80,80,80,80,80,80,80,80,80,80,80,85,85,85,85,85,85,85,85,85,85,85,85,85,85,85,85,85,88,88,88,88],"card_choices":[{"not_picked":["Demon Form","Impervious"],"picked":"Bludgeon","floor":0.0},{"not_picked":["Flex","Clash","Warcry"],"picked":"SKIP","floor":1.0},{"not_picked":["Clash","Perfected Strike"],"picked":"Inflame","floor":2.0},{"not_picked":["Battle Trance","Shrug It Off"],"picked":"Burning Pact","floor":4.0},{"not_picked":["Sword Boomerang","Perfected Strike"],"picked":"Anger","floor":5.0},{"not_picked":["Corruption","Intimidate"],"picked":"Iron Wave","floor":6.0},{"not_picked":["Pummel","Body Slam"],"picked":"Armaments","floor":10.0},{"not_picked":["Entrench","Armaments","Infernal Blade"],"picked":"SKIP","floor":11.0},{"not_picked":["Wild Strike","Clash"],"picked":"Searing Blow","floor":13.0},{"not_picked":["Brutality","Juggernaut"],"picked":"Feed","floor":16.0},{"not_picked":["Havoc","Sword Boomerang","Dual Wield"],"picked":"SKIP","floor":18.0},{"not_picked":["Body Slam","Dropkick"],"picked":"Sword Boomerang+1","floor":24},{"not_picked":["Shockwave","Feel No Pain"],"picked":"Uppercut","floor":25},{"not_picked":["Armaments","Body Slam"],"picked":"True Grit+1","floor":27},{"not_picked":["Seeing Red","Twin Strike"],"picked":"Reaper","floor":31}],"player_experience":673353,"relics_obtained":[{"floor":6.0,"key":"Juzu Bracelet"},{"floor":9.0,"key":"War Paint"},{"floor":25,"key":"StrikeDummy"},{"floor":26,"key":"Regal Pillow"}],"event_choices":[{"damage_healed":0.0,"max_hp_gain":0.0,"max_hp_loss":0.0,"gold_gain":0.0,"event_name":"FaceTrader","player_choice":"Trade","floor":7.0,"gold_loss":0.0,"damage_taken":0.0,"relics_obtained":["CultistMask"]},{"damage_healed":0.0,"max_hp_gain":5.0,"max_hp_loss":0.0,"gold_gain":0.0,"event_name":"Big Fish","player_choice":"Donut","floor":14.0,"gold_loss":0.0,"damage_taken":0.0},{"damage_healed":0,"gold_gain":0,"player_choice":"Ignored","damage_taken":0,"max_hp_gain":0,"max_hp_loss":0,"event_name":"The Mausoleum","floor":19,"gold_loss":0},{"damage_healed":0,"gold_gain":0,"player_choice":"Obtain J.A.X.","damage_taken":0,"max_hp_gain":0,"max_hp_loss":0,"event_name":"Drug Dealer","floor":20,"gold_loss":0,"cards_obtained":["J.A.X."]},{"damage_healed":0,"gold_gain":0,"player_choice":"Stole Relic","damage_taken":0,"relics_obtained":["Red Skull"],"max_hp_gain":0,"max_hp_loss":0,"event_name":"Addict","floor":22,"gold_loss":0,"cards_obtained":["Shame"]},{"damage_healed":28,"gold_gain":0,"player_choice":"Heal","damage_taken":0,"max_hp_gain":0,"max_hp_loss":0,"event_name":"The Library","floor":29,"gold_loss":0}],"is_beta":false,"boss_relics":[{"not_picked":["Velvet Choker","Runic Dome"],"picked":"Cursed Key"}],"items_purged_floors":[3,12,21],"is_endless":false,"potions_floor_spawned":[6,11,13,16,18,24,25],"killed_by":"Automaton","ascension_level":4}}