{"host":"88sw61cmk1203zgj","time":1611968356,"event":{"mods":["BaseMod","Minty Spire (QoL Compilation)"],"gold_per_floor":[219,237,81,81,94,122,122,154,154,168,184,184,195,213,213,291,291,291,74,74,74,14,14,14,14,14,14,14,14,14,14,14,14,14],"floor_reached":33,"language":"ENG","playtime":2221,"items_purged":["Defend_G","Strike_G"],"score":454,"play_id":"8c2d3979-5e1e-44b8-876d-5583aba014f9","local_time":"20210129195916","is_ascension_mode":true,"campfire_choices":[{"floor":7.0,"key":"REST"},{"data":"Neutralize","floor":12.0,"key":"SMITH"},{"floor":15,"key":"REST"},{"data":"Sucker Punch","floor":23,"key":"SMITH"},{"data":"Footwork","floor":28,"key":"SMITH"},{"floor":30,"key":"REST"},{"floor":32,"key":"REST"}],"circlet_count":0,"master_deck":["AscendersBane","Strike_G","Strike_G","Defend_G","Defend_G","Defend_G","Defend_G","Survivor","Neutralize+1","Deadly Poison","Quick Slash","Noxious Fumes","Flying Knee","PiercingWail","Sucker Punch+1","Dodge and Roll","Die Die Die","Dash","Footwork+1","Skewer","Flying Knee","Calculated Gamble"],"relics":["Ring of the Snake","Paper Crane","Ectoplasm","Lantern","Juzu Bracelet"],"acts_visited":["Exordium","TheCity"],"potions_floor_usage":[13,13,33,33],"damage_taken":[{"damage":2.0,"enemies":"Cultist","floor":1.0,"turns":4.0},{"damage":0.0,"enemies":"2 Louse","floor":2.0,"turns":3.0},{"damage":0.0,"enemies":"Small Slimes","floor":5.0,"turns":4.0},{"damage":25.0,"enemies":"3 Sentries","floor":6.0,"turns":8.0},{"damage":34.0,"enemies":"Gremlin Nob","floor":8.0,"turns":5.0},{"damage":0.0,"enemies":"2 Fungi Beasts","floor":10.0,"turns":3.0},{"damage":5.0,"enemies":"Exordium Wildlife","floor":11.0,"turns":5.0},{"damage":4,"enemies":"Lots of Slimes","floor":13,"turns":5},{"damage":1,"enemies":"Large Slime","floor":14,"turns":6},{"damage":32,"enemies":"Hexaghost","floor":16,"turns":12},{"damage":8,"enemies":"Spheric Guardian","floor":18,"turns":5},{"damage":3,"enemies":"2 Thieves","floor":22,"turns":4},{"damage":12,"enemies":"Sentry and Sphere","floor":29,"turns":8},{"damage":9,"enemies":"Book of Stabbing","floor":31,"turns":7},{"damage":61,"enemies":"Champ","floor":33,"turns":15}],"seed_played":"7704424923330341574","potions_obtained":[{"floor":5.0,"key":"Block Potion"},{"floor":8.0,"key":"DuplicationPotion"},{"floor":11.0,"key":"Poison Potion"},{"floor":18,"key":"GamblersBrew"}],"is_trial":false,"path_per_floor":["M","M","$","?","M","E","R","E","T","M","M","R","M","M","R","B",null,"M","$","?","?","M","R","?","?","T","$","R","M","R","E","R","B"],"character_chosen":"THE_SILENT","items_purchased":["Noxious Fumes","Footwork","Fire Potion"],"campfire_rested":4,"item_purchase_floors":[3,19,19],"current_hp_per_floor":[61,61,61,61,61,36,57,23,23,23,18,18,14,13,34,2,53,45,45,45,39,36,36,36,36,36,36,36,24,45,36,57,0,0],"gold":14,"neow_bonus":"HUNDRED_GOLD","is_daily":false,"chose_seed":false,"campfire_upgraded":3,"win_rate":0.0,"timestamp":1611968356,"path_taken":["M","M","$","?","M","E","R","E","T","M","M","R","M","M","R","BOSS","M","$","?","?","?","R","?","?","T","?","R","M","R","E","R","BOSS"],"items_purchased_type":["Card","Card","Potion"],"build_version":"2020-12-22","purchased_purges":2,"victory":false,"max_hp_per_floor":[70,70,70,70,70,70,70,70,70,70,70,70,70,70,70,70,70,70,70,70,70,70,70,70,70,70,70,70,70,70,70,70,70,70],"card_choices":[{"not_picked":["Concentrate","Acrobatics"],"picked":"Deadly Poison","floor":1.0},{"not_picked":["PiercingWail","Caltrops"],"picked":"Quick Slash","floor":2.0},{"not_picked":["Skewer","PiercingWail"],"picked":"Flying Knee","floor":5.0},{"not_picked":["Poisoned Stab","Accuracy"],"picked":"PiercingWail","floor":6.0},{"not_picked":["Well Laid Plans","Reflex"],"picked":"Sucker Punch","floor":8.0},{"not_picked":["Endless Agony","Acrobatics","Escape Plan"],"picked":"SKIP","floor":10.0},{"not_picked":["Skewer","All Out Attack","Slice"],"picked":"SKIP","floor":11.0},{"not_picked":["Night Terror","Cloak And Dagger"],"picked":"Dodge and Roll","floor":13},{"not_picked":["Slice","Outmaneuver","Riddle With Holes"],"picked":"SKIP","floor":14},{"not_picked":["Night Terror","After Image"],"picked":"Die Die Die","floor":16},{"not_picked":["Terror","Quick Slash"],"picked":"Dash","floor":18},{"not_picked":["Distraction","Setup","Dagger Throw"],"picked":"SKIP","floor":22},{"not_picked":["Blade Dance","Finisher"],"picked":"Calculated Gamble","floor":29},{"not_picked":["Finisher","Outmaneuver","Slice"],"picked":"SKIP","floor":31}],"player_experience":1530478,"relics_obtained":[{"floor":6.0,"key":"Paper Crane"},{"floor":26,"key":"Lantern"},{"floor":31,"key":"Juzu Bracelet"}],"event_choices":[{"damage_healed":0.0,"max_hp_gain":0.0,"max_hp_loss":0.0,"gold_gain":0.0,"event_name":"Liars Game","player_choice":"Ignored","floor":4.0,"gold_loss":0.0,"damage_taken":0.0},{"damage_healed":0,"gold_gain":0,"cards_transformed":["Strike_G","Strike_G"],"player_choice":"Became Test Subject","damage_taken":0,"max_hp_gain":0,"max_hp_loss":0,"event_name":"Drug Dealer","floor":20,"gold_loss":0,"cards_obtained":["Skewer","Flying Knee"]},{"damage_healed":0,"gold_gain":0,"player_choice":"","damage_taken":6,"max_hp_gain":0,"max_hp_loss":0,"event_name":"Knowing Skull","floor":21,"potions_obtained":[],"gold_loss":0,"cards_obtained":[]},{"damage_healed":0,"gold_gain":99,"player_choice":"Stole From Cult","damage_taken":0,"max_hp_gain":0,"max_hp_loss":0,"event_name":"Nest","floor":24,"gold_loss":0},{"damage_healed":0,"gold_gain":0,"player_choice":"Ignored","damage_taken":0,"max_hp_gain":0,"max_hp_loss":0,"event_name":"Cursed Tome","floor":25,"gold_loss":0}],"is_beta":false,"boss_relics":[{"not_picked":["Coffee Dripper","Cursed Key"],"picked":"Ectoplasm"}],"items_purged_floors":[3,19],"is_endless":false,"potions_floor_spawned":[5,8,11,18,29],"killed_by":"Champ","ascension_level":13}}