{"host":"zk71suw73lg2r165","time":1611975754,"event":{"mods":["BaseMod","Colored Map","Minty Spire (QoL Compilation)","Permanent Neow","Relic Stats","StSLib"],"gold_per_floor":[209,209,82,82,82,82,110,110,135,135,162,175,188,188,188,188,188],"floor_reached":16,"language":"ENG","playtime":317,"items_purged":["Decay"],"score":212,"play_id":"1d58d9fd-9f87-4412-9bb5-cd5435618011","local_time":"20210129220234","is_ascension_mode":true,"campfire_choices":[{"data":"1","floor":6,"key":"LIFT"},{"data":"Fission","floor":8,"key":"SMITH"},{"floor":10,"key":"REST"},{"data":"2","floor":15,"key":"LIFT"}],"circlet_count":0,"master_deck":["AscendersBane","Strike_B","Strike_B","Strike_B","Strike_B","Defend_B","Defend_B","Defend_B","Defend_B","Zap","Dualcast","Doom and Gloom+1","Compile Driver","Fission+1","Steam Power","Skim","Cold Snap"],"relics":["Cracked Core","Girya","Symbiotic Virus","Bag of Marbles","Gremlin Horn"],"acts_visited":["Exordium"],"potions_floor_usage":[11,16],"damage_taken":[{"damage":10,"enemies":"2 Louse","floor":1,"turns":2},{"damage":36,"enemies":"Lagavulin","floor":7,"turns":6},{"damage":11,"enemies":"Gremlin Nob","floor":11,"turns":3},{"damage":0,"enemies":"Cultist","floor":12,"turns":1},{"damage":0,"enemies":"Small Slimes","floor":13,"turns":1},{"damage":38,"enemies":"Hexaghost","floor":16,"turns":9}],"seed_played":"8394431192965067924","potions_obtained":[{"floor":1,"key":"EssenceOfDarkness"},{"floor":13,"key":"Regen Potion"}],"is_trial":false,"path_per_floor":["M","?","$","?","$","R","E","R","T","R","E","M","M","?","R","B"],"character_chosen":"DEFECT","items_purchased":["Compile Driver"],"campfire_rested":1,"item_purchase_floors":[3],"current_hp_per_floor":[54,54,54,49,49,49,13,13,13,34,23,23,23,23,23,0,0],"gold":188,"neow_bonus":"HUNDRED_GOLD","is_daily":false,"chose_seed":false,"campfire_upgraded":1,"win_rate":0.0,"timestamp":1611975754,"path_taken":["M","?","?","?","$","R","E","R","T","R","E","M","?","?","R","BOSS"],"items_purchased_type":["Card"],"build_version":"2020-12-22","purchased_purges":1,"victory":false,"max_hp_per_floor":[71,71,71,71,71,71,71,71,71,71,71,71,71,71,71,71,71],"relic_stats":{"Gremlin Horn":[1,1],"counters":[6,22],"obtain_stats":[{"Girya":4,"Gremlin Horn":11,"Bag of Marbles":9,"Cracked Core":0,"Symbiotic Virus":7},{"Girya":1,"Gremlin Horn":3,"Bag of Marbles":2,"Cracked Core":0,"Symbiotic Virus":2},{"Girya":2,"Gremlin Horn":11,"Bag of Marbles":8,"Cracked Core":0,"Symbiotic Virus":8}]},"card_choices":[{"not_picked":["Steam Power","Sweeping Beam"],"picked":"Doom and Gloom","floor":1},{"not_picked":["Stack","Beam Cell"],"picked":"Fission","floor":7},{"not_picked":["Rebound","Turbo"],"picked":"Steam Power","floor":11},{"not_picked":["Heatsinks","Stack"],"picked":"Skim","floor":12},{"not_picked":["Rebound","Steam"],"picked":"Cold Snap","floor":13}],"player_experience":1426126,"relics_obtained":[{"floor":7,"key":"Symbiotic Virus"},{"floor":9,"key":"Bag of Marbles"},{"floor":11,"key":"Gremlin Horn"}],"event_choices":[{"damage_healed":0,"gold_gain":0,"player_choice":"Cursed","damage_taken":0,"max_hp_gain":0,"max_hp_loss":0,"event_name":"Wheel of Change","floor":2,"gold_loss":0,"cards_obtained":["Decay"]},{"damage_healed":0,"gold_gain":0,"player_choice":"Success","damage_taken":5,"relics_obtained":["Girya"],"max_hp_gain":0,"max_hp_loss":0,"event_name":"Scrap Ooze","floor":4,"gold_loss":0},{"damage_healed":0,"gold_gain":0,"player_choice":"Grow","damage_taken":0,"max_hp_gain":0,"max_hp_loss":0,"event_name":"Living Wall","floor":14,"gold_loss":0,"cards_upgraded":["Doom and Gloom"]}],"is_beta":false,"boss_relics":[],"items_purged_floors":[3],"is_endless":false,"potions_floor_spawned":[1,13],"killed_by":"Hexaghost","ascension_level":20}}