{"host":"zwezhz46a5cjkxff","time":1611999037,"event":{"mods":["AchievementEnabler","BaseMod","Colored Map","Colored Powertips","DeckTracker","Hermit","Minty Spire (QoL Compilation)","Permanent Neow","Quick Restart","Rare Cards Sparkle","Relic Stats","Robot Space Explorer","StSLib","SuperFastMode","The Hierophant","The Servant 0.9.4","Weighted Paths","slay the spire mod where everything is the same but ironclad has a cowboy hat"],"gold_per_floor":[116,136,136,136,155,155,190,190,190,190,219,219,254,266,266,369,369,349,361,361,375,222,249,249,249,249],"floor_reached":25,"language":"ENG","playtime":876,"items_purged":[],"score":251,"play_id":"987f635a-fa68-469f-a9a8-2a4f9dbbbd4e","local_time":"20210130033037","is_ascension_mode":true,"campfire_choices":[{"floor":6,"key":"RECALL"},{"floor":8,"key":"REST"},{"data":"Mayhem","floor":10,"key":"SMITH"},{"data":"Intimidate","floor":15,"key":"SMITH"},{"data":"1","floor":24,"key":"LIFT"}],"circlet_count":0,"master_deck":["Bash+1","Mayhem+1","Shrug It Off","Intimidate+1","Shrug It Off","Impervious","Inflame","Metallicize","Ghostly Armor","Barricade","Whirlwind","Berserk","Demon Form","Uppercut","Flame Barrier"],"relics":["Burning Blood","Kunai","Bag of Preparation","Whetstone","Pandora\u0027s Box","Girya","Vajra","Red Skull"],"acts_visited":["Exordium","TheCity"],"potions_floor_usage":[13,16,23,25],"damage_taken":[{"damage":3,"enemies":"Small Slimes","floor":1,"turns":4},{"damage":3,"enemies":"Cultist","floor":2,"turns":5},{"damage":4,"enemies":"2 Louse","floor":5,"turns":4},{"damage":50,"enemies":"3 Sentries","floor":7,"turns":14},{"damage":26,"enemies":"Lagavulin","floor":11,"turns":10},{"damage":18,"enemies":"3 Sentries","floor":13,"turns":8},{"damage":2,"enemies":"Red Slaver","floor":14,"turns":4},{"damage":21,"enemies":"The Guardian","floor":16,"turns":9},{"damage":17,"enemies":"2 Thieves","floor":18,"turns":4},{"damage":5,"enemies":"Spheric Guardian","floor":19,"turns":7},{"damage":35,"enemies":"Shelled Parasite and Fungi","floor":21,"turns":8},{"damage":22,"enemies":"Book of Stabbing","floor":23,"turns":7},{"damage":28,"enemies":"Slavers","floor":25,"turns":5}],"seed_played":"-1024775111777055274","potions_obtained":[{"floor":1,"key":"Swift Potion"},{"floor":11,"key":"SkillPotion"},{"floor":13,"key":"ColorlessPotion"},{"floor":18,"key":"DuplicationPotion"},{"floor":21,"key":"PowerPotion"}],"is_trial":false,"path_per_floor":["M","M","?","?","M","R","E","R","T","R","E","?","E","M","R","B",null,"M","M","?","M","$","E","R","E"],"character_chosen":"IRONCLAD","items_purchased":["Vajra"],"campfire_rested":1,"item_purchase_floors":[22],"current_hp_per_floor":[59,62,55,55,57,57,13,37,37,37,17,80,68,72,72,57,80,69,70,70,41,41,25,25,0,0],"gold":249,"neow_bonus":"RANDOM_COLORLESS_2","is_daily":false,"chose_seed":false,"campfire_upgraded":2,"win_rate":0.0,"timestamp":1611999037,"path_taken":["M","M","?","?","M","R","E","R","T","R","E","?","E","M","R","BOSS","M","M","?","M","$","E","R","E"],"items_purchased_type":["Relic"],"build_version":"2020-12-22","purchased_purges":0,"victory":false,"max_hp_per_floor":[80,80,80,80,80,80,80,80,80,80,80,80,80,80,80,80,80,80,80,80,80,80,80,80,80,80],"relic_stats":{"counters":[13,89],"Pandora\u0027s Box":["Inflame","Metallicize","Ghostly Armor","Barricade","Whirlwind","Berserk","Demon Form"],"Bag of Preparation":[16],"Kunai":[6],"Whetstone":["Bash","Strike_R"],"obtain_stats":[{"Girya":20,"Vajra":22,"Pandora\u0027s Box":17,"Bag of Preparation":11,"Kunai":7,"Whetstone":13,"Burning Blood":0,"Red Skull":23},{"Girya":10,"Vajra":11,"Pandora\u0027s Box":8,"Bag of Preparation":5,"Kunai":4,"Whetstone":6,"Burning Blood":0,"Red Skull":12},{"Girya":69,"Vajra":77,"Pandora\u0027s Box":58,"Bag of Preparation":37,"Kunai":27,"Whetstone":45,"Burning Blood":0,"Red Skull":84}],"Burning Blood":72},"card_choices":[{"not_picked":["Secret Weapon","Secret Technique"],"picked":"Mayhem","floor":0},{"not_picked":["Headbutt","Pommel Strike"],"picked":"Shrug It Off","floor":1},{"not_picked":["Body Slam","Seeing Red","Carnage"],"picked":"SKIP","floor":2},{"not_picked":["Pummel","Anger","Limit Break"],"picked":"SKIP","floor":5},{"not_picked":["Anger","Searing Blow","Sever Soul"],"picked":"SKIP","floor":7},{"not_picked":["Thunderclap","Carnage","Burning Pact"],"picked":"SKIP","floor":11},{"not_picked":["Shockwave","Havoc"],"picked":"Intimidate","floor":13},{"not_picked":["Havoc","Pommel Strike"],"picked":"Shrug It Off","floor":14},{"not_picked":["Berserk","Limit Break"],"picked":"Impervious","floor":16},{"not_picked":["Battle Trance","Perfected Strike+1","Anger+1"],"picked":"SKIP","floor":18},{"not_picked":["Iron Wave","Shrug It Off"],"picked":"Uppercut","floor":19},{"not_picked":["Clothesline","Uppercut","Ghostly Armor"],"picked":"SKIP","floor":21},{"not_picked":["Battle Trance+1","Inflame"],"picked":"Flame Barrier","floor":23}],"player_experience":47398,"relics_obtained":[{"floor":7,"key":"Kunai"},{"floor":11,"key":"Bag of Preparation"},{"floor":13,"key":"Whetstone"},{"floor":23,"key":"Red Skull"}],"event_choices":[{"cards_removed":["Strike_R"],"damage_healed":0,"gold_gain":0,"player_choice":"Card Removal","damage_taken":7,"max_hp_gain":0,"max_hp_loss":0,"event_name":"Golden Wing","floor":3,"gold_loss":0},{"cards_removed":["Defend_R"],"damage_healed":0,"gold_gain":0,"player_choice":"Forget","damage_taken":0,"max_hp_gain":0,"max_hp_loss":0,"event_name":"Living Wall","floor":4,"gold_loss":0},{"damage_healed":63,"gold_gain":0,"player_choice":"Full Heal","damage_taken":0,"max_hp_gain":0,"max_hp_loss":0,"event_name":"Wheel of Change","floor":12,"gold_loss":0},{"damage_healed":0,"gold_gain":0,"player_choice":"Opened","damage_taken":0,"relics_obtained":["Girya"],"max_hp_gain":0,"max_hp_loss":0,"event_name":"The Mausoleum","floor":20,"gold_loss":0}],"is_beta":false,"boss_relics":[{"not_picked":["Coffee Dripper","Busted Crown"],"picked":"Pandora\u0027s Box"}],"items_purged_floors":[],"is_endless":false,"potions_floor_spawned":[1,11,13,18,21],"killed_by":"Slavers","ascension_level":1}}