{"host":"syozzdlzcqop4jia","time":1611982363,"event":{"mods":["BaseMod","Colored Map","Colored Powertips","Minty Spire (QoL Compilation)","Quick Restart"],"gold_per_floor":[119,194,33,33,53,83,113,156,191,230,242,272,300,332,344,356,356],"floor_reached":16,"language":"ENG","playtime":1645,"items_purged":["Defend_R"],"score":129,"play_id":"c358580c-6115-424c-bc7a-7e70deb08f43","local_time":"20210130055243","is_ascension_mode":true,"campfire_choices":[{"floor":11,"key":"REST"},{"data":"Shrug It Off","floor":15,"key":"SMITH"}],"circlet_count":0,"master_deck":["Strike_R","Strike_R","Strike_R","Strike_R","Strike_R","Defend_R","Defend_R","Defend_R","Bash+1","Anger","Rage","Flex","Shrug It Off","Perfected Strike","Clothesline","Berserk","Flex","Headbutt","Shockwave","Shrug It Off+1"],"relics":["Burning Blood","MawBank","Akabeko","MealTicket","Odd Mushroom"],"acts_visited":["Exordium"],"potions_floor_usage":[6],"damage_taken":[{"damage":9,"enemies":"2 Louse","floor":1,"turns":4},{"damage":0,"enemies":"Jaw Worm","floor":5,"turns":3},{"damage":21,"enemies":"Gremlin Nob","floor":6,"turns":4},{"damage":1,"enemies":"Cultist","floor":7,"turns":3},{"damage":25,"enemies":"3 Sentries","floor":8,"turns":9},{"damage":30,"enemies":"The Mushroom Lair","floor":10,"turns":5},{"damage":0,"enemies":"Blue Slaver","floor":12,"turns":3},{"damage":8,"enemies":"Looter","floor":13,"turns":2},{"damage":5,"enemies":"Exordium Thugs","floor":14,"turns":4},{"damage":54,"enemies":"Hexaghost","floor":16,"turns":9}],"seed_played":"837719885695009957","potions_obtained":[{"floor":1,"key":"SteroidPotion"},{"floor":6,"key":"SpeedPotion"},{"floor":12,"key":"Weak Potion"},{"floor":13,"key":"FearPotion"}],"is_trial":false,"path_per_floor":["M","?","$","?","M","E","M","E","T","?","R","M","M","M","R","B"],"character_chosen":"IRONCLAD","items_purchased":["Rage","Flex"],"campfire_rested":1,"item_purchase_floors":[3,3],"current_hp_per_floor":[77,66,66,71,77,62,67,48,48,24,49,55,53,54,54,0,0],"gold":356,"neow_bonus":"UPGRADE_CARD","is_daily":false,"chose_seed":false,"campfire_upgraded":1,"win_rate":0.0,"timestamp":1611982363,"path_taken":["M","?","$","?","M","E","M","E","T","?","R","M","?","M","R","BOSS"],"items_purchased_type":["Card","Card"],"build_version":"2020-12-22","purchased_purges":1,"victory":false,"max_hp_per_floor":[80,80,80,85,85,85,85,85,85,85,85,85,85,85,85,85,85],"card_choices":[{"not_picked":["Metallicize","Cleave"],"picked":"Anger","floor":1},{"not_picked":["Intimidate","Twin Strike"],"picked":"Shrug It Off","floor":5},{"not_picked":["Limit Break","Headbutt"],"picked":"Perfected Strike","floor":6},{"not_picked":["Sword Boomerang","Feel No Pain"],"picked":"Clothesline","floor":7},{"not_picked":["Exhume","True Grit"],"picked":"Berserk","floor":8},{"not_picked":["Thunderclap","Pommel Strike"],"picked":"Flex","floor":10},{"not_picked":["Clothesline","Infernal Blade"],"picked":"Headbutt","floor":12},{"not_picked":["Exhume","Second Wind"],"picked":"Shockwave","floor":13},{"not_picked":["Warcry","Wild Strike"],"picked":"Shrug It Off","floor":14}],"player_experience":434288,"relics_obtained":[{"floor":6,"key":"MawBank"},{"floor":8,"key":"Akabeko"},{"floor":9,"key":"MealTicket"},{"floor":10,"key":"Odd Mushroom"}],"event_choices":[{"damage_healed":0,"gold_gain":75,"player_choice":"Gather Gold","damage_taken":11,"max_hp_gain":0,"max_hp_loss":0,"event_name":"World of Goop","floor":2,"gold_loss":0},{"damage_healed":0,"gold_gain":0,"player_choice":"Donut","damage_taken":0,"max_hp_gain":5,"max_hp_loss":0,"event_name":"Big Fish","floor":4,"gold_loss":0},{"damage_healed":0,"gold_gain":0,"player_choice":"Fought Mushrooms","damage_taken":0,"max_hp_gain":0,"max_hp_loss":0,"event_name":"Mushrooms","floor":10,"gold_loss":0}],"is_beta":false,"boss_relics":[],"items_purged_floors":[3],"is_endless":false,"potions_floor_spawned":[1,6,12,13],"killed_by":"Hexaghost","ascension_level":3}}