{"host":"8rqsnaeml9gxb0kp","time":1611966550,"event":{"mods":["AchievementEnabler","BaseMod","Dark Map","Minty Spire (QoL Compilation)","Relic Stats","StSLib","slay the spire mod where everything is the same but ironclad has a cowboy hat"],"gold_per_floor":[117,117,25,25,25,65,65,106,158,194,19,35,35,55,55,55,55],"floor_reached":16,"language":"ENG","playtime":1086,"items_purged":["Strike_R"],"score":367,"play_id":"ee9c2e65-996f-4a77-8deb-11dba9f411c6","local_time":"20210129162910","is_ascension_mode":true,"campfire_choices":[{"data":"Bandage Up","floor":7,"key":"SMITH"},{"data":"Carnage","floor":13,"key":"SMITH"},{"data":"Shockwave","floor":15,"key":"SMITH"}],"circlet_count":0,"master_deck":["AscendersBane","Strike_R","Strike_R","Strike_R","Strike_R","Defend_R","Defend_R","Defend_R","Bash","Shockwave+1","Bandage Up+1","Dual Wield","Carnage+1","Cleave","Cleave"],"relics":["Burning Blood","NeowsBlessing","Golden Idol","The Courier","Ancient Tea Set","Juzu Bracelet","Blood Vial","Lantern"],"acts_visited":["Exordium"],"potions_floor_usage":[10,16],"damage_taken":[{"damage":0,"enemies":"Small Slimes","floor":1,"turns":1},{"damage":0,"enemies":"Lagavulin","floor":6,"turns":1},{"damage":0,"enemies":"Gremlin Nob","floor":8,"turns":1},{"damage":50,"enemies":"Lagavulin","floor":10,"turns":6},{"damage":16,"enemies":"2 Louse","floor":12,"turns":3},{"damage":0,"enemies":"Jaw Worm","floor":14,"turns":2}],"seed_played":"766049420449647343","potions_obtained":[{"floor":1,"key":"BloodPotion"},{"floor":8,"key":"Swift Potion"},{"floor":10,"key":"Weak Potion"}],"is_trial":false,"path_per_floor":["M","?","$","?","?","E","R","E","T","E","$","M","R","M","R","B"],"character_chosen":"IRONCLAD","items_purchased":["Bandage Up","Lantern"],"campfire_rested":0,"item_purchase_floors":[3,11],"current_hp_per_floor":[74,79,79,74,67,73,73,74,74,50,50,48,48,62,62,0,0],"gold":55,"neow_bonus":"THREE_ENEMY_KILL","is_daily":false,"chose_seed":false,"campfire_upgraded":3,"win_rate":0.0,"timestamp":1611966550,"path_taken":["M","?","$","?","?","E","R","E","T","E","$","M","R","M","R","BOSS"],"items_purchased_type":["Card","Relic"],"build_version":"2020-12-22","purchased_purges":1,"victory":false,"max_hp_per_floor":[75,80,80,74,74,74,74,74,74,74,74,74,74,74,74,74,74],"relic_stats":{"Blood Vial":6,"counters":[7,27],"Golden Idol":30,"Juzu Bracelet":0,"obtain_stats":[{"Blood Vial":10,"Lantern":11,"NeowsBlessing":0,"Golden Idol":4,"The Courier":6,"Juzu Bracelet":9,"Ancient Tea Set":8,"Burning Blood":0},{"Blood Vial":4,"Lantern":4,"NeowsBlessing":0,"Golden Idol":1,"The Courier":2,"Juzu Bracelet":3,"Ancient Tea Set":3,"Burning Blood":0},{"Blood Vial":9,"Lantern":9,"NeowsBlessing":0,"Golden Idol":1,"The Courier":2,"Juzu Bracelet":3,"Ancient Tea Set":3,"Burning Blood":0}],"Burning Blood":31},"card_choices":[{"not_picked":["Spot Weakness","Bloodletting"],"picked":"Shockwave","floor":1},{"not_picked":["Bloodletting","Rage"],"picked":"Dual Wield","floor":6},{"not_picked":["Burning Pact","Flame Barrier"],"picked":"Carnage","floor":8},{"not_picked":["Bloodletting","Warcry"],"picked":"Cleave","floor":10},{"not_picked":["Wild Strike","Headbutt"],"picked":"Cleave","floor":12},{"not_picked":["Perfected Strike","Dropkick","Armaments"],"picked":"SKIP","floor":14}],"player_experience":164993,"relics_obtained":[{"floor":6,"key":"The Courier"},{"floor":8,"key":"Ancient Tea Set"},{"floor":9,"key":"Juzu Bracelet"},{"floor":10,"key":"Blood Vial"}],"event_choices":[{"damage_healed":0,"gold_gain":0,"player_choice":"Donut","damage_taken":0,"max_hp_gain":5,"max_hp_loss":0,"event_name":"Big Fish","floor":2,"gold_loss":0},{"damage_healed":0,"gold_gain":0,"player_choice":"Lose Max HP","damage_taken":0,"relics_obtained":["Golden Idol"],"max_hp_gain":0,"max_hp_loss":6,"event_name":"Golden Idol","floor":4,"gold_loss":0},{"cards_removed":["Defend_R"],"damage_healed":0,"gold_gain":0,"player_choice":"Card Removal","damage_taken":7,"max_hp_gain":0,"max_hp_loss":0,"event_name":"Golden Wing","floor":5,"gold_loss":0}],"is_beta":false,"boss_relics":[],"items_purged_floors":[11],"is_endless":false,"potions_floor_spawned":[1,8,10],"killed_by":"The Guardian","ascension_level":14}}