{"host":"g1qzxxy7a24sg3a3","time":1611973999,"event":{"mods":["ATMod(阿瑾Mod)","Act Like it!","Arknights The Spire","BaseMod","Custom Start","Gensokyo","GungeonMod","Hallownest","Lobotomy","LobotomyExtend","Luminous","Minty Spire (QoL Compilation)","MostiFishMod","Pale of the Ancients","Replay The Spire","SOS（斯巴达之子）","Shop Mod","Spicy Shops","StSLib","TestMod","The Administrix","The Bug Knight","Waifu the Spire","WarShipGirlsR/战舰少女R mod","【遗物卡牌】REMEMod"],"gold_per_floor":[115,115,179,190,201,232,232,81,81,106,106,119,150,150,150,248,248,258,183,183,194,94,94,125,143,170,170,90,104,104,120,120,219,219,239,255,108,108,123,157,172,183,183,183,201,201,331,331,331,431,544,859,859,709,709,827,827,827,827,927],"floor_reached":61,"language":"ZHS","playtime":3443,"items_purged":["FairyFestival","Mercenary"],"score":1821,"play_id":"c122bafd-24ec-45fd-a90a-1824280135ac","local_time":"20210130103319","is_ascension_mode":false,"campfire_choices":[{"floor":7.0,"key":"RECALL"},{"data":"ats:Very Hot Blade","floor":11.0,"key":"SMITH"},{"data":"Pot Of Greed","floor":15.0,"key":"SMITH"},{"data":"ats:Volcano","floor":23.0,"key":"SMITH"},{"data":"ats:Hook Shot","floor":27.0,"key":"SMITH"},{"data":"Hallownest:skillCityofTearsMap","floor":30.0,"key":"SMITH"},{"data":"ats:Revitalization","floor":32.0,"key":"SMITH"},{"data":"ats:Flame Of Heaven","floor":46.0,"key":"SMITH"},{"data":"ats:Ignite","floor":49.0,"key":"SMITH"},{"floor":55.0,"key":"REST"},{"floor":57.0,"key":"REST"}],"circlet_count":0,"master_deck":["ats:Very Hot Blade+1","ats:Revitalization+1","ats:Hook Shot+1","Pot Of Greed+1","ats:Flame Of Heaven+1","ats:Volcano+1","Hallownest:skillCityofTearsMap+1","ats:Ignite+1"],"relics":["ats:Sanity Plus","AT_ATBox","DaveBox","testmod-TestBox","REME_ComplimentaryCards","CogitoBucket","testmod-SaigiyounoYou","LetterFromLob","SynthV:TestCard","Chameleon Ring","ats:Originium","AT_TimeSand","MerchantsRug","testmod-Antiphasic","Grinning Jar","DemoMod:GlassGuonStoneRelic","Art of War","DemoMod:PoisonVial","AtMidnight","ats:Berate","CaptainsWheel","AT_TheCollector","testmod-ArcanaOfDestiny","paleoftheancients:Timepiece","paleoftheancients:KeyRelic","paleoftheancients:SoulOfTheCollector","ats:Rhine Circuitry","Eternal Feather"],"acts_visited":["Exordium","Hallownest:CityofTears","Gensokyo:Gensokyoest","paleoftheancients:PaleOfTheAncients"],"potions_floor_usage":[],"damage_taken":[{"damage":7.0,"enemies":"Small Slimes","floor":1.0,"turns":4.0},{"damage":62.0,"enemies":"Jaw Worm","floor":4.0,"turns":8.0},{"damage":60.0,"enemies":"Cultist","floor":5.0,"turns":7.0},{"damage":126.0,"enemies":"3 Sentries","floor":6.0,"turns":16.0},{"damage":10.0,"enemies":"Gremlin Nob","floor":10.0,"turns":3.0},{"damage":5.0,"enemies":"Red Slaver","floor":12.0,"turns":2.0},{"damage":0.0,"enemies":"Lagavulin","floor":13.0,"turns":5.0},{"damage":0.0,"enemies":"Slime Boss","floor":16.0,"turns":3.0},{"damage":11.0,"enemies":"Hallownest:2_Mistakes","floor":18.0,"turns":5.0},{"damage":0.0,"enemies":"Hallownest:3_Youths","floor":21.0,"turns":2.0},{"damage":0.0,"enemies":"Hallownest:Nosk","floor":24.0,"turns":3.0},{"damage":0.0,"enemies":"Hallownest:2_Flukemon","floor":25.0,"turns":1.0},{"damage":0.0,"enemies":"Hallownest:Master_and_Novice","floor":29.0,"turns":1.0},{"damage":0.0,"enemies":"Hallownest:2_Husk_Sentries","floor":31.0,"turns":1.0},{"damage":0.0,"enemies":"Hallownest:BossMantisLord","floor":33.0,"turns":1.0},{"damage":0.0,"enemies":"Gensokyo:3_Boulders","floor":35.0,"turns":2.0},{"damage":0.0,"enemies":"Gensokyo:AncientGuardian","floor":36.0,"turns":1.0},{"damage":0.0,"enemies":"Gensokyo:4_Bats","floor":39.0,"turns":1.0},{"damage":0.0,"enemies":"Gensokyo:Kasen","floor":40.0,"turns":1.0},{"damage":0.0,"enemies":"Gensokyo:Sharpion","floor":41.0,"turns":2.0},{"damage":0.0,"enemies":"Gensokyo:3_Boulders","floor":42.0,"turns":2.0},{"damage":0.0,"enemies":"Gensokyo:4_Bats","floor":45.0,"turns":2.0},{"damage":0.0,"enemies":"Gensokyo:Doremy","floor":47.0,"turns":2.0},{"damage":0.0,"enemies":"Gensokyo:Yuyuko","floor":50.0,"turns":1.0},{"damage":0.0,"enemies":"Gensokyo:Yuyuko","floor":51.0,"turns":1.0},{"damage":0.0,"enemies":"Gensokyo:Yuyuko","floor":52.0,"turns":2.0},{"damage":0.0,"enemies":"","floor":56.0,"turns":1.0},{"damage":0,"enemies":"paleoftheancients:N","floor":60,"turns":2}],"seed_played":"-7131569315772546786","potions_obtained":[{"floor":3.0,"key":"ats:Top Emergency Sanity Potion"},{"floor":5.0,"key":"LifebloodPotion"},{"floor":6.0,"key":"testmod-TestPotion"},{"floor":18.0,"key":"Adrenaline Potion"}],"is_trial":false,"path_per_floor":["M","?","?","M","M","E","R","$","T","E","R","M","E","?","R","B",null,"M","$","?","M","$","R","E","M","T","R","?","M","R","M","R","B",null,"M","M","$","?","M","E","M","M","T","COS","M","R","E","?","R","B","M","M","?","$","R","M","R","T","?","B",null],"character_chosen":"DOCTOR_CLASS","items_purchased":["MerchantsRug","ats:Berate","ats:Rhine Circuitry"],"campfire_rested":2,"item_purchase_floors":[8,37,54],"current_hp_per_floor":[66,72,72,17,55,72,72,72,72,66,66,72,72,72,72,72,72,71,71,67,72,72,72,72,72,72,72,72,72,72,72,72,72,72,72,72,72,72,72,72,72,72,72,72,72,72,72,72,72,86,86,86,86,86,86,86,86,86,86,86],"gold":927,"neow_bonus":"","is_daily":false,"chose_seed":false,"campfire_upgraded":8,"win_rate":0.0,"timestamp":1611973999,"path_taken":["M","?","?","?","M","E","R","?","T","E","R","M","E","?","R","BOSS","M","$","?","?","$","R","E","M","T","R","?","?","R","M","R","BOSS","M","M","?","?","M","E","M","M","T","COS","M","R","E","?","R","BOSS","M","M","?","$","R","M","R","T","?","BOSS"],"items_purchased_type":["Relic","Relic","Relic"],"build_version":"2020-12-22","purchased_purges":2,"victory":true,"max_hp_per_floor":[72,72,72,72,72,72,72,72,72,72,72,72,72,72,72,72,72,72,72,72,72,72,72,72,72,72,72,72,72,72,72,72,72,72,72,72,72,72,72,72,72,72,72,72,72,72,72,72,72,86,86,86,86,86,86,86,86,86,86,86],"card_choices":[{"not_picked":["ShyLook","Wellcheers"],"picked":"Murderer","floor":1.0},{"not_picked":["ats:Hammer On","ats:Spore Proliferation"],"picked":"ats:Sword Rain","floor":1.0},{"not_picked":["ats:Hook Shot","ats:Soul Absorption","ats:Hammer On","ats:Shadow Raid"],"picked":"ats:Very Hot Blade","floor":3.0},{"not_picked":["VoidDream","WallGazer"],"picked":"GalaxyChild","floor":4.0},{"not_picked":["ats:Beaten Up","ats:Sword Rain","ats:Red Shift","ats:Charging Defense"],"picked":"ats:Revitalization","floor":4.0},{"not_picked":["ats:Powerful Strike","ats:Assault Order","ats:Shell Defense","ats:Consecutive Shot Auto","ats:LN2 Cannon"],"picked":"SKIP","floor":5.0},{"not_picked":["ats:Powerful Strike","ats:Assault Order","ats:Shell Defense","ats:Consecutive Shot Auto","ats:LN2 Cannon"],"picked":"SKIP","floor":5.0},{"not_picked":["ats:Consecutive Shot Auto","ats:Shell Defense","ats:Thermite Blade","ats:Phantom"],"picked":"ats:Hook Shot","floor":6.0},{"not_picked":["ats:Rat Pack","ats:Support Order","ats:Thermite Blade","ats:Overload"],"picked":"ats:Very Hot Blade","floor":10.0},{"not_picked":["ats:Leaping Hammer","ats:Apocalypse","ats:Blood Oath","ats:Consecutive Shot Auto","ats:Directed Diagnosis"],"picked":"SKIP","floor":12.0},{"not_picked":["ats:Leaping Hammer","ats:Apocalypse","ats:Blood Oath","ats:Consecutive Shot Auto","ats:Directed Diagnosis"],"picked":"SKIP","floor":12.0},{"not_picked":["ats:Ambush","ats:Curse Doll","ats:Defend Order","ats:Closed Bolt Burst Fire"],"picked":"ats:Flame Of Heaven","floor":13.0},{"not_picked":["Wellcheers","Murderer"],"picked":"FairyFestival","floor":13.0},{"not_picked":["ats:Fractured Body","ats:Nebulous Foxfire","ats:Dogmatic Field","ats:Rat Pack"],"picked":"ats:Volcano","floor":16.0},{"not_picked":["Scarecrow","PunishingBird"],"picked":"Mercenary","floor":16.0},{"not_picked":["ats:Powerful Strike+1","ats:Very Hot Blade","ats:Explosion Area Strengthen","ats:Roar Of Ursus","ats:Spore Proliferation+1"],"picked":"SKIP","floor":18.0},{"not_picked":["ats:Revitalization","ats:Hammer On","ats:Thermite Blade","ats:Ignite+1","ats:Absolute Focus"],"picked":"SKIP","floor":21.0},{"not_picked":["ats:Defend Order","ats:Blood Oath","ats:Poison Spread","ats:Curse Doll","ats:Chain Hook"],"picked":"SKIP","floor":24.0},{"not_picked":["ats:Mental Burst+1","ats:Cat Scratch","ats:Rapid Magazine","ats:Thorns","ats:Closed Bolt Burst Fire"],"picked":"SKIP","floor":25.0},{"not_picked":["ats:Poison Spread+1","ats:Ignite","ats:Hook Shot","ats:Guard Mode+1","ats:Shell Defense"],"picked":"SKIP","floor":29.0},{"not_picked":["ats:Leaping Hammer","ats:Mental Burst","ats:Counter Healing Mode","ats:Guard Mode","ats:Curse Doll+1"],"picked":"SKIP","floor":31.0},{"not_picked":["ats:Automatic Cover+1","ats:Healing Strengthening","ats:Calcification","ats:Literary Storm","ats:Guardian Obelisk"],"picked":"SKIP","floor":35.0},{"not_picked":["ats:Shadow Raid","ats:Very Hot Blade","ats:Literary Storm","ats:Curse Doll","ats:Ignite"],"picked":"SKIP","floor":36.0},{"not_picked":["ats:Magnetic Hammer","ats:Flexible Camouflage","ats:Neurotoxin","ats:Counter Healing Mode+1","ats:Charging Defense+1"],"picked":"SKIP","floor":39.0},{"not_picked":["ats:Support Order","ats:Shell Defense+1","ats:Healing Drone+1","ats:Leaping Hammer","ats:Closed Bolt Burst Fire+1"],"picked":"SKIP","floor":40.0},{"not_picked":["ats:Song Of Battle+1","ats:Automatic Cover","ats:Charging Defense","ats:Steam Pump+1","ats:Consecutive Shot Auto"],"picked":"SKIP","floor":41.0},{"not_picked":["ats:Flexible Camouflage","ats:Flame Of Heaven","ats:Shell Defense","ats:Thermite Blade","ats:Charging Defense+1"],"picked":"SKIP","floor":42.0},{"not_picked":["ats:Phantom","ats:Flexible Camouflage+1","ats:Healing Strengthening+1","ats:Literary Storm","ats:Powerful Strike+1"],"picked":"SKIP","floor":45.0},{"not_picked":["ats:Flexible Camouflage+1","ats:Powerful Strike","ats:Automatic Cover+1","ats:Apocalypse+1"],"picked":"ats:Ignite","floor":47.0},{"not_picked":["ats:Closed Bolt Burst Fire","ats:Thermite Blade","ats:Absolute Focus","ats:Blood Oath+1","ats:Powerful Strike+1"],"picked":"SKIP","floor":51.0},{"not_picked":["ats:Hammer On","ats:Steam Pump+1","ats:Poison Spread+1","ats:Powerful Strike","ats:Roar Of Ursus"],"picked":"SKIP","floor":52.0},{"not_picked":["ats:Consecutive Shot Auto","ats:Directed Diagnosis","ats:Sword Rain+1","ats:Neurotoxin","ats:Shadow Raid"],"picked":"SKIP","floor":56.0}],"player_experience":53338,"relics_obtained":[{"floor":1.0,"key":"LetterFromLob"},{"floor":1.0,"key":"SynthV:TestCard"},{"floor":3.0,"key":"Chameleon Ring"},{"floor":6.0,"key":"ats:Originium"},{"floor":6.0,"key":"AT_TimeSand"},{"floor":10.0,"key":"ats:Originium"},{"floor":10.0,"key":"testmod-Antiphasic"},{"floor":13.0,"key":"ats:Originium"},{"floor":13.0,"key":"Grinning Jar"},{"floor":24.0,"key":"ats:Originium"},{"floor":24.0,"key":"Art of War"},{"floor":26.0,"key":"DemoMod:PoisonVial"},{"floor":36.0,"key":"AtMidnight"},{"floor":40.0,"key":"ats:Originium"},{"floor":40.0,"key":"CaptainsWheel"},{"floor":43.0,"key":"AT_TheCollector"},{"floor":47.0,"key":"testmod-ArcanaOfDestiny"},{"floor":51.0,"key":"paleoftheancients:SoulOfTheCollector"},{"floor":58,"key":"Eternal Feather"}],"event_choices":[{"damage_healed":0.0,"max_hp_gain":0.0,"max_hp_loss":0.0,"gold_gain":0.0,"event_name":"给自己的盒子","player_choice":"Ignored","floor":48.0,"gold_loss":0.0,"damage_taken":0.0}],"is_beta":false,"boss_relics":[{"not_picked":["Transparent","BloodWine"],"picked":"ats:Sanity Plus"},{"not_picked":["testmod-Nine","EE1DDrone","testmod-KeyOfTheVoid"]}],"items_purged_floors":[19,22],"is_endless":false,"potions_floor_spawned":[5,6,12,13,18,21,31,35,39,40,41,51],"ascension_level":0}}