{"host":"ud45nb993j7p9nvw","time":1611981629,"event":{"mods":["2.2 Compatiblity","Aspiration","Bartender","BaseMod","Better Altar","Better Note","Better Sensory Stone","Better Skull","Better Third Choice","ChefMod","Colored Map","Colored Powertips","Conspire","Dark Map","Defuse TimeMaze Blight","Displayed Cursed Tome","Dota2Spire","Downfall","Halation","Hermit","Hubris","Jedi Mod","Jess\u0027s Bottle","Melee Mod","Minty Spire (QoL Compilation)","Permanent Neow","Poor People Problems","Quarter Circle Forward PUNCH!","QueenMod","RNG Fix","RatMod","Red Circlet Mod","Relic Filter","Relic Relevance Reorder","Relic Stats","Reworked Bosses","Robot Space Explorer","Shade Mod","Shedinja","Spicy Shops","Spikes Relics","StS++","StSLib","The Accelerator","The Blue Laboratory","The Construct","The Poker Player","The Problem Sleuth","The Runesmith","The Sage","Trackpad","everything is the same but u backflip on backflip"],"gold_per_floor":[0,14,49,64,64,81,107,126,126,140,140,150,150,150,169,169,169,169],"floor_reached":16,"language":"ENG","playtime":979,"items_purged":[],"score":94,"play_id":"ff4c6014-f2cf-4682-8fcf-6eb523e6bd11","local_time":"20210129234029","is_ascension_mode":false,"campfire_choices":[{"data":"sneckomod:TailWhip","floor":1,"key":"SMITH"}],"circlet_count":0,"master_deck":["sneckomod:Strike","sneckomod:Defend","sneckomod:Defend","sneckomod:Defend","sneckomod:TailWhip+1","sneckomod:SnekBite","sneckomod:Unknown","sneckomod:Rotation","sneckomod:QuickBite+1","sneckomod:WideSting+1","sneckomod:Unknown1Cost+1","QueenMod:InspiringStrike","sneckomod:UnknownVulnerable","sneckomod:UnknownDraw","Injury","sneckomod:DefensiveFlair+1"],"relics":["sneckomod:SneckoSoul","qcfpunch:Fighting_Gloves","jedi:cryingmask","qcfpunch:Wild_Herbs_Ointment","Toxic Egg 2","rat:KircheisShard","halation:LettersToHer","qcfpunch:Red_Beret"],"acts_visited":["Exordium"],"potions_floor_usage":[16],"damage_taken":[{"damage":0,"enemies":"Cultist","floor":2,"turns":2},{"damage":5,"enemies":"conspire:MimicChest","floor":3,"turns":3},{"damage":0,"enemies":"2 Louse","floor":4,"turns":2},{"damage":0,"enemies":"conspire:RoseBush","floor":6,"turns":3},{"damage":0,"enemies":"Exordium Wildlife","floor":8,"turns":4},{"damage":0,"enemies":"Large Slime","floor":10,"turns":4},{"damage":29,"enemies":"Exordium Thugs","floor":12,"turns":18},{"damage":10,"enemies":"Exordium Wildlife","floor":15,"turns":4},{"damage":16,"enemies":"IC_STATUS_ARCHETYPE","floor":16,"turns":8}],"seed_played":"6842207315205398525","potions_obtained":[{"floor":10,"key":"blueLaboratory:PhilterOfMotion"},{"floor":15,"key":"Weak Potion"}],"is_trial":false,"path_per_floor":["R","M","?","M","?","M","T","M","R","M","?","M","?","?","M","B"],"character_chosen":"THE_SNECKO","items_purchased":[],"campfire_rested":0,"item_purchase_floors":[],"current_hp_per_floor":[90,90,85,85,85,85,85,85,85,85,85,90,90,26,16,0,0,0],"gold":169,"neow_bonus":"REMOVE_TWO","is_daily":false,"chose_seed":false,"campfire_upgraded":1,"win_rate":0.0,"timestamp":1611981629,"path_taken":["R","M","?","M","?","M","T","M","R","?","?","M","?","?","M","BOSS"],"items_purchased_type":[],"build_version":"2020-12-22","purchased_purges":0,"victory":false,"max_hp_per_floor":[90,90,90,90,90,90,90,90,90,90,90,90,90,90,90,90,90,90],"relic_stats":{"counters":[9,48],"obtain_stats":[{"rat:KircheisShard":14,"qcfpunch:Fighting_Gloves":3,"jedi:cryingmask":7,"qcfpunch:Red_Beret":14,"Toxic Egg 2":13,"sneckomod:SneckoSoul":0,"halation:LettersToHer":14,"qcfpunch:Wild_Herbs_Ointment":11},{"rat:KircheisShard":7,"qcfpunch:Fighting_Gloves":2,"jedi:cryingmask":4,"qcfpunch:Red_Beret":7,"Toxic Egg 2":7,"sneckomod:SneckoSoul":0,"halation:LettersToHer":7,"qcfpunch:Wild_Herbs_Ointment":6},{"rat:KircheisShard":36,"qcfpunch:Fighting_Gloves":5,"jedi:cryingmask":10,"qcfpunch:Red_Beret":36,"Toxic Egg 2":36,"sneckomod:SneckoSoul":0,"halation:LettersToHer":36,"qcfpunch:Wild_Herbs_Ointment":18}]},"card_choices":[{"not_picked":["sneckomod:UnknownCommonAttack","sneckomod:DiceBoulder"],"picked":"sneckomod:Rotation","floor":2},{"not_picked":["sneckomod:Nope","sneckomod:SoulDraw"],"picked":"sneckomod:QuickBite","floor":3},{"not_picked":["sneckomod:SoulRoll","sneckomod:QuickMove"],"picked":"sneckomod:WideSting","floor":4},{"not_picked":["sneckomod:MasterEye","sneckomod:RainOfDice"],"picked":"sneckomod:Unknown1Cost","floor":6},{"not_picked":["sneckomod:Nope","sneckomod:UnknownVulnerable","sneckomod:UnknownUncommonAttack"],"picked":"SKIP","floor":8},{"not_picked":["sneckomod:SoulRoll","sneckomod:DiceCrush"],"picked":"sneckomod:UnknownVulnerable","floor":10},{"not_picked":["sneckomod:IronFang","sneckomod:WideSting"],"picked":"sneckomod:UnknownDraw","floor":12},{"not_picked":["sneckomod:Cheat+1","sneckomod:UnknownCommonAttack"],"picked":"sneckomod:DefensiveFlair+1","floor":15}],"player_experience":243257,"relics_obtained":[{"floor":3,"key":"qcfpunch:Fighting_Gloves"},{"floor":7,"key":"jedi:cryingmask"},{"floor":11,"key":"qcfpunch:Wild_Herbs_Ointment"}],"event_choices":[{"damage_healed":0,"gold_gain":0,"player_choice":"Relic","damage_taken":0,"max_hp_gain":0,"max_hp_loss":0,"event_name":"Wheel of Change","floor":11,"gold_loss":0},{"damage_healed":0,"gold_gain":0,"player_choice":"RE RE RE ","damage_taken":70,"relics_obtained":["rat:KircheisShard","halation:LettersToHer","qcfpunch:Red_Beret"],"max_hp_gain":0,"max_hp_loss":0,"event_name":"betterSkull:BetterSkull","floor":14,"gold_loss":0,"cards_upgraded":[]}],"is_beta":false,"boss_relics":[],"items_purged_floors":[],"is_endless":false,"potions_floor_spawned":[10,15],"killed_by":"IC_STATUS_ARCHETYPE","ascension_level":0}}