{"host":"dcj2yvrgcvh5dl2s","time":1611975562,"event":{"mods":["BaseMod","Bestiary","Better Note","Block Reminder","Colored Powertips","Curses Come First","DeckTracker","Minty Spire (QoL Compilation)","Quick Restart","Rare Cards Sparkle","Relic Stats","StSLib"],"gold_per_floor":[111,111,34,51,63,63,78,78,78,20,37,67,78,110,110,110,110],"floor_reached":16,"language":"ENG","playtime":905,"items_purged":[],"score":224,"play_id":"84e986d2-4636-4d45-92ff-b2c11796ba13","local_time":"20210130125922","is_ascension_mode":true,"campfire_choices":[{"data":"Heavy Blade","floor":6,"key":"SMITH"},{"data":"Double Tap","floor":8,"key":"SMITH"},{"floor":15,"key":"REST"}],"circlet_count":0,"master_deck":["AscendersBane","Strike_R","Strike_R","Strike_R","Strike_R","Strike_R","Defend_R","Defend_R","Defend_R","Defend_R","Bash","Injury","Flex","Whirlwind","Heavy Blade+1","Carnage","Double Tap+1","Shrug It Off","Pummel","Sword Boomerang","Shockwave"],"relics":["Burning Blood","Champion Belt","White Beast Statue","Letter Opener","Centennial Puzzle"],"acts_visited":["Exordium"],"potions_floor_usage":[11,12,13,14,14,16],"damage_taken":[{"damage":11,"enemies":"Jaw Worm","floor":1,"turns":3},{"damage":4,"enemies":"Cultist","floor":4,"turns":3},{"damage":10,"enemies":"Small Slimes","floor":5,"turns":3},{"damage":11,"enemies":"Blue Slaver","floor":7,"turns":3},{"damage":20,"enemies":"Exordium Thugs","floor":11,"turns":4},{"damage":10,"enemies":"3 Sentries","floor":12,"turns":3},{"damage":6,"enemies":"2 Fungi Beasts","floor":13,"turns":2},{"damage":32,"enemies":"Lagavulin","floor":14,"turns":7},{"damage":34,"enemies":"Hexaghost","floor":16,"turns":7}],"seed_played":"4223454325332524755","potions_obtained":[{"floor":1,"key":"DuplicationPotion"},{"floor":2,"key":"SteroidPotion"},{"floor":7,"key":"PowerPotion"},{"floor":11,"key":"DistilledChaos"},{"floor":12,"key":"Ancient Potion"},{"floor":13,"key":"Ancient Potion"},{"floor":14,"key":"DuplicationPotion"}],"is_trial":false,"path_per_floor":["M","?","$","M","M","R","M","R","T","$","M","E","M","E","R","B"],"character_chosen":"IRONCLAD","items_purchased":["Whirlwind","Shrug It Off"],"campfire_rested":1,"item_purchase_floors":[3,10],"current_hp_per_floor":[63,63,63,65,61,61,56,56,56,56,42,38,38,12,34,0,0],"gold":110,"neow_bonus":"ONE_RARE_RELIC","is_daily":false,"chose_seed":false,"campfire_upgraded":2,"win_rate":0.0,"timestamp":1611975562,"path_taken":["M","?","$","M","M","R","M","R","T","?","?","E","M","E","R","BOSS"],"items_purchased_type":["Card","Card"],"build_version":"2020-12-22","purchased_purges":0,"victory":false,"max_hp_per_floor":[75,75,75,75,75,75,75,75,75,75,75,75,75,75,75,75,75],"relic_stats":{"Centennial Puzzle":[3],"counters":[9,35],"Champion Belt":[8],"Letter Opener":[10],"obtain_stats":[{"Centennial Puzzle":14,"Champion Belt":0,"Letter Opener":12,"Burning Blood":0,"White Beast Statue":9},{"Centennial Puzzle":8,"Champion Belt":0,"Letter Opener":6,"Burning Blood":0,"White Beast Statue":4},{"Centennial Puzzle":28,"Champion Belt":0,"Letter Opener":19,"Burning Blood":0,"White Beast Statue":12}],"Burning Blood":48},"card_choices":[{"not_picked":["Warcry","Shrug It Off"],"picked":"Flex","floor":1},{"not_picked":["Blood for Blood","Iron Wave"],"picked":"Heavy Blade","floor":4},{"not_picked":["Warcry","Havoc"],"picked":"Carnage","floor":5},{"not_picked":["Cleave","Blood for Blood"],"picked":"Double Tap","floor":7},{"not_picked":["Clothesline","Twin Strike","Searing Blow"],"picked":"SKIP","floor":11},{"not_picked":["Headbutt","Inflame"],"picked":"Pummel","floor":12},{"not_picked":["Searing Blow","Iron Wave"],"picked":"Sword Boomerang","floor":13},{"not_picked":["Iron Wave","Shrug It Off"],"picked":"Shockwave","floor":14}],"player_experience":2297744,"relics_obtained":[{"floor":9,"key":"White Beast Statue"},{"floor":12,"key":"Letter Opener"},{"floor":14,"key":"Centennial Puzzle"}],"event_choices":[{"damage_healed":0,"gold_gain":0,"player_choice":"Got Potions","damage_taken":0,"max_hp_gain":0,"max_hp_loss":0,"event_name":"Lab","floor":2,"gold_loss":0}],"is_beta":false,"boss_relics":[],"items_purged_floors":[],"is_endless":false,"potions_floor_spawned":[1,7,11,12,13,14],"killed_by":"Hexaghost","ascension_level":20}}