{"host":"zsnmfqgcm92hlreo","time":1611970255,"event":{"mods":["AchievementEnabler","BaseMod","Bestiary","Block Reminder","Colored Powertips","Minty Spire (QoL Compilation)","Permanent Neow","Quick Restart","Relic Stats","Weighted Paths"],"gold_per_floor":[117,117,133,133,143,143,160,160,160,170,170,135,135,55,55,150,150,168,168,148,163,178,178,178,197,249,249,277,48,48,68,68,164,164,176,176,99,117,133,161,161,194,217,217,217],"floor_reached":44,"language":"ENG","playtime":896,"items_purged":["Writhe"],"score":501,"play_id":"f9d6e3f9-17cd-4924-8cdd-e94e7b89e905","local_time":"20210129193055","is_ascension_mode":false,"campfire_choices":[{"data":"Bash","floor":6.0,"key":"SMITH"},{"data":"Heavy Blade","floor":8.0,"key":"SMITH"},{"data":"Rupture","floor":15.0,"key":"SMITH"},{"floor":23.0,"key":"REST"},{"floor":32.0,"key":"REST"},{"floor":41,"key":"REST"}],"circlet_count":0,"master_deck":["Strike_R","Strike_R","Defend_R","Defend_R","Defend_R","Defend_R","Bash+1","Headbutt","Barricade","Carnage","Pain","Cleave","Heavy Blade+1","Rupture+1","Double Tap","Pommel Strike","Combust","Heavy Blade","Fiend Fire","Ghostly Armor+1","Blood for Blood","Heavy Blade","Impervious+1","Clothesline","Immolate","Flame Barrier+1","Armaments+1","Power Through+1"],"relics":["Burning Blood","NeowsBlessing","WarpedTongs","Shuriken","Regal Pillow","Runic Dome","Toxic Egg 2","Pen Nib","InkBottle","Brimstone","Sozu","Potion Belt","StrikeDummy","Bag of Marbles"],"acts_visited":["Exordium","TheCity","TheBeyond"],"potions_floor_usage":[],"damage_taken":[{"damage":0.0,"enemies":"Small Slimes","floor":1.0,"turns":1.0},{"damage":0.0,"enemies":"2 Louse","floor":3.0,"turns":1.0},{"damage":0.0,"enemies":"Cultist","floor":5.0,"turns":1.0},{"damage":15.0,"enemies":"Looter","floor":7.0,"turns":3.0},{"damage":1.0,"enemies":"3 Louse","floor":10.0,"turns":3.0},{"damage":23.0,"enemies":"Slime Boss","floor":16.0,"turns":8.0},{"damage":32.0,"enemies":"3 Byrds","floor":18.0,"turns":5.0},{"damage":32.0,"enemies":"2 Thieves","floor":21.0,"turns":3.0},{"damage":46.0,"enemies":"Shelled Parasite and Fungi","floor":22.0,"turns":5.0},{"damage":24.0,"enemies":"Snake Plant","floor":25.0,"turns":3.0},{"damage":15.0,"enemies":"Gremlin Leader","floor":28.0,"turns":5.0},{"damage":19.0,"enemies":"Chosen and Byrds","floor":31.0,"turns":4.0},{"damage":44.0,"enemies":"Champ","floor":33.0,"turns":5.0},{"damage":15.0,"enemies":"3 Shapes","floor":35.0,"turns":3.0},{"damage":0,"enemies":"3 Darklings","floor":38,"turns":1},{"damage":10,"enemies":"4 Shapes","floor":39,"turns":3},{"damage":63,"enemies":"Reptomancer","floor":40,"turns":5},{"damage":44,"enemies":"Giant Head","floor":42,"turns":6},{"damage":23,"enemies":"Nemesis","floor":44,"turns":5}],"seed_played":"8079801219381477282","potions_obtained":[{"floor":5.0,"key":"Fire Potion"},{"floor":16.0,"key":"FairyPotion"},{"floor":18.0,"key":"BlessingOfTheForge"},{"floor":20.0,"key":"EssenceOfSteel"},{"floor":28.0,"key":"Swift Potion"}],"is_trial":false,"path_per_floor":["M","?","M","?","M","R","M","R","T","M","?","?","T","$","R","B",null,"M","?","?","M","M","R","?","M","T","?","E","$","?","M","R","B",null,"M","?","$","M","M","E","R","E","T","E"],"character_chosen":"IRONCLAD","items_purchased":["Rupture","Brimstone","Immolate"],"campfire_rested":3,"item_purchase_floors":[14,29,37],"current_hp_per_floor":[80,80,80,80,80,80,71,71,71,76,76,80,80,80,80,63,80,54,54,54,28,18,57,42,24,24,52,43,43,43,30,70,32,85,76,76,76,82,78,21,61,23,23,0,0],"gold":217,"neow_bonus":"THREE_ENEMY_KILL","is_daily":false,"chose_seed":false,"campfire_upgraded":3,"win_rate":0.0,"timestamp":1611970255,"path_taken":["M","?","M","?","M","R","M","R","T","?","?","?","?","$","R","BOSS","M","?","?","M","?","R","?","M","T","?","E","$","?","M","R","BOSS","M","?","$","M","M","E","R","E","T","E"],"items_purchased_type":["Card","Relic","Card"],"build_version":"2020-12-22","purchased_purges":1,"victory":false,"max_hp_per_floor":[80,80,80,80,80,80,80,80,80,80,80,80,80,80,80,80,80,80,80,80,80,80,80,85,85,85,85,85,85,85,85,85,85,85,85,85,85,85,85,85,85,85,85,85,85],"relic_stats":{"Sozu":2,"Regal Pillow":45,"counters":[19,70],"Shuriken":[15],"Pen Nib":[7],"obtain_stats":[{"Potion Belt":40,"Regal Pillow":13,"NeowsBlessing":0,"Pen Nib":26,"Burning Blood":0,"WarpedTongs":4,"Sozu":34,"Runic Dome":17,"Shuriken":9,"Brimstone":29,"Bag of Marbles":43,"Toxic Egg 2":19,"StrikeDummy":42,"InkBottle":28},{"Potion Belt":17,"Regal Pillow":5,"NeowsBlessing":0,"Pen Nib":10,"Burning Blood":0,"WarpedTongs":2,"Sozu":13,"Runic Dome":6,"Shuriken":4,"Brimstone":11,"Bag of Marbles":18,"Toxic Egg 2":7,"StrikeDummy":18,"InkBottle":11},{"Potion Belt":59,"Regal Pillow":9,"NeowsBlessing":0,"Pen Nib":33,"Burning Blood":0,"WarpedTongs":2,"Sozu":47,"Runic Dome":17,"Shuriken":6,"Brimstone":38,"Bag of Marbles":65,"Toxic Egg 2":22,"StrikeDummy":65,"InkBottle":38}],"Burning Blood":90,"InkBottle":[9],"WarpedTongs":[68]},"card_choices":[{"not_picked":["Armaments","Warcry"],"picked":"Headbutt","floor":1.0},{"not_picked":["Dark Embrace","Pommel Strike"],"picked":"Carnage","floor":3.0},{"not_picked":["Battle Trance","Iron Wave"],"picked":"Cleave","floor":5.0},{"not_picked":["Pommel Strike","Rupture"],"picked":"Heavy Blade","floor":7.0},{"not_picked":["Second Wind","True Grit","Sword Boomerang"],"picked":"SKIP","floor":10.0},{"not_picked":["Corruption","Exhume"],"picked":"Double Tap","floor":16.0},{"not_picked":["Wild Strike","Clash"],"picked":"Pommel Strike","floor":18.0},{"not_picked":["Armaments+1","Iron Wave+1"],"picked":"Combust","floor":21.0},{"not_picked":["Rage+1","Dropkick","Headbutt"],"picked":"SKIP","floor":22.0},{"not_picked":["Dropkick","Body Slam"],"picked":"Heavy Blade","floor":25.0},{"not_picked":["Iron Wave","Rampage"],"picked":"Fiend Fire","floor":28.0},{"not_picked":["Warcry+1","Bloodletting+1"],"picked":"Heavy Blade","floor":31.0},{"not_picked":["Reaper","Fiend Fire"],"picked":"Impervious+1","floor":33.0},{"not_picked":["Armaments+1","Cleave"],"picked":"Clothesline","floor":35.0},{"not_picked":["Clash","Sword Boomerang+1"],"picked":"Flame Barrier+1","floor":38},{"not_picked":["Clash","Feel No Pain"],"picked":"Armaments+1","floor":39},{"not_picked":["Fire Breathing","Twin Strike+1"],"picked":"Power Through+1","floor":40},{"not_picked":["Intimidate+1","Anger","Shrug It Off+1"],"picked":"SKIP","floor":42}],"player_experience":945363,"relics_obtained":[{"floor":9.0,"key":"Shuriken"},{"floor":13.0,"key":"Regal Pillow"},{"floor":26.0,"key":"Pen Nib"},{"floor":28.0,"key":"InkBottle"},{"floor":40,"key":"Potion Belt"},{"floor":42,"key":"StrikeDummy"},{"floor":43,"key":"Bag of Marbles"}],"event_choices":[{"damage_healed":0.0,"max_hp_gain":0.0,"max_hp_loss":0.0,"gold_gain":0.0,"cards_transformed":["Strike_R"],"event_name":"Living Wall","player_choice":"Change","floor":2.0,"gold_loss":0.0,"damage_taken":0.0,"cards_obtained":["Barricade"]},{"damage_healed":0.0,"max_hp_gain":0.0,"max_hp_loss":0.0,"gold_gain":0.0,"event_name":"Accursed Blacksmith","player_choice":"Rummage","floor":4.0,"gold_loss":0.0,"damage_taken":0.0,"relics_obtained":["WarpedTongs"],"cards_obtained":["Pain"]},{"damage_healed":0.0,"max_hp_gain":0.0,"max_hp_loss":0.0,"gold_gain":0.0,"event_name":"Dead Adventurer","player_choice":"Searched \u00270\u0027 times","floor":11.0,"gold_loss":0.0,"damage_taken":0.0},{"damage_healed":20.0,"max_hp_gain":0.0,"max_hp_loss":0.0,"gold_gain":0.0,"event_name":"The Cleric","player_choice":"Healed","floor":12.0,"gold_loss":35.0,"damage_taken":0.0},{"damage_healed":0.0,"max_hp_gain":0.0,"max_hp_loss":0.0,"gold_gain":0.0,"event_name":"The Mausoleum","player_choice":"Opened","floor":19.0,"gold_loss":0.0,"damage_taken":0.0,"relics_obtained":["Toxic Egg 2"],"cards_obtained":["Writhe"]},{"damage_healed":0.0,"max_hp_gain":0.0,"max_hp_loss":0.0,"gold_gain":0.0,"event_name":"The Woman in Blue","player_choice":"Bought 1 Potion","floor":20.0,"gold_loss":0.0,"damage_taken":0.0},{"damage_healed":0.0,"max_hp_gain":5.0,"max_hp_loss":0.0,"gold_gain":0.0,"event_name":"Forgotten Altar","player_choice":"Shed Blood","floor":24.0,"gold_loss":0.0,"damage_taken":20.0},{"damage_healed":28.0,"max_hp_gain":0.0,"max_hp_loss":0.0,"gold_gain":0.0,"event_name":"The Library","player_choice":"Heal","floor":27.0,"gold_loss":0.0,"damage_taken":0.0},{"damage_healed":0.0,"max_hp_gain":0.0,"max_hp_loss":0.0,"gold_gain":0.0,"cards_transformed":["Strike_R","Strike_R"],"event_name":"Drug Dealer","player_choice":"Became Test Subject","floor":30.0,"gold_loss":0.0,"damage_taken":0.0,"cards_obtained":["Ghostly Armor","Blood for Blood"]},{"damage_healed":0.0,"max_hp_gain":0.0,"max_hp_loss":0.0,"gold_gain":0.0,"event_name":"Tomb of Lord Red Mask","player_choice":"Ignored","floor":36.0,"gold_loss":0.0,"damage_taken":0.0}],"is_beta":false,"boss_relics":[{"not_picked":["Busted Crown","Ectoplasm"],"picked":"Runic Dome"},{"not_picked":["Astrolabe","Velvet Choker"],"picked":"Sozu"}],"items_purged_floors":[29],"is_endless":false,"potions_floor_spawned":[5,16,18,28,38,42],"killed_by":"Nemesis","ascension_level":0}}