{"host":"qekv59dthhdg54sz","time":1611988364,"event":{"mods":["AchievementEnabler","BaseMod","Colored Map","DeckTracker","KOR Keyword Fix","Minty Spire (QoL Compilation)","Rare Cards Sparkle","StSLib","SuperFastMode"],"gold_per_floor":[360,360,210,210,210,210,235,235,235,182,182,213,224,242,242,319,319,336,386,386,386,7,7,20,34,34,53,53,53,73,90,90,165,165,184,184,184,197,214,214,214,214,214],"floor_reached":42,"language":"KOR","playtime":752,"items_purged":["Strike_R","Strike_R"],"score":788,"play_id":"838df825-7ad0-4e47-a66f-b8b5abdc3cd1","local_time":"20210130153244","is_ascension_mode":true,"campfire_choices":[{"data":"Fire Breathing","floor":6.0,"key":"SMITH"},{"data":"Evolve","floor":8.0,"key":"SMITH"},{"data":"Pommel Strike","floor":11.0,"key":"SMITH"},{"data":"True Grit","floor":15.0,"key":"SMITH"},{"floor":23.0,"key":"REST"},{"data":"Bash","floor":28.0,"key":"SMITH"},{"floor":32.0,"key":"REST"},{"data":"Offering","floor":40,"key":"SMITH"}],"circlet_count":0,"master_deck":["AscendersBane","Strike_R","Defend_R","Defend_R","Defend_R","Defend_R","Bash+1","Pommel Strike+1","Fire Breathing+1","Evolve+1","Clothesline+1","True Grit+1","Fiend Fire+1","Pommel Strike+1","Immolate+1","Shrug It Off+1","Offering+1","Flash of Steel+1","Reckless Charge+1"],"relics":["Burning Blood","Thread and Needle","Molten Egg 2","Meat on the Bone","Cursed Key","Enchiridion","Sundial","SlaversCollar"],"acts_visited":["Exordium","TheCity","TheBeyond"],"potions_floor_usage":[],"damage_taken":[{"damage":14.0,"enemies":"Jaw Worm","floor":1.0,"turns":4.0},{"damage":20.0,"enemies":"3 Sentries","floor":7.0,"turns":3.0},{"damage":33.0,"enemies":"Gremlin Nob","floor":12.0,"turns":5.0},{"damage":0.0,"enemies":"Small Slimes","floor":13.0,"turns":4.0},{"damage":0.0,"enemies":"2 Louse","floor":14.0,"turns":2.0},{"damage":26.0,"enemies":"Hexaghost","floor":16.0,"turns":10.0},{"damage":45.0,"enemies":"3 Byrds","floor":18.0,"turns":7.0},{"damage":13.0,"enemies":"Shell Parasite","floor":24.0,"turns":3.0},{"damage":0.0,"enemies":"Chosen and Byrds","floor":25.0,"turns":3.0},{"damage":0.0,"enemies":"3 Cultists","floor":27.0,"turns":3.0},{"damage":24.0,"enemies":"Snake Plant","floor":30.0,"turns":4.0},{"damage":14.0,"enemies":"Centurion and Healer","floor":31.0,"turns":4.0},{"damage":51.0,"enemies":"Champ","floor":33.0,"turns":13.0},{"damage":20.0,"enemies":"3 Shapes","floor":35.0,"turns":5.0},{"damage":34,"enemies":"3 Darklings","floor":38,"turns":4},{"damage":9,"enemies":"4 Shapes","floor":39,"turns":3},{"damage":28,"enemies":"Writhing Mass","floor":42,"turns":3}],"seed_played":"-4300349772700932850","potions_obtained":[{"floor":7.0,"key":"Fire Potion"},{"floor":14.0,"key":"EntropicBrew"},{"floor":33.0,"key":"SpeedPotion"},{"floor":39,"key":"LiquidBronze"}],"is_trial":false,"path_per_floor":["M","?","$","?","?","R","E","R","T","$","R","E","M","M","R","B",null,"M","?","?","?","$","R","M","M","T","M","R","$","M","M","R","B",null,"M","?","?","M","M","R","?","M"],"character_chosen":"IRONCLAD","items_purchased":["Fire Breathing","Clothesline+1","Sundial"],"campfire_rested":2,"item_purchase_floors":[3,10,22],"current_hp_per_floor":[42,67,67,60,60,60,46,46,46,46,46,19,37,55,55,47,68,41,41,20,20,20,42,47,53,53,59,59,59,53,45,67,34,65,51,41,41,25,34,34,34,6,6],"gold":214,"neow_bonus":"TWO_FIFTY_GOLD","is_daily":false,"chose_seed":false,"campfire_upgraded":6,"win_rate":0.0,"timestamp":1611988364,"path_taken":["M","?","$","?","?","R","E","R","T","?","R","E","?","M","R","BOSS","M","?","?","?","$","R","M","M","T","M","R","$","M","M","R","BOSS","M","?","?","M","M","R","?","M"],"items_purchased_type":["Card","Card","Relic"],"build_version":"2020-12-22","purchased_purges":2,"victory":false,"max_hp_per_floor":[75,75,75,75,75,75,75,75,75,75,75,75,75,75,75,75,75,75,75,75,75,75,75,75,75,75,75,75,75,75,75,75,75,75,75,75,75,75,75,75,75,75,75],"card_choices":[{"not_picked":["Havoc","Sword Boomerang"],"picked":"Pommel Strike","floor":1.0},{"not_picked":["Cleave","Sword Boomerang"],"picked":"Evolve","floor":7.0},{"not_picked":["Clothesline+1","Berserk","Pummel+1"],"picked":"SKIP","floor":12.0},{"not_picked":["Sword Boomerang+1","Cleave+1","Warcry"],"picked":"SKIP","floor":13.0},{"not_picked":["Sword Boomerang+1","Metallicize"],"picked":"True Grit","floor":14.0},{"not_picked":["Juggernaut","Reaper+1"],"picked":"Fiend Fire+1","floor":16.0},{"not_picked":["Perfected Strike+1","Sword Boomerang+1"],"picked":"Pommel Strike+1","floor":18.0},{"not_picked":["Twin Strike+1","Thunderclap+1","Entrench"],"picked":"SKIP","floor":24.0},{"not_picked":["Shrug It Off","Pummel+1"],"picked":"Immolate+1","floor":25.0},{"not_picked":["Body Slam+1","Thunderclap+1","Intimidate+1"],"picked":"SKIP","floor":27.0},{"not_picked":["Entrench+1","Twin Strike+1","Armaments"],"picked":"SKIP","floor":30.0},{"not_picked":["Wild Strike+1","Reckless Charge+1"],"picked":"Shrug It Off+1","floor":31.0},{"not_picked":["Exhume","Juggernaut"],"picked":"Offering","floor":33.0},{"not_picked":["Armaments","Inflame","Flex"],"picked":"SKIP","floor":35.0},{"not_picked":["Discovery","Good Instincts"],"picked":"Flash of Steel+1","floor":36.0},{"not_picked":["Havoc+1","Rupture+1"],"picked":"Reckless Charge+1","floor":38},{"not_picked":["Carnage+1","Dual Wield","Uppercut+1"],"picked":"SKIP","floor":39}],"player_experience":875547,"relics_obtained":[{"floor":7.0,"key":"Thread and Needle"},{"floor":9.0,"key":"Molten Egg 2"},{"floor":12.0,"key":"Meat on the Bone"},{"floor":20.0,"key":"Enchiridion"}],"event_choices":[{"damage_healed":25.0,"max_hp_gain":0.0,"max_hp_loss":0.0,"gold_gain":0.0,"event_name":"Big Fish","player_choice":"Banana","floor":2.0,"gold_loss":0.0,"damage_taken":0.0},{"cards_removed":["Strike_R"],"damage_healed":0.0,"max_hp_gain":0.0,"max_hp_loss":0.0,"gold_gain":0.0,"event_name":"Golden Wing","player_choice":"Card Removal","floor":4.0,"gold_loss":0.0,"damage_taken":7.0},{"cards_removed":["Strike_R"],"damage_healed":0.0,"max_hp_gain":0.0,"max_hp_loss":0.0,"gold_gain":0.0,"event_name":"Living Wall","player_choice":"Forget","floor":5.0,"gold_loss":0.0,"damage_taken":0.0},{"damage_healed":0.0,"max_hp_gain":0.0,"max_hp_loss":0.0,"gold_gain":50.0,"event_name":"Nest","player_choice":"Stole From Cult","floor":19.0,"gold_loss":0.0,"damage_taken":0.0},{"damage_healed":0.0,"max_hp_gain":0.0,"max_hp_loss":0.0,"gold_gain":0.0,"event_name":"Cursed Tome","player_choice":"Obtained Book","floor":20.0,"gold_loss":0.0,"damage_taken":21.0},{"damage_healed":0.0,"max_hp_gain":0.0,"max_hp_loss":0.0,"gold_gain":0.0,"event_name":"Vampires","player_choice":"Ignored","floor":21.0,"gold_loss":0.0,"damage_taken":0.0},{"damage_healed":0.0,"max_hp_gain":0.0,"max_hp_loss":0.0,"gold_gain":0.0,"event_name":"SensoryStone","player_choice":"Memory 3","floor":36.0,"gold_loss":0.0,"damage_taken":10.0},{"damage_healed":0,"gold_gain":0,"player_choice":"Ignored","damage_taken":0,"max_hp_gain":0,"max_hp_loss":0,"event_name":"Mysterious Sphere","floor":37,"gold_loss":0},{"damage_healed":0,"gold_gain":0,"player_choice":"Ignored","damage_taken":0,"max_hp_gain":0,"max_hp_loss":0,"event_name":"Tomb of Lord Red Mask","floor":41,"gold_loss":0}],"is_beta":false,"boss_relics":[{"not_picked":["Black Star","Runic Dome"],"picked":"Cursed Key"},{"not_picked":["Runic Pyramid","Fusion Hammer"],"picked":"SlaversCollar"}],"items_purged_floors":[3,22],"is_endless":false,"potions_floor_spawned":[7,14,18,27,33,39],"killed_by":"Writhing Mass","ascension_level":19}}