{"host":"7yx2g6m5jzlw8cjb","time":1611999792,"event":{"mods":["BaseMod","Downfall","Minty Spire (QoL Compilation)","StSLib","[IsaacMod]ÒÔÈö¼âËþ"],"gold_per_floor":[99,113,22,22,39,59,128,28,28,78,95,95,113,127,141,236,236,136,153,164,264,277,377,377,477,491,508,160,174,186,218,237,237,237,237],"floor_reached":33,"language":"ZHS","playtime":2054,"items_purged":["bronze:Strike"],"score":340,"play_id":"298f08b7-17d1-4e40-994e-ff46d7800462","local_time":"20210130174312","is_ascension_mode":false,"campfire_choices":[{"floor":1.0,"key":"RECALL"},{"data":"bronze:Iterate","floor":8.0,"key":"SMITH"},{"data":"BloodyBrimstone","floor":12.0,"key":"SMITH"},{"data":"bronze:AlphaBuild","floor":18.0,"key":"SMITH"}],"circlet_count":0,"master_deck":["bronze:Strike","bronze:Strike","bronze:Strike","bronze:Defend","bronze:Defend","bronze:Defend","bronze:Defend","bronze:Replicate+1","bronze:Goto+1","BloodyBrimstone+1","bronze:WhirlingStrike+1","bronze:Iterate+1","bronze:Repair","bronze:Iterate","bronze:Iterate","bronze:BronzeOrb","bronze:AlphaBuild+1","bronze:DelayedSlice","bronze:DonuBeam"],"relics":["bronze:BronzeCore","HushsDoor","GuppysTail","downfall:HeartBlessingRed","Blue Candle","Omamori","SlaversCollar","downfall:HeartBlessingBlue","Potion Belt","Pocketwatch","downfall:GremlinWheel","Membership Card","Lantern","Centennial Puzzle","Frozen Egg 2"],"acts_visited":["Exordium","TheCity"],"potions_floor_usage":[33],"damage_taken":[{"damage":5.0,"enemies":"2 Louse","floor":2.0,"turns":3.0},{"damage":0.0,"enemies":"downfall:FleeingMerchant","floor":3.0,"turns":4.0},{"damage":5.0,"enemies":"Jaw Worm","floor":5.0,"turns":4.0},{"damage":1.0,"enemies":"Cultist","floor":6.0,"turns":3.0},{"damage":23.0,"enemies":"Hiden Room Battle","floor":10.0,"turns":3.0},{"damage":10.0,"enemies":"3 Louse","floor":11.0,"turns":2.0},{"damage":0.0,"enemies":"Lots of Slimes","floor":13.0,"turns":1.0},{"damage":6.0,"enemies":"Exordium Wildlife","floor":14.0,"turns":2.0},{"damage":18.0,"enemies":"Exordium Thugs","floor":15.0,"turns":3.0},{"damage":16.0,"enemies":"WA_ARCHETYPE_RETAIN","floor":16.0,"turns":3.0},{"damage":4.0,"enemies":"Chosen","floor":19.0,"turns":3.0},{"damage":0.0,"enemies":"Spheric Guardian","floor":20.0,"turns":1.0},{"damage":1.0,"enemies":"downfall:LadyInBlue","floor":21.0,"turns":8.0},{"damage":26.0,"enemies":"Centurion and Healer","floor":22.0,"turns":5.0},{"damage":15.0,"enemies":"Centurion and Healer","floor":23.0,"turns":4.0},{"damage":0.0,"enemies":"Hiden Room Battle","floor":25.0,"turns":3.0},{"damage":25.0,"enemies":"Cultist and Chosen","floor":26.0,"turns":5.0},{"damage":15.0,"enemies":"Snake Plant","floor":27.0,"turns":3.0},{"damage":0.0,"enemies":"downfall:FleeingMerchant","floor":28.0,"turns":4.0},{"damage":0.0,"enemies":"Sentry and Sphere","floor":29.0,"turns":2.0},{"damage":10.0,"enemies":"Cultist and Chosen","floor":30.0,"turns":4.0},{"damage":0.0,"enemies":"Gremlin Leader","floor":31.0,"turns":4.0},{"damage":8.0,"enemies":"Centurion and Healer","floor":32.0,"turns":3.0},{"damage":30,"enemies":"IC_MUSHROOM_ARCHETYPE","floor":33,"turns":4}],"seed_played":"-4067312640425459934","potions_obtained":[{"floor":2.0,"key":"Weak Potion"},{"floor":6.0,"key":"Strength Potion"},{"floor":10.0,"key":"SpeedPotion"},{"floor":14.0,"key":"FearPotion"},{"floor":16.0,"key":"ColorlessPotion"},{"floor":20.0,"key":"ColorlessPotion"},{"floor":21.0,"key":"SpeedPotion"},{"floor":21.0,"key":"SpeedPotion"},{"floor":21.0,"key":"Explosive Potion"},{"floor":23.0,"key":"bronze:CleanCodePotion"},{"floor":27.0,"key":"Swift Potion"},{"floor":29.0,"key":"Explosive Potion"},{"floor":31.0,"key":"Explosive Potion"}],"is_trial":false,"path_per_floor":["R","M","$","?","M","M","T","R","?","?","M","R","M","M","M","B",null,"R","M","M","?","M","?","T","?","M","M","$","M","M","E","M","B"],"character_chosen":"THE_AUTOMATON","items_purchased":["bronze:FindAndReplace","Membership Card","Lantern","Centennial Puzzle"],"campfire_rested":0,"item_purchase_floors":[3,28,28,28],"current_hp_per_floor":[77,72,72,84,79,78,78,78,78,55,52,52,52,53,42,26,81,91,87,87,90,71,63,63,70,52,44,44,44,34,41,40,17,17,17],"gold":237,"neow_bonus":"TEN_PERCENT_HP_BONUS","is_daily":false,"chose_seed":false,"campfire_upgraded":3,"win_rate":0.0,"timestamp":1611999792,"path_taken":["R","M","$","?","M","M","T","R","?","?","M","R","?","M","M","BOSS","R","M","M","?","M","?","T","?","?","M","$","M","M","E","M","BOSS"],"items_purchased_type":["Card","Relic","Relic","Relic"],"build_version":"2020-12-22","purchased_purges":1,"victory":false,"max_hp_per_floor":[77,77,74,84,84,84,84,84,84,84,84,84,84,84,84,81,81,91,91,91,91,91,91,91,91,91,91,91,91,91,88,88,85,85,85],"card_choices":[{"not_picked":[],"picked":"BloodyBrimstone","floor":0.0},{"not_picked":["bronze:Repair","bronze:ItsAFeature"],"picked":"bronze:WhirlingStrike","floor":2.0},{"not_picked":["bronze:ShipIt","bronze:FollowUp"],"picked":"Bomb","floor":3.0},{"not_picked":["bronze:FineTuning","bronze:Philosophize"],"picked":"bronze:Iterate","floor":5.0},{"not_picked":["bronze:BuggyMess","bronze:WhirlingStrike","bronze:NullPointer"],"picked":"SKIP","floor":6.0},{"not_picked":["bronze:Return","bronze:CutThrough"],"picked":"bronze:Repair","floor":10.0},{"not_picked":["bronze:BuggyMess","bronze:Deprecate"],"picked":"bronze:Iterate","floor":11.0},{"not_picked":["bronze:Flail","bronze:DelayedGuard"],"picked":"bronze:Iterate","floor":13.0},{"not_picked":["bronze:OilSpill","bronze:BitShift","bronze:Optimize"],"picked":"SKIP","floor":14.0},{"not_picked":["bronze:ChosenStrike","bronze:FineTuning"],"picked":"bronze:BronzeOrb","floor":15.0},{"not_picked":["bronze:SpaghettiCode","bronze:ShipIt"],"picked":"bronze:AlphaBuild","floor":16.0},{"not_picked":["bronze:FineTuning","bronze:OilSpill","bronze:Turbo"],"picked":"SKIP","floor":19.0},{"not_picked":["bronze:BugBarrage+1","bronze:Overheat","bronze:Branch"],"picked":"SKIP","floor":20.0},{"not_picked":["bronze:Invalidate","bronze:ThunderWave"],"picked":"bronze:DelayedSlice","floor":21.0},{"not_picked":["bronze:ChosenStrike","bronze:ForceShield","bronze:FineTuning"],"picked":"SKIP","floor":22.0},{"not_picked":[],"picked":"bronze:DonuBeam","floor":23.0},{"not_picked":["bronze:Optimize","bronze:Safeguard","bronze:Branch"],"picked":"SKIP","floor":26.0},{"not_picked":["bronze:DigitalCarnage","bronze:BitShift+1","bronze:Backtrace"],"picked":"SKIP","floor":27.0},{"not_picked":["bronze:WildBeam","bronze:FineTuning","bronze:DigitalCarnage"],"picked":"SKIP","floor":28.0},{"not_picked":["bronze:Assembly","bronze:BugBarrage","bronze:Frontload+1"],"picked":"SKIP","floor":29.0},{"not_picked":["bronze:Turbo","bronze:Frontload+1","bronze:Invalidate"],"picked":"SKIP","floor":30.0},{"not_picked":["bronze:Deprecate","bronze:FineTuning","bronze:OilSpill"],"picked":"SKIP","floor":31.0},{"not_picked":["bronze:ChildClass","bronze:Iterate","bronze:Repulsor+1"],"picked":"SKIP","floor":32.0}],"player_experience":386169,"relics_obtained":[{"floor":10.0,"key":"Blue Candle"},{"floor":10.0,"key":"Omamori"},{"floor":21.0,"key":"Potion Belt"},{"floor":24.0,"key":"Pocketwatch"},{"floor":25.0,"key":"downfall:GremlinWheel"},{"floor":31.0,"key":"Frozen Egg 2"}],"event_choices":[{"damage_healed":0.0,"max_hp_gain":0.0,"max_hp_loss":0.0,"gold_gain":0.0,"event_name":"HidenRoomEvent","player_choice":"Fight","floor":10.0,"gold_loss":0.0,"damage_taken":0.0}],"is_beta":false,"boss_relics":[{"not_picked":["Coffee Dripper","Runic Pyramid"],"picked":"SlaversCollar"},{"not_picked":[]}],"items_purged_floors":[28],"is_endless":false,"potions_floor_spawned":[2,6,10,14,16,20,23,27,29,31],"killed_by":"IC_MUSHROOM_ARCHETYPE","ascension_level":0}}