{"host":"2j5d0uw0vihq8b8w","time":1611979174,"event":{"mods":["2.2 Compatiblity","AchievementEnabler","BaseMod","BetterRewards","Colored Map","Colored Powertips","Custom Start","DeckTracker","Minty Spire (QoL Compilation)","Permanent Neow","Quick Restart","Rare Cards Sparkle","StSLib","SuperFastMode"],"gold_per_floor":[113,113,63,63,82,98,98,137,160,160,184,184,198,218,218,347,347,361,361,386,406,141,182,110,162,162,188,209,254,266,303,315,455,467,512,524,536],"floor_reached":38,"language":"KOR","playtime":1715,"items_purged":[],"score":941,"play_id":"a55e2769-27b6-46f9-a85d-7d80801fd32f","local_time":"20210130125934","is_ascension_mode":true,"campfire_choices":[{"floor":10.0,"key":"REST"},{"data":"Pommel Strike","floor":12.0,"key":"SMITH"},{"data":"Flex","floor":15.0,"key":"SMITH"},{"data":"Corruption","floor":30,"key":"SMITH"},{"data":"Dark Embrace","floor":32,"key":"SMITH"}],"circlet_count":0,"master_deck":["Bash+1","Flex+1","Spot Weakness","Pommel Strike+1","Seeing Red","Shrug It Off","Shockwave","Warcry","Shrug It Off","Feed","Exhume","Juggernaut","Dropkick","Clothesline","Uppercut","Flex","Cleave","Body Slam","Havoc+1","True Grit+1","Dropkick+1","Dark Embrace+1","Corruption+1","Impervious","Limit Break","Shrug It Off"],"relics":["Burning Blood","Dead Branch","Lizard Tail","Golden Idol","Whetstone","Pocketwatch","Regal Pillow","Pandora\u0027s Box","Membership Card","Matryoshka","Bag of Preparation","Red Skull","CeramicFish","MawBank","Mango","Philosopher\u0027s Stone"],"acts_visited":["Exordium","TheCity","TheBeyond"],"potions_floor_usage":[37],"damage_taken":[{"damage":2.0,"enemies":"Jaw Worm","floor":1.0,"turns":3.0},{"damage":1.0,"enemies":"2 Louse","floor":5.0,"turns":2.0},{"damage":1.0,"enemies":"Cultist","floor":6.0,"turns":3.0},{"damage":32.0,"enemies":"Gremlin Nob","floor":8.0,"turns":4.0},{"damage":3.0,"enemies":"Looter","floor":11.0,"turns":2.0},{"damage":4.0,"enemies":"Red Slaver","floor":13.0,"turns":2.0},{"damage":2.0,"enemies":"Blue Slaver","floor":14.0,"turns":2.0},{"damage":48.0,"enemies":"Slime Boss","floor":16.0,"turns":8.0},{"damage":8.0,"enemies":"Chosen","floor":18.0,"turns":3.0},{"damage":28.0,"enemies":"3 Byrds","floor":20.0,"turns":5.0},{"damage":34.0,"enemies":"Snake Plant","floor":21.0,"turns":4.0},{"damage":24.0,"enemies":"Gremlin Leader","floor":23.0,"turns":2.0},{"damage":34.0,"enemies":"Book of Stabbing","floor":25.0,"turns":4.0},{"damage":4.0,"enemies":"3 Cultists","floor":27.0,"turns":4.0},{"damage":3,"enemies":"Sentry and Sphere","floor":29,"turns":3},{"damage":0,"enemies":"Snake Plant","floor":31,"turns":1},{"damage":14,"enemies":"Champ","floor":33,"turns":2},{"damage":1,"enemies":"3 Shapes","floor":35,"turns":2},{"damage":0,"enemies":"Awakened One","floor":37,"turns":2}],"seed_played":"5309460744819417248","potions_obtained":[{"floor":6.0,"key":"Regen Potion"},{"floor":14.0,"key":"BloodPotion"},{"floor":16.0,"key":"BlessingOfTheForge"},{"floor":20.0,"key":"Strength Potion"},{"floor":23.0,"key":"BloodPotion"},{"floor":29,"key":"GamblersBrew"}],"is_trial":false,"path_per_floor":["M","?","?","?","M","M","T","E","T","R","M","R","M","M","R","B",null,"M","?","M","M","$","E","$","E","T","M","?","M","R","M","R","B",null,"M","?","B",null],"character_chosen":"IRONCLAD","items_purchased":["Dead Branch","Flex","Spot Weakness","Membership Card","Matryoshka","Red Skull"],"campfire_rested":1,"item_purchase_floors":[0,0,0,22,22,24],"current_hp_per_floor":[40,40,40,40,45,50,50,24,24,61,64,64,66,70,70,28,63,64,64,61,33,33,23,23,11,25,27,27,33,33,39,39,31,83,88,88,94],"gold":548,"neow_bonus":"","is_daily":false,"chose_seed":false,"campfire_upgraded":4,"win_rate":0.0,"timestamp":1611979174,"path_taken":["M","?","?","?","M","M","?","E","T","R","M","R","?","M","R","BOSS","M","?","M","?","$","E","$","E","T","M","?","?","R","M","R","BOSS","M","?","BOSS"],"items_purchased_type":["Relic","Card","Card","Relic","Relic","Relic"],"build_version":"2020-12-22","purchased_purges":0,"victory":true,"max_hp_per_floor":[80,74,74,74,74,74,74,74,74,74,74,74,74,74,74,74,74,77,77,80,80,80,83,83,83,97,97,97,100,100,100,100,100,100,100,100,100],"card_choices":[{"not_picked":["Warcry","Infernal Blade"],"picked":"Pommel Strike","floor":1.0},{"not_picked":["Havoc","Reckless Charge"],"picked":"Seeing Red","floor":5.0},{"not_picked":["Flex","Iron Wave"],"picked":"Shrug It Off","floor":6.0},{"not_picked":["Armaments","Twin Strike"],"picked":"Shockwave","floor":8.0},{"not_picked":["Combust","Perfected Strike","Pommel Strike"],"picked":"SKIP","floor":11.0},{"not_picked":["Sword Boomerang","Wild Strike"],"picked":"Warcry","floor":13.0},{"not_picked":["Perfected Strike","Pommel Strike"],"picked":"Shrug It Off","floor":14.0},{"not_picked":["Berserk","Double Tap"],"picked":"Feed","floor":16.0},{"not_picked":["Havoc","Headbutt","Fire Breathing"],"picked":"SKIP","floor":18.0},{"not_picked":["Searing Blow","Twin Strike"],"picked":"Havoc+1","floor":20.0},{"not_picked":["Iron Wave+1","Rage"],"picked":"True Grit+1","floor":21.0},{"not_picked":["Power Through","Twin Strike"],"picked":"Dropkick+1","floor":23.0},{"not_picked":["Twin Strike","Carnage"],"picked":"Dark Embrace","floor":25.0},{"not_picked":["Spot Weakness","Evolve+1","Whirlwind"],"picked":"SKIP","floor":27.0},{"not_picked":["Anger","Clash"],"picked":"Impervious","floor":29},{"not_picked":["Headbutt","Pommel Strike","Havoc"],"picked":"SKIP","floor":31},{"not_picked":["Headbutt","Pommel Strike","Havoc"],"picked":"SKIP","floor":31},{"not_picked":["Exhume","Juggernaut"],"picked":"Limit Break","floor":33},{"not_picked":["Havoc+1","Headbutt+1"],"picked":"Shrug It Off","floor":35}],"player_experience":650801,"relics_obtained":[{"floor":7.0,"key":"Whetstone"},{"floor":8.0,"key":"Pocketwatch"},{"floor":9.0,"key":"Regal Pillow"},{"floor":23.0,"key":"Bag of Preparation"},{"floor":25.0,"key":"CeramicFish"},{"floor":26.0,"key":"MawBank"},{"floor":26.0,"key":"Mango"}],"event_choices":[{"damage_healed":0.0,"max_hp_gain":0.0,"max_hp_loss":6.0,"gold_gain":0.0,"event_name":"Golden Idol","player_choice":"Lose Max HP","floor":2.0,"gold_loss":0.0,"damage_taken":0.0,"relics_obtained":["Golden Idol"]},{"cards_removed":["Strike_R"],"damage_healed":0.0,"max_hp_gain":0.0,"max_hp_loss":0.0,"gold_gain":0.0,"event_name":"The Cleric","player_choice":"Card Removal","floor":3.0,"gold_loss":50.0,"damage_taken":0.0},{"damage_healed":0.0,"max_hp_gain":0.0,"max_hp_loss":0.0,"gold_gain":0.0,"event_name":"Liars Game","player_choice":"Ignored","floor":4.0,"gold_loss":0.0,"damage_taken":0.0},{"damage_healed":0.0,"max_hp_gain":0.0,"max_hp_loss":0.0,"gold_gain":0.0,"event_name":"The Woman in Blue","player_choice":"Bought 0 Potions","floor":19.0,"gold_loss":0.0,"damage_taken":0.0},{"damage_healed":0,"gold_gain":0,"player_choice":"1 cards matched","damage_taken":0,"max_hp_gain":0,"max_hp_loss":0,"event_name":"Match and Keep!","floor":28,"gold_loss":0,"cards_obtained":["Corruption"]},{"damage_healed":0,"gold_gain":0,"player_choice":"Took Portal","damage_taken":0,"max_hp_gain":0,"max_hp_loss":0,"event_name":"SecretPortal","floor":36,"gold_loss":0}],"is_beta":false,"boss_relics":[{"not_picked":["Runic Dome","SacredBark"],"picked":"Pandora\u0027s Box"},{"not_picked":["Snecko Eye","Cursed Key"],"picked":"Philosopher\u0027s Stone"}],"items_purged_floors":[],"is_endless":false,"potions_floor_spawned":[6,14,16,20,23,29],"ascension_level":6}}