{"host":"tkinv8gv6hgcc58b","time":1611975042,"event":{"mods":["AchievementEnabler","BaseMod","BetterRewards","Colored Map","Downfall","Googly Eyes","Hermit","Minty Spire (QoL Compilation)","Rare Cards Sparkle","Relic Filter","StSLib","The Cursed","The Disciple"],"gold_per_floor":[112,112,112,112,112,112,151,172,196,223,243,243,243],"floor_reached":12,"language":"ENG","playtime":495,"items_purged":[],"score":152,"play_id":"9ebde290-3149-4ade-9875-bb5afbaaf676","local_time":"20210129215042","is_ascension_mode":true,"campfire_choices":[{"floor":6,"key":"REST"}],"circlet_count":0,"master_deck":["AscendersBane","Strike_G","Strike_G","Strike_G","Strike_G","Strike_G","Defend_G","Defend_G","Defend_G","Defend_G","Defend_G","Survivor","Neutralize","Catalyst+1","Prepared","Catalyst","Injury","Dash","Sucker Punch","Escape Plan"],"relics":["Ring of the Snake","HornCleat","Golden Idol","Letter Opener","SsserpentHead","Lizard Tail","hexamod:BolsterEngine"],"acts_visited":["Exordium"],"potions_floor_usage":[7,7,11],"damage_taken":[{"damage":0,"enemies":"Small Slimes","floor":1,"turns":6},{"damage":45,"enemies":"3 Sentries","floor":7,"turns":15},{"damage":0,"enemies":"2 Louse","floor":8,"turns":3},{"damage":6,"enemies":"Cultist","floor":11,"turns":5},{"damage":69,"enemies":"Lagavulin","floor":12,"turns":11}],"seed_played":"-6304927287889032772","potions_obtained":[{"floor":5,"key":"LiquidBronze"},{"floor":7,"key":"SneckoOil"},{"floor":8,"key":"FairyPotion"}],"is_trial":false,"path_per_floor":["M","?","?","?","?","R","E","M","T","T","M","E"],"character_chosen":"THE_SILENT","items_purchased":["HornCleat","Fruit Juice","Prepared"],"campfire_rested":1,"item_purchase_floors":[0,0,0],"current_hp_per_floor":[45,45,45,34,34,53,13,13,13,13,7,0,0],"gold":243,"neow_bonus":"","is_daily":false,"chose_seed":false,"campfire_upgraded":0,"win_rate":0.0,"timestamp":1611975042,"path_taken":["M","?","?","?","?","R","E","M","T","T","M","E"],"items_purchased_type":["Relic","Potion","Card"],"build_version":"2020-12-22","purchased_purges":0,"victory":false,"max_hp_per_floor":[66,66,66,66,66,66,71,71,71,71,71,71,71],"card_choices":[{"not_picked":["Slice","PiercingWail"],"picked":"Catalyst","floor":1},{"not_picked":["PiercingWail","Phantasmal Killer"],"picked":"Dash","floor":7},{"not_picked":["Eviscerate","Dagger Spray"],"picked":"Sucker Punch","floor":8},{"not_picked":["Bane","Prepared"],"picked":"Escape Plan","floor":11}],"player_experience":1094591,"relics_obtained":[{"floor":7,"key":"SsserpentHead"},{"floor":9,"key":"Lizard Tail"},{"floor":10,"key":"hexamod:BolsterEngine"}],"event_choices":[{"damage_healed":0,"gold_gain":0,"player_choice":"Take Wound","damage_taken":0,"relics_obtained":["Golden Idol"],"max_hp_gain":0,"max_hp_loss":0,"event_name":"Golden Idol","floor":2,"gold_loss":0,"cards_obtained":["Injury"]},{"damage_healed":0,"gold_gain":0,"player_choice":"Grow","damage_taken":0,"max_hp_gain":0,"max_hp_loss":0,"event_name":"Living Wall","floor":3,"gold_loss":0,"cards_upgraded":["Catalyst"]},{"damage_healed":0,"gold_gain":0,"player_choice":"Success","damage_taken":11,"relics_obtained":["Letter Opener"],"max_hp_gain":0,"max_hp_loss":0,"event_name":"Scrap Ooze","floor":4,"gold_loss":0},{"damage_healed":0,"gold_gain":0,"player_choice":"Got Potions","damage_taken":0,"max_hp_gain":0,"max_hp_loss":0,"event_name":"Lab","floor":5,"gold_loss":0}],"is_beta":false,"boss_relics":[],"items_purged_floors":[],"is_endless":false,"potions_floor_spawned":[7,8],"killed_by":"Lagavulin","ascension_level":20}}