{"host":"vlqejv0notyktumz","time":1611967455,"event":{"mods":["AchievementEnabler","BaseMod","Colored Map","Colored Powertips","Downfall","Googly Eyes","Minty Spire (QoL Compilation)","StSLib"],"gold_per_floor":[112,126,126,51,70,70,105,117,171,191,191,191,191,225,225,225,225],"floor_reached":16,"language":"ENG","playtime":340,"items_purged":["Strike_P"],"score":144,"play_id":"4c7a1e97-930d-4845-b35e-d52ad44c2fe1","local_time":"20210129184415","is_ascension_mode":true,"campfire_choices":[{"data":"Protect","floor":6,"key":"SMITH"},{"data":"PathToVictory","floor":11,"key":"SMITH"},{"floor":15,"key":"REST"}],"circlet_count":0,"master_deck":["Strike_P","Strike_P","Strike_P","Defend_P","Defend_P","Defend_P","Defend_P","Eruption+1","Vigilance","PathToVictory+1","ClearTheMind","Protect+1","WindmillStrike","Protect","SandsOfTime","Evaluate"],"relics":["PureWater","Meat on the Bone","MealTicket","Centennial Puzzle","Happy Flower","PreservedInsect"],"acts_visited":["Exordium"],"potions_floor_usage":[12,12],"damage_taken":[{"damage":0,"enemies":"Jaw Worm","floor":1,"turns":4},{"damage":2,"enemies":"Cultist","floor":2,"turns":3},{"damage":0,"enemies":"Small Slimes","floor":5,"turns":2},{"damage":64,"enemies":"Gremlin Nob","floor":7,"turns":5},{"damage":6,"enemies":"Looter","floor":8,"turns":4},{"damage":1,"enemies":"Large Slime","floor":10,"turns":6},{"damage":0,"enemies":"Lagavulin","floor":12,"turns":2},{"damage":46,"enemies":"Gremlin Nob","floor":14,"turns":5},{"damage":36,"enemies":"The Guardian","floor":16,"turns":2}],"seed_played":"-5222395130227270801","potions_obtained":[{"floor":2,"key":"Energy Potion"},{"floor":7,"key":"SmokeBomb"},{"floor":8,"key":"CultistPotion"}],"is_trial":false,"path_per_floor":["M","M","?","$","M","R","E","M","T","M","R","E","?","E","R","B"],"character_chosen":"WATCHER","items_purchased":[],"campfire_rested":1,"item_purchase_floors":[],"current_hp_per_floor":[72,70,70,70,70,70,18,24,24,35,35,47,47,13,34,0,0],"gold":225,"neow_bonus":"UPGRADE_CARD","is_daily":false,"chose_seed":false,"campfire_upgraded":2,"win_rate":0.0,"timestamp":1611967455,"path_taken":["M","M","?","$","M","R","E","M","T","?","R","E","?","E","R","BOSS"],"items_purchased_type":[],"build_version":"2020-12-22","purchased_purges":1,"victory":false,"max_hp_per_floor":[72,72,72,72,72,72,72,72,72,72,72,72,72,72,72,72,72],"card_choices":[{"not_picked":["Fasting2","Consecrate"],"picked":"PathToVictory","floor":1},{"not_picked":["BattleHymn","Wireheading"],"picked":"ClearTheMind","floor":2},{"not_picked":["EmptyBody","Halt"],"picked":"Protect","floor":5},{"not_picked":["ReachHeaven","Indignation"],"picked":"WindmillStrike","floor":7},{"not_picked":["Tantrum","CrushJoints"],"picked":"Protect","floor":8},{"not_picked":["LessonLearned","ThirdEye"],"picked":"SandsOfTime","floor":10},{"not_picked":["FollowUp","Omniscience"],"picked":"Evaluate","floor":14}],"player_experience":374051,"relics_obtained":[{"floor":7,"key":"MealTicket"},{"floor":9,"key":"Centennial Puzzle"},{"floor":14,"key":"PreservedInsect"}],"event_choices":[{"damage_healed":0,"gold_gain":0,"player_choice":"Gave Potion","damage_taken":0,"relics_obtained":["Meat on the Bone"],"max_hp_gain":0,"max_hp_loss":0,"event_name":"WeMeetAgain","floor":3,"gold_loss":0},{"damage_healed":0,"gold_gain":0,"player_choice":"Searched \u00271\u0027 times","damage_taken":0,"relics_obtained":["Happy Flower"],"max_hp_gain":0,"max_hp_loss":0,"event_name":"Dead Adventurer","floor":13,"gold_loss":0}],"is_beta":false,"boss_relics":[],"items_purged_floors":[4],"is_endless":false,"potions_floor_spawned":[2,7,8],"killed_by":"The Guardian","ascension_level":4}}