{"host":"rmsq46plbpwfbxcc","time":1611967855,"event":{"mods":["AchievementEnabler","BaseMod","Colored Map","Colored Powertips","DeckTracker","KOR Keyword Fix","Minty Spire (QoL Compilation)","Permanent Neow","Quick Restart","SuperFastMode"],"gold_per_floor":[119,134,59,72,83,83,4,39,110,110,123,123,134,147,147,147,147],"floor_reached":16,"language":"KOR","playtime":418,"items_purged":["Defend_G"],"score":156,"play_id":"a8337617-81b3-42b2-8ca8-f359c10872dd","local_time":"20210130095055","is_ascension_mode":true,"campfire_choices":[{"data":"Cloak And Dagger","floor":6.0,"key":"SMITH"},{"data":"Neutralize","floor":12,"key":"SMITH"},{"data":"Accuracy","floor":15,"key":"SMITH"}],"circlet_count":0,"master_deck":["AscendersBane","Strike_G","Strike_G","Strike_G","Strike_G","Strike_G","Defend_G","Defend_G","Defend_G","Defend_G","Survivor","Neutralize+1","Tactician","Cloak And Dagger+1","Accuracy+1","Well Laid Plans","Backstab","Footwork"],"relics":["Coffee Dripper","StoneCalendar","The Courier"],"acts_visited":["Exordium"],"potions_floor_usage":[11,14,16],"damage_taken":[{"damage":0.0,"enemies":"Cultist","floor":1.0,"turns":4.0},{"damage":2.0,"enemies":"Jaw Worm","floor":2.0,"turns":5.0},{"damage":0.0,"enemies":"2 Louse","floor":4.0,"turns":2.0},{"damage":10.0,"enemies":"Exordium Thugs","floor":5.0,"turns":6.0},{"damage":35.0,"enemies":"3 Sentries","floor":8.0,"turns":10.0},{"damage":0,"enemies":"Gremlin Gang","floor":11,"turns":2},{"damage":9,"enemies":"3 Louse","floor":13,"turns":4},{"damage":5,"enemies":"Exordium Thugs","floor":14,"turns":4},{"damage":2,"enemies":"Hexaghost","floor":16,"turns":9}],"seed_played":"-4202535583180587148","potions_obtained":[{"floor":5.0,"key":"LiquidBronze"},{"floor":8.0,"key":"Explosive Potion"},{"floor":13,"key":"SteroidPotion"}],"is_trial":false,"path_per_floor":["M","M","$","M","M","R","$","E","T","?","M","R","M","M","R","B"],"character_chosen":"THE_SILENT","items_purchased":["Accuracy"],"campfire_rested":0,"item_purchase_floors":[7],"current_hp_per_floor":[63,61,61,61,51,51,51,16,16,16,16,16,7,2,2,0,0],"gold":147,"neow_bonus":"BOSS_RELIC","is_daily":false,"chose_seed":false,"campfire_upgraded":3,"win_rate":0.0,"timestamp":1611967855,"path_taken":["M","M","$","M","M","R","$","E","T","?","?","R","M","M","R","BOSS"],"items_purchased_type":["Card"],"build_version":"2020-12-22","purchased_purges":1,"victory":false,"max_hp_per_floor":[70,70,70,70,70,70,70,70,70,70,70,70,70,70,70,70,70],"card_choices":[{"not_picked":["Outmaneuver","Flying Knee","All Out Attack"],"picked":"SKIP","floor":1.0},{"not_picked":["Deflect","Slice"],"picked":"Tactician","floor":2.0},{"not_picked":["Quick Slash","Terror"],"picked":"Cloak And Dagger","floor":4.0},{"not_picked":["Poisoned Stab","Deflect","Grand Finale"],"picked":"SKIP","floor":5.0},{"not_picked":["Eviscerate","Distraction","Night Terror"],"picked":"SKIP","floor":8.0},{"not_picked":["Slice","Sucker Punch"],"picked":"Well Laid Plans","floor":11},{"not_picked":["Outmaneuver","Sucker Punch"],"picked":"Backstab","floor":13},{"not_picked":["Doppelganger","Quick Slash"],"picked":"Footwork","floor":14}],"player_experience":656096,"relics_obtained":[{"floor":8.0,"key":"StoneCalendar"},{"floor":9.0,"key":"The Courier"}],"event_choices":[{"damage_healed":0.0,"max_hp_gain":0.0,"max_hp_loss":0.0,"gold_gain":0.0,"event_name":"The Woman in Blue","player_choice":"Bought 0 Potions","floor":10.0,"gold_loss":0.0,"damage_taken":0.0}],"is_beta":false,"boss_relics":[],"items_purged_floors":[3],"is_endless":false,"potions_floor_spawned":[5,8,13],"killed_by":"Hexaghost","ascension_level":10}}