{"host":"aqym1xxr3lb31d9m","time":1611975719,"event":{"mods":["BaseMod","Block Reminder","Colored Map","Colored Powertips","DeckTracker","Highlight Path","Minty Spire (QoL Compilation)","Quick Restart","Random Character Button","StSLib","SuperFastMode","UnlockEverythingMod"],"gold_per_floor":[113,188,188,188,203,203,203],"floor_reached":6,"language":"JPN","playtime":131,"items_purged":[],"score":68,"play_id":"428034d2-e60c-403e-ab8a-cdaa14381878","local_time":"20210130120159","is_ascension_mode":true,"campfire_choices":[],"circlet_count":0,"master_deck":["AscendersBane","Strike_B","Strike_B","Strike_B","Strike_B","Defend_B","Defend_B","Defend_B","Defend_B","Zap","Dualcast","Pain","Multi-Cast","Rip and Tear","Fission","Cold Snap"],"relics":["Cracked Core","Singing Bowl"],"acts_visited":["Exordium"],"potions_floor_usage":[],"damage_taken":[{"damage":7,"enemies":"2 Louse","floor":1,"turns":3},{"damage":5,"enemies":"Small Slimes","floor":5,"turns":3},{"damage":49,"enemies":"Gremlin Nob","floor":6,"turns":4}],"seed_played":"2250118831519806889","potions_obtained":[{"floor":5,"key":"Dexterity Potion"}],"is_trial":false,"path_per_floor":["M","?","?","?","M","E"],"character_chosen":"DEFECT","items_purchased":[],"campfire_rested":0,"item_purchase_floors":[],"current_hp_per_floor":[57,46,41,41,36,0,0],"gold":203,"neow_bonus":"THREE_RARE_CARDS","is_daily":false,"chose_seed":false,"campfire_upgraded":0,"win_rate":0.0,"timestamp":1611975719,"path_taken":["M","?","?","?","M","E"],"items_purchased_type":[],"build_version":"2020-12-22","purchased_purges":0,"victory":false,"max_hp_per_floor":[71,71,71,71,71,71,71],"card_choices":[{"not_picked":["Thunder Strike","Fission"],"picked":"Multi-Cast","floor":0},{"not_picked":["Turbo","Coolheaded"],"picked":"Rip and Tear","floor":1},{"not_picked":["Go for the Eyes","Coolheaded"],"picked":"Cold Snap","floor":5}],"player_experience":4127178,"relics_obtained":[],"event_choices":[{"damage_healed":0,"gold_gain":75,"player_choice":"Gather Gold","damage_taken":11,"max_hp_gain":0,"max_hp_loss":0,"event_name":"World of Goop","floor":2,"gold_loss":0},{"damage_healed":0,"gold_gain":0,"player_choice":"Success","damage_taken":5,"relics_obtained":["Singing Bowl"],"max_hp_gain":0,"max_hp_loss":0,"event_name":"Scrap Ooze","floor":3,"gold_loss":0},{"damage_healed":0,"gold_gain":0,"player_choice":"1 cards matched","damage_taken":0,"max_hp_gain":0,"max_hp_loss":0,"event_name":"Match and Keep!","floor":4,"gold_loss":0,"cards_obtained":["Fission"]}],"is_beta":false,"boss_relics":[],"items_purged_floors":[],"is_endless":false,"potions_floor_spawned":[5],"killed_by":"Gremlin Nob","ascension_level":20}}