{"host":"qekv59dthhdg54sz","time":1611986040,"event":{"mods":["AchievementEnabler","BaseMod","Colored Map","DeckTracker","KOR Keyword Fix","Minty Spire (QoL Compilation)","Rare Cards Sparkle","StSLib","SuperFastMode"],"gold_per_floor":[11,11,11,36,36,36,57,77,77,77,117,141,141,156,156,156,156],"floor_reached":16,"language":"KOR","playtime":896,"items_purged":[],"score":199,"play_id":"78d6d531-2c25-4aa9-828f-5dc76c34bc0c","local_time":"20210130145400","is_ascension_mode":true,"campfire_choices":[{"data":"Twin Strike","floor":6,"key":"SMITH"},{"data":"Defend_R","floor":13,"key":"PURGE"},{"floor":15,"key":"REST"}],"circlet_count":0,"master_deck":["AscendersBane","Strike_R+1","Strike_R","Strike_R+1","Strike_R","Defend_R","Defend_R","Defend_R","Bash","Limit Break","Twin Strike+1","Shrug It Off","True Grit","Power Through","Sever Soul"],"relics":["Burning Blood","Golden Idol","Magic Flower","Peace Pipe"],"acts_visited":["Exordium"],"potions_floor_usage":[11,16],"damage_taken":[{"damage":7,"enemies":"Cultist","floor":1,"turns":4},{"damage":4,"enemies":"Jaw Worm","floor":4,"turns":4},{"damage":4,"enemies":"Small Slimes","floor":7,"turns":3},{"damage":8,"enemies":"2 Fungi Beasts","floor":8,"turns":4},{"damage":39,"enemies":"Gremlin Nob","floor":11,"turns":4},{"damage":9,"enemies":"Exordium Wildlife","floor":12,"turns":7},{"damage":1,"enemies":"Looter","floor":14,"turns":4},{"damage":36,"enemies":"Slime Boss","floor":16,"turns":6}],"seed_played":"3673076892311197549","potions_obtained":[{"floor":4,"key":"DuplicationPotion"},{"floor":7,"key":"SkillPotion"},{"floor":8,"key":"Strength Potion"}],"is_trial":false,"path_per_floor":["M","?","?","M","?","R","M","M","T","?","E","M","R","M","R","B"],"character_chosen":"IRONCLAD","items_purchased":[],"campfire_rested":1,"item_purchase_floors":[],"current_hp_per_floor":[67,67,67,68,73,73,73,71,71,49,19,19,19,27,48,12,12],"gold":156,"neow_bonus":"THREE_RARE_CARDS","is_daily":false,"chose_seed":false,"campfire_upgraded":1,"win_rate":0.0,"timestamp":1611986040,"path_taken":["M","?","?","M","?","R","M","M","T","?","E","M","R","?","R","BOSS"],"items_purchased_type":[],"build_version":"2020-12-22","purchased_purges":0,"victory":false,"max_hp_per_floor":[75,75,68,68,73,73,73,73,73,73,73,73,73,73,73,73,73],"card_choices":[{"not_picked":["Juggernaut","Immolate"],"picked":"Limit Break","floor":0},{"not_picked":["Perfected Strike","Body Slam"],"picked":"Twin Strike","floor":1},{"not_picked":["Blood for Blood","Havoc"],"picked":"Shrug It Off","floor":4},{"not_picked":["Dropkick","Clash","Shockwave"],"picked":"SKIP","floor":7},{"not_picked":["Cleave","Heavy Blade","Rage"],"picked":"SKIP","floor":8},{"not_picked":["Pummel","Rage"],"picked":"True Grit","floor":11},{"not_picked":["Twin Strike","Pommel Strike"],"picked":"Power Through","floor":12},{"not_picked":["Armaments","Seeing Red"],"picked":"Sever Soul","floor":14}],"player_experience":873872,"relics_obtained":[{"floor":9,"key":"Magic Flower"},{"floor":11,"key":"Peace Pipe"}],"event_choices":[{"cards_removed":["Strike_R"],"damage_healed":0,"gold_gain":0,"player_choice":"Forget","damage_taken":0,"max_hp_gain":0,"max_hp_loss":0,"event_name":"Living Wall","floor":2,"gold_loss":0},{"damage_healed":0,"gold_gain":0,"player_choice":"Lose Max HP","damage_taken":0,"relics_obtained":["Golden Idol"],"max_hp_gain":0,"max_hp_loss":7,"event_name":"Golden Idol","floor":3,"gold_loss":0},{"damage_healed":0,"gold_gain":0,"player_choice":"Donut","damage_taken":0,"max_hp_gain":5,"max_hp_loss":0,"event_name":"Big Fish","floor":5,"gold_loss":0},{"damage_healed":0,"gold_gain":0,"player_choice":"Entered Light","damage_taken":22,"max_hp_gain":0,"max_hp_loss":0,"event_name":"Shining Light","floor":10,"gold_loss":0,"cards_upgraded":["Strike_R","Strike_R"]}],"is_beta":false,"boss_relics":[],"items_purged_floors":[],"is_endless":false,"potions_floor_spawned":[4,7,8],"killed_by":"Slime Boss","ascension_level":19}}