{"host":"1i9jpj392h4nt9ho","time":1611984117,"event":{"mods":["AchievementEnabler","BaseMod","Colored Map","Minty Spire (QoL Compilation)"],"gold_per_floor":[116,116,39,114,74,105,120,6,6,22,82,82,82,98,98,98,98],"floor_reached":16,"language":"ENG","playtime":935,"items_purged":["Strike_B"],"score":108,"play_id":"082eddfa-d26c-47fc-b6c8-40e6499a5870","local_time":"20210130162157","is_ascension_mode":true,"campfire_choices":[{"floor":12,"key":"REST"},{"data":"Genetic Algorithm","floor":15,"key":"SMITH"}],"circlet_count":0,"master_deck":["Strike_B","Strike_B","Strike_B","Defend_B","Defend_B","Defend_B","Defend_B","Zap","Dualcast","Amplify","Coolheaded","Storm","Self Repair","Capacitor","Barrage","Loop","Cold Snap","Genetic Algorithm+1","Lockon"],"relics":["Cracked Core","MealTicket","Sundial","Tiny Chest","Lantern"],"acts_visited":["Exordium"],"potions_floor_usage":[16],"damage_taken":[{"damage":10,"enemies":"Small Slimes","floor":1,"turns":3},{"damage":29,"enemies":"Lagavulin","floor":6,"turns":9},{"damage":14,"enemies":"2 Louse","floor":7,"turns":4},{"damage":13,"enemies":"Jaw Worm","floor":10,"turns":5},{"damage":20,"enemies":"Gremlin Nob","floor":11,"turns":4},{"damage":11,"enemies":"2 Fungi Beasts","floor":14,"turns":4},{"damage":44,"enemies":"The Guardian","floor":16,"turns":9}],"seed_played":"-2770204434789957043","potions_obtained":[{"floor":6,"key":"GamblersBrew"},{"floor":10,"key":"Fire Potion"}],"is_trial":false,"path_per_floor":["M","?","$","?","$","E","M","$","T","M","?","R","?","M","R","B"],"character_chosen":"DEFECT","items_purchased":["Storm","Self Repair","Loop"],"campfire_rested":1,"item_purchase_floors":[3,5,8],"current_hp_per_floor":[58,63,63,52,52,30,30,45,45,39,26,47,47,43,43,0,0],"gold":98,"neow_bonus":"THREE_RARE_CARDS","is_daily":false,"chose_seed":false,"campfire_upgraded":1,"win_rate":0.0,"timestamp":1611984117,"path_taken":["M","?","$","?","?","E","M","$","T","M","?","R","?","?","R","BOSS"],"items_purchased_type":["Card","Card","Card"],"build_version":"2020-12-22","purchased_purges":1,"victory":false,"max_hp_per_floor":[68,73,73,73,73,73,73,73,73,73,73,73,73,73,73,73,73],"card_choices":[{"not_picked":["Reboot","Multi-Cast"],"picked":"Amplify","floor":0},{"not_picked":["Rebound","Conserve Battery"],"picked":"Coolheaded","floor":1},{"not_picked":["Stack","Heatsinks"],"picked":"Capacitor","floor":6},{"not_picked":["Leap","Cold Snap"],"picked":"Barrage","floor":7},{"not_picked":["Leap","Gash"],"picked":"Cold Snap","floor":10},{"not_picked":["Streamline","Sunder"],"picked":"Genetic Algorithm","floor":11},{"not_picked":["Steam","Streamline"],"picked":"Lockon","floor":14}],"player_experience":570234,"relics_obtained":[{"floor":6,"key":"MealTicket"},{"floor":9,"key":"Sundial"},{"floor":11,"key":"Tiny Chest"}],"event_choices":[{"damage_healed":0,"gold_gain":0,"player_choice":"Donut","damage_taken":0,"max_hp_gain":5,"max_hp_loss":0,"event_name":"Big Fish","floor":2,"gold_loss":0},{"damage_healed":0,"gold_gain":75,"player_choice":"Gather Gold","damage_taken":11,"max_hp_gain":0,"max_hp_loss":0,"event_name":"World of Goop","floor":4,"gold_loss":0},{"damage_healed":0,"gold_gain":30,"player_choice":"Searched \u00272\u0027 times","damage_taken":0,"max_hp_gain":0,"max_hp_loss":0,"event_name":"Dead Adventurer","floor":11,"gold_loss":0},{"damage_healed":0,"gold_gain":0,"player_choice":"Gave Potion","damage_taken":0,"relics_obtained":["Lantern"],"max_hp_gain":0,"max_hp_loss":0,"event_name":"WeMeetAgain","floor":13,"gold_loss":0}],"is_beta":false,"boss_relics":[],"items_purged_floors":[8],"is_endless":false,"potions_floor_spawned":[6,10],"killed_by":"The Guardian","ascension_level":2}}