{"host":"4rvakrj1idbgia3f","time":1611999647,"event":{"mods":["BaseMod","Colored Map","Colored Powertips","DeckTracker","Highlight Path","Minty Spire (QoL Compilation)","Random Character Button","StSLib"],"gold_per_floor":[115,115,125,135,151,151,179,179,179,179,192,192,207,225,225,302,302,312,332,332,342,342,342,356,356,356,356,370,370,370,89,89,163,163,182,207,207,217,230,257,257,285,285,128,128,128,3,36,36,36,36,36,36,36,62,62,62],"floor_reached":56,"language":"JPN","playtime":3428,"items_purged":["Decay","Strike_G","Strike_G"],"score":2270,"play_id":"a7801a2a-5150-4576-9e82-4b4e648bb4bf","local_time":"20210130184047","is_ascension_mode":true,"campfire_choices":[{"data":"Noxious Fumes","floor":6.0,"key":"SMITH"},{"data":"Adrenaline","floor":8.0,"key":"SMITH"},{"data":"Quick Slash","floor":10.0,"key":"SMITH"},{"data":"Neutralize","floor":12.0,"key":"SMITH"},{"data":"Well Laid Plans","floor":15.0,"key":"SMITH"},{"data":"Reflex","floor":23.0,"key":"SMITH"},{"floor":27.0,"key":"REST"},{"data":"Prepared","floor":30.0,"key":"SMITH"},{"data":"Grand Finale","floor":32.0,"key":"SMITH"},{"data":"Terror","floor":41.0,"key":"SMITH"},{"data":"Wraith Form v2","floor":46.0,"key":"SMITH"},{"floor":49.0,"key":"RECALL"},{"data":"Footwork","floor":53.0,"key":"SMITH"}],"circlet_count":0,"master_deck":["AscendersBane","Strike_G","Defend_G","Defend_G","Defend_G","Defend_G","Survivor","Neutralize+1","Sucker Punch+1","Quick Slash+1","Noxious Fumes+1","Adrenaline+1","Well Laid Plans+1","Heel Hook","Grand Finale+1","Prepared+1","Reflex+1","Dagger Throw+1","Footwork+1","Grand Finale","Catalyst+1","Corpse Explosion+1","Backflip+1","Terror+1","Wraith Form v2+1","Reflex+1","Backflip","Master of Strategy","Setup+1"],"relics":["Ring of the Snake","NeowsBlessing","StrikeDummy","Gambling Chip","SlaversCollar","Bottled Lightning","Torii","OrangePellets","Astrolabe","Tingsha","Du-Vu Doll","Darkstone Periapt","StoneCalendar"],"acts_visited":["Exordium","TheCity","TheBeyond","TheEnding"],"potions_floor_usage":[56,56],"damage_taken":[{"damage":0.0,"enemies":"Small Slimes","floor":1.0,"turns":1.0},{"damage":0.0,"enemies":"Cultist","floor":3.0,"turns":1.0},{"damage":0.0,"enemies":"2 Louse","floor":4.0,"turns":1.0},{"damage":24.0,"enemies":"Exordium Thugs","floor":5.0,"turns":7.0},{"damage":25.0,"enemies":"3 Sentries","floor":7.0,"turns":8.0},{"damage":0.0,"enemies":"Lots of Slimes","floor":11.0,"turns":3.0},{"damage":3.0,"enemies":"Looter","floor":13.0,"turns":4.0},{"damage":2.0,"enemies":"Exordium Wildlife","floor":14.0,"turns":3.0},{"damage":18.0,"enemies":"Slime Boss","floor":16.0,"turns":9.0},{"damage":17.0,"enemies":"Shell Parasite","floor":18.0,"turns":5.0},{"damage":8.0,"enemies":"2 Thieves","floor":19.0,"turns":2.0},{"damage":0.0,"enemies":"Centurion and Healer","floor":21.0,"turns":2.0},{"damage":18.0,"enemies":"Snake Plant","floor":24.0,"turns":4.0},{"damage":0.0,"enemies":"3 Cultists","floor":28.0,"turns":2.0},{"damage":8.0,"enemies":"Automaton","floor":33.0,"turns":6.0},{"damage":0.0,"enemies":"Orb Walker","floor":35.0,"turns":2.0},{"damage":0.0,"enemies":"Mind Bloom Boss Battle","floor":36.0,"turns":2.0},{"damage":7.0,"enemies":"3 Darklings","floor":38.0,"turns":2.0},{"damage":0.0,"enemies":"Maw","floor":39.0,"turns":4.0},{"damage":0.0,"enemies":"Nemesis","floor":40.0,"turns":5.0},{"damage":0.0,"enemies":"Giant Head","floor":42.0,"turns":4.0},{"damage":0.0,"enemies":"Nemesis","floor":48.0,"turns":3.0},{"damage":0.0,"enemies":"Time Eater","floor":50.0,"turns":4.0},{"damage":0.0,"enemies":"Awakened One","floor":51.0,"turns":7.0},{"damage":0,"enemies":"Shield and Spear","floor":55,"turns":5},{"damage":61,"enemies":"The Heart","floor":56,"turns":8}],"seed_played":"6709231201037705175","potions_obtained":[{"floor":1.0,"key":"GamblersBrew"},{"floor":3.0,"key":"Regen Potion"},{"floor":11.0,"key":"LiquidMemories"},{"floor":16.0,"key":"Poison Potion"},{"floor":18.0,"key":"SkillPotion"},{"floor":21.0,"key":"FearPotion"},{"floor":33.0,"key":"CunningPotion"},{"floor":36.0,"key":"Weak Potion"}],"is_trial":false,"path_per_floor":["M","?","M","M","M","R","E","R","T","R","M","R","M","M","R","B",null,"M","M","?","M","T","R","M","?","T","R","M","?","R","$","R","B",null,"M","?","?","M","M","E","R","E","T","$","?","R","$","E","R","B","B",null,"R","$","E","B"],"character_chosen":"THE_SILENT","items_purchased":["Footwork","OrangePellets","Backflip"],"campfire_rested":1,"item_purchase_floors":[31,31,44],"current_hp_per_floor":[59,59,59,59,35,35,25,25,25,25,25,25,22,20,20,2,50,33,25,25,25,25,25,7,7,7,26,26,26,26,26,26,18,54,54,54,54,47,47,47,47,47,47,47,47,47,47,47,47,47,47,61,61,61,61,0,0],"gold":62,"neow_bonus":"THREE_ENEMY_KILL","is_daily":false,"chose_seed":false,"campfire_upgraded":11,"win_rate":0.0,"timestamp":1611999647,"path_taken":["M","?","M","M","M","R","E","R","T","R","M","R","M","?","R","BOSS","M","M","?","M","?","R","?","?","T","R","M","?","R","$","R","BOSS","M","?","?","M","M","E","R","E","T","$","?","R","$","E","R","BOSS","BOSS","R","$","E","BOSS"],"items_purchased_type":["Card","Relic","Card"],"build_version":"2020-12-22","purchased_purges":3,"victory":false,"max_hp_per_floor":[66,66,66,66,66,66,66,66,66,66,66,66,66,66,66,66,66,66,66,66,66,66,66,66,66,66,66,66,66,66,66,66,66,66,66,66,66,66,66,66,66,66,66,66,66,66,66,66,66,66,66,66,66,66,66,66,66],"card_choices":[{"not_picked":["Accuracy","Acrobatics"],"picked":"Sucker Punch","floor":1.0},{"not_picked":["Slice","Blade Dance"],"picked":"Quick Slash","floor":3.0},{"not_picked":["Deflect","Finisher","Concentrate"],"picked":"SKIP","floor":4.0},{"not_picked":["Skewer","Distraction"],"picked":"Noxious Fumes","floor":5.0},{"not_picked":["Footwork","Sucker Punch"],"picked":"Adrenaline","floor":7.0},{"not_picked":["Distraction","Deflect","Prepared"],"picked":"SKIP","floor":11.0},{"not_picked":["Dodge and Roll","Caltrops"],"picked":"Well Laid Plans","floor":13.0},{"not_picked":["Deadly Poison","Leg Sweep"],"picked":"Heel Hook","floor":14.0},{"not_picked":["Doppelganger","Storm of Steel"],"picked":"Grand Finale","floor":16.0},{"not_picked":["Accuracy+1","Cloak And Dagger+1"],"picked":"Prepared","floor":18.0},{"not_picked":["Dash","Cloak And Dagger"],"picked":"Reflex","floor":19.0},{"not_picked":["Masterful Stab","Outmaneuver","Dodge and Roll"],"picked":"SKIP","floor":21.0},{"not_picked":["Deflect","Slice","Quick Slash"],"picked":"SKIP","floor":24.0},{"not_picked":["Quick Slash","Cloak And Dagger"],"picked":"Dagger Throw+1","floor":28.0},{"not_picked":["Burst","Tools of the Trade"],"picked":"Grand Finale","floor":33.0},{"not_picked":["Predator","Accuracy+1","Slice+1"],"picked":"SKIP","floor":35.0},{"not_picked":["Endless Agony","Poisoned Stab","Flechettes"],"picked":"SKIP","floor":38.0},{"not_picked":["Sucker Punch+1","Endless Agony+1"],"picked":"Terror","floor":39.0},{"not_picked":["Backflip","Prepared"],"picked":"Wraith Form v2","floor":40.0},{"not_picked":["Flechettes+1","Riddle With Holes"],"picked":"Reflex+1","floor":42.0},{"not_picked":["Violence","Impatience"],"picked":"Master of Strategy","floor":45.0},{"not_picked":["Escape Plan","Outmaneuver"],"picked":"Setup+1","floor":48.0},{"not_picked":["Venomology","Quick Slash","Flying Knee"],"picked":"SKIP","floor":55}],"player_experience":2135661,"relics_obtained":[{"floor":7.0,"key":"StrikeDummy"},{"floor":9.0,"key":"Gambling Chip"},{"floor":22.0,"key":"Bottled Lightning"},{"floor":26.0,"key":"Torii"},{"floor":36.0,"key":"Tingsha"},{"floor":40.0,"key":"Du-Vu Doll"},{"floor":42.0,"key":"Darkstone Periapt"},{"floor":55,"key":"StoneCalendar"}],"event_choices":[{"damage_healed":0.0,"max_hp_gain":0.0,"max_hp_loss":0.0,"gold_gain":0.0,"event_name":"Upgrade Shrine","player_choice":"Upgraded","floor":2.0,"gold_loss":0.0,"damage_taken":0.0,"cards_upgraded":["Sucker Punch"]},{"damage_healed":0.0,"max_hp_gain":0.0,"max_hp_loss":0.0,"gold_gain":0.0,"event_name":"The Mausoleum","player_choice":"Ignored","floor":20.0,"gold_loss":0.0,"damage_taken":0.0},{"damage_healed":0.0,"max_hp_gain":0.0,"max_hp_loss":0.0,"gold_gain":0.0,"event_name":"Cursed Tome","player_choice":"Ignored","floor":25.0,"gold_loss":0.0,"damage_taken":0.0},{"damage_healed":0.0,"max_hp_gain":0.0,"max_hp_loss":0.0,"gold_gain":0.0,"event_name":"Forgotten Altar","player_choice":"Smashed Altar","floor":29.0,"gold_loss":0.0,"damage_taken":0.0,"cards_obtained":["Decay"]},{"damage_healed":0.0,"max_hp_gain":0.0,"max_hp_loss":0.0,"gold_gain":0.0,"event_name":"MindBloom","player_choice":"Fight","floor":36.0,"gold_loss":0.0,"damage_taken":0.0},{"damage_healed":0.0,"max_hp_gain":0.0,"max_hp_loss":0.0,"gold_gain":0.0,"event_name":"Tomb of Lord Red Mask","player_choice":"Ignored","floor":37.0,"gold_loss":0.0,"damage_taken":0.0},{"damage_healed":0.0,"max_hp_gain":0.0,"max_hp_loss":0.0,"gold_gain":0.0,"event_name":"SensoryStone","player_choice":"Memory 1","floor":45.0,"gold_loss":0.0,"damage_taken":0.0}],"is_beta":false,"boss_relics":[{"not_picked":["Ring of the Serpent","Runic Pyramid"],"picked":"SlaversCollar"},{"not_picked":["Velvet Choker","Tiny House"],"picked":"Astrolabe"}],"items_purged_floors":[31,44,47],"is_endless":false,"potions_floor_spawned":[1,3,11,16,18,21,28,33,36,38,39,42],"killed_by":"The Heart","ascension_level":20}}