{"host":"thn8o1tmql8xszd5","time":1611980496,"event":{"mods":["2.2 Compatiblity","AchievementEnabler","BaseMod","Bestiary","Colored Map","DeckTracker","Downfall","Highlight Path","Minty Spire (QoL Compilation)","Permanent Neow","Quick Restart","Random Character Button","Relic Sorter","Relic Stats","StSLib","The Blue Laboratory"],"gold_per_floor":[99,99,109,133,153,171,171,202,202,214,214,227,227,245,265,265,265,265],"floor_reached":16,"language":"ENG","playtime":2032,"items_purged":[],"score":109,"play_id":"468ca635-ebbe-457f-9d3c-50172ee197b8","local_time":"20210129232136","is_ascension_mode":true,"campfire_choices":[{"data":"hexamod:FlamesFromBeyond","floor":1.0,"key":"SMITH"},{"floor":11,"key":"REST"},{"floor":13,"key":"REST"}],"circlet_count":0,"master_deck":["hexamod:Strike","hexamod:Strike","hexamod:Strike","hexamod:Strike","hexamod:Defend","hexamod:Defend","hexamod:Defend","hexamod:Sear","hexamod:Float","hexamod:FlamesFromBeyond+1","hexamod:DynamicBlow","hexamod:Firestarter","hexamod:ThermalTransfer","hexamod:Haunt","hexamod:FourthSeal","hexamod:ShieldOfDarkness","hexamod:FirstSeal","hexamod:PowerFromBeyond"],"relics":["hexamod:SpiritBrand","Potion Belt","Omamori","Darkstone Periapt","Blue Candle"],"acts_visited":["Exordium"],"potions_floor_usage":[16,16,16,16],"damage_taken":[{"damage":0,"enemies":"Jaw Worm","floor":3,"turns":3},{"damage":0,"enemies":"Small Slimes","floor":5,"turns":3},{"damage":2,"enemies":"2 Louse","floor":6,"turns":2},{"damage":16,"enemies":"3 Sentries","floor":8,"turns":7},{"damage":10,"enemies":"2 Fungi Beasts","floor":10,"turns":3},{"damage":0,"enemies":"Blue Slaver","floor":12,"turns":3},{"damage":6,"enemies":"Lots of Slimes","floor":14,"turns":5},{"damage":21,"enemies":"Exordium Thugs","floor":15,"turns":3},{"damage":51,"enemies":"DF_ARCHETYPE_STREAMLINE","floor":16,"turns":6}],"seed_played":"-7372486929837580737","potions_obtained":[{"floor":5,"key":"FearPotion"},{"floor":10,"key":"blueLaboratory:BottledHope"},{"floor":12,"key":"PowerPotion"},{"floor":14,"key":"blueLaboratory:BottleOfRum"},{"floor":14,"key":"blueLaboratory:RememoryPotion"},{"floor":15,"key":"blueLaboratory:FruitPunch"}],"is_trial":false,"path_per_floor":["R","?","M","T","M","M","T","E","?","M","R","M","R","M","M","B"],"character_chosen":"THE_SPIRIT","items_purchased":[],"campfire_rested":2,"item_purchase_floors":[],"current_hp_per_floor":[70,37,37,37,37,35,35,19,19,9,30,30,51,52,31,0,0,0],"gold":265,"neow_bonus":"TRANSFORM_CARD","is_daily":false,"chose_seed":false,"campfire_upgraded":1,"win_rate":0.0,"timestamp":1611980496,"path_taken":["R","?","M","?","M","M","T","E","?","?","R","M","R","M","M","BOSS"],"items_purchased_type":[],"build_version":"2020-12-22","purchased_purges":0,"victory":false,"max_hp_per_floor":[70,70,70,70,70,70,70,70,70,70,70,70,70,70,70,72,72,72],"relic_stats":{"Darkstone Periapt":0,"counters":[9,35],"Blue Candle":[0],"obtain_stats":[{"Potion Belt":2,"Darkstone Periapt":7,"Blue Candle":8,"Omamori":4,"hexamod:SpiritBrand":0},{"Potion Belt":0,"Darkstone Periapt":3,"Blue Candle":4,"Omamori":1,"hexamod:SpiritBrand":0},{"Potion Belt":0,"Darkstone Periapt":8,"Blue Candle":15,"Omamori":3,"hexamod:SpiritBrand":0}]},"card_choices":[{"not_picked":["hexamod:GhostShield","hexamod:ThermalTransfer"],"picked":"hexamod:DynamicBlow","floor":3},{"not_picked":["hexamod:AdvancingGuard","hexamod:FastForward"],"picked":"hexamod:Firestarter","floor":5},{"not_picked":["hexamod:Hexaguard","hexamod:DynamicBlow"],"picked":"hexamod:ThermalTransfer","floor":6},{"not_picked":["hexamod:HauntingEcho","hexamod:GhostOfSpirePresent"],"picked":"hexamod:Haunt","floor":8},{"not_picked":["hexamod:HeatMetal","hexamod:SpectralSpark"],"picked":"hexamod:ShieldOfDarkness","floor":10},{"not_picked":["hexamod:SuperheatedStrike","hexamod:SpectralAdrenaline"],"picked":"hexamod:FirstSeal","floor":12},{"not_picked":["hexamod:BurningTouch","hexamod:InspiringFlames","hexamod:ShieldOfDarkness"],"picked":"SKIP","floor":14},{"not_picked":["hexamod:GhostLash","hexamod:BacktrackSmack"],"picked":"hexamod:PowerFromBeyond","floor":15}],"player_experience":784386,"relics_obtained":[{"floor":4,"key":"Omamori"},{"floor":7,"key":"Darkstone Periapt"},{"floor":8,"key":"Blue Candle"}],"event_choices":[{"damage_healed":0.0,"max_hp_gain":0.0,"max_hp_loss":0.0,"gold_gain":0.0,"event_name":"Scrap Ooze","player_choice":"Success","floor":2.0,"gold_loss":0.0,"damage_taken":33.0,"relics_obtained":["Potion Belt"]}],"is_beta":false,"boss_relics":[],"items_purged_floors":[],"is_endless":false,"potions_floor_spawned":[5,14],"killed_by":"DF_ARCHETYPE_STREAMLINE","ascension_level":1}}