{"host":"9j472d1lqxyi8fmj","time":1611972779,"event":{"mods":["AchievementEnabler","Aspiration","BaseMod","Better Note","BetterRewards","Block Reminder","Colored Powertips","Downfall","Hermit","Hubris","Infinite Spire","Minty Spire (QoL Compilation)","Potion Indicator Mod","Rare Cards Sparkle","Relic Filter","Reliquary","Spicy Shops","StSLib","The Runesmith","Virulent Crown"],"gold_per_floor":[119,119,144,169,184,184,197,197,221,242,276,292,292,50,50,50,50],"floor_reached":16,"language":"ENG","playtime":502,"items_purged":[],"score":154,"play_id":"15a0164e-38b3-4f8c-a258-7a637ff5e4e6","local_time":"20210129211259","is_ascension_mode":false,"campfire_choices":[{"floor":6,"key":"REST"},{"floor":8,"key":"REST"},{"data":"infinitespire:Neurotoxin","floor":15,"key":"SMITH"}],"circlet_count":0,"master_deck":["Strike_G","Strike_G","Strike_G","Strike_G+1","Defend_G","Defend_G","Defend_G","Defend_G","Survivor","Neutralize+1","infinitespire:Neurotoxin+1","Cloak And Dagger","Poisoned Stab","Injury","Bane","Catalyst","Backstab","Dodge and Roll","Dodge and Roll","Injury","Slice","Sucker Punch+1"],"relics":["Ring of the Snake","Snake Skull","OrangePellets","champ:Barbells","Golden Idol","Juzu Bracelet","reliquary:Knoch","Toxic Egg 2","aspiration:VileToxins"],"acts_visited":["Exordium"],"potions_floor_usage":[16],"damage_taken":[{"damage":0,"enemies":"Small Slimes","floor":1,"turns":4},{"damage":1,"enemies":"Cultist","floor":3,"turns":3},{"damage":3,"enemies":"Jaw Worm","floor":4,"turns":2},{"damage":6,"enemies":"Large Slime","floor":5,"turns":5},{"damage":9,"enemies":"Blue Slaver","floor":7,"turns":3},{"damage":0,"enemies":"Exordium Wildlife","floor":10,"turns":3},{"damage":13,"enemies":"3 Sentries","floor":11,"turns":9},{"damage":0,"enemies":"Looter","floor":12,"turns":3},{"damage":49,"enemies":"Slime Boss","floor":16,"turns":7}],"seed_played":"1574767286665165748","potions_obtained":[{"floor":7,"key":"sneckomod:MuddlingPotion"},{"floor":10,"key":"SteroidPotion"},{"floor":11,"key":"LiquidBronze"}],"is_trial":false,"path_per_floor":["M","?","M","M","M","R","M","R","T","M","E","M","?","$","R","B"],"character_chosen":"THE_SILENT","items_purchased":["Snake Skull","infinitespire:Neurotoxin","Poisoned Stab","OrangePellets","champ:Barbells","aspiration:VileToxins","Slice","Sucker Punch"],"campfire_rested":2,"item_purchase_floors":[0,0,0,0,0,14,14,14],"current_hp_per_floor":[37,37,36,33,27,48,39,60,60,60,47,47,47,47,47,0,0],"gold":50,"neow_bonus":"","is_daily":false,"chose_seed":false,"campfire_upgraded":1,"win_rate":0.0,"timestamp":1611972779,"path_taken":["M","?","M","M","M","R","M","R","T","M","E","M","?","$","R","BOSS"],"items_purchased_type":["Relic","Card","Card","Relic","Relic","Relic","Card","Card"],"build_version":"2020-12-22","purchased_purges":0,"victory":false,"max_hp_per_floor":[70,70,70,70,70,70,70,70,70,70,70,70,70,70,70,70,70],"card_choices":[{"not_picked":["Setup","Dagger Spray"],"picked":"Poisoned Stab","floor":1},{"not_picked":["Riddle With Holes","Accuracy"],"picked":"Bane","floor":3},{"not_picked":["Flechettes","Skewer","Tactician"],"picked":"SKIP","floor":4},{"not_picked":["Blade Dance","Slice"],"picked":"Catalyst","floor":5},{"not_picked":["Dodge and Roll","Endless Agony","Underhanded Strike"],"picked":"SKIP","floor":7},{"not_picked":["Blur","Calculated Gamble"],"picked":"Backstab","floor":10},{"not_picked":["Outmaneuver","Skewer"],"picked":"Dodge and Roll","floor":11},{"not_picked":["Acrobatics","Doppelganger"],"picked":"Dodge and Roll","floor":12}],"player_experience":368996,"relics_obtained":[{"floor":9,"key":"Juzu Bracelet"},{"floor":11,"key":"reliquary:Knoch"}],"event_choices":[{"damage_healed":0,"gold_gain":0,"player_choice":"Take Wound","damage_taken":0,"relics_obtained":["Golden Idol"],"max_hp_gain":0,"max_hp_loss":0,"event_name":"Golden Idol","floor":2,"gold_loss":0,"cards_obtained":["Injury"]}],"is_beta":false,"boss_relics":[],"items_purged_floors":[],"is_endless":false,"potions_floor_spawned":[7,10,11],"killed_by":"Slime Boss","ascension_level":0}}