{"host":"mj8akmyfd5lo602f","time":1611966069,"event":{"mods":["2.2 Compatiblity","Act Like it!","BaseMod","Bestiary","BshForSts","Colored Map","Colored Powertips","Downfall","Highlight Path","Minty Spire (QoL Compilation)","Permanent Neow","Relic Stats","StSLib"],"gold_per_floor":[99,113,132,147,157,57,80,98,98,113,130,130,150,150,166,166,166,166],"floor_reached":16,"language":"ENG","playtime":668,"items_purged":[],"score":98,"play_id":"097acb1a-3e11-4286-bc85-3c60bd15b43a","local_time":"20210130002109","is_ascension_mode":false,"campfire_choices":[{"floor":1,"key":"RECALL"},{"data":"bronze:CloningBeam","floor":6,"key":"SMITH"},{"floor":12,"key":"REST"}],"circlet_count":0,"master_deck":["bronze:Strike","bronze:Strike","bronze:Strike","bronze:Defend","bronze:Defend","bronze:Defend","bronze:Defend","bronze:Replicate","bronze:Goto","bronze:CloningBeam+1","bronze:BuggyMess","bronze:WhirlingStrike","bronze:Terminator","bronze:Frontload","bronze:Separator"],"relics":["bronze:BronzeCore","sneckomod:BlankCard","downfall:HeartBlessingRed","Regal Pillow"],"acts_visited":["Exordium"],"potions_floor_usage":[10,11,16],"damage_taken":[{"damage":4,"enemies":"Jaw Worm","floor":2,"turns":4},{"damage":0,"enemies":"Cultist","floor":3,"turns":3},{"damage":7,"enemies":"2 Louse","floor":4,"turns":3},{"damage":8,"enemies":"Lots of Slimes","floor":5,"turns":2},{"damage":8,"enemies":"2 Fungi Beasts","floor":8,"turns":3},{"damage":0,"enemies":"Gremlin Gang","floor":10,"turns":2},{"damage":11,"enemies":"Lots of Slimes","floor":11,"turns":4},{"damage":8,"enemies":"Red Slaver","floor":13,"turns":3},{"damage":6,"enemies":"2 Fungi Beasts","floor":15,"turns":2},{"damage":54,"enemies":"DF_ARCHETYPE_STREAMLINE","floor":16,"turns":7}],"seed_played":"-3259014661241778378","potions_obtained":[{"floor":2,"key":"PowerPotion"},{"floor":3,"key":"bronze:CleanCodePotion"},{"floor":8,"key":"DistilledChaos"},{"floor":11,"key":"hexamod:SoulburnPotion"}],"is_trial":false,"path_per_floor":["R","M","M","M","M","R","T","M","?","M","M","R","M","?","M","B"],"character_chosen":"THE_AUTOMATON","items_purchased":[],"campfire_rested":1,"item_purchase_floors":[],"current_hp_per_floor":[70,66,66,59,51,51,51,43,43,43,32,68,60,60,54,0,0,0],"gold":166,"neow_bonus":"RANDOM_COMMON_RELIC","is_daily":false,"chose_seed":false,"campfire_upgraded":1,"win_rate":0.0,"timestamp":1611966069,"path_taken":["R","M","M","M","M","R","T","M","?","M","M","R","?","?","M","BOSS"],"items_purchased_type":[],"build_version":"2020-12-22","purchased_purges":0,"victory":false,"max_hp_per_floor":[70,70,70,70,70,70,70,70,70,70,70,70,70,70,70,70,70,70],"relic_stats":{"Regal Pillow":15,"counters":[10,33],"obtain_stats":[{"Regal Pillow":7,"bronze:BronzeCore":0,"downfall:HeartBlessingRed":6,"sneckomod:BlankCard":0},{"Regal Pillow":4,"bronze:BronzeCore":0,"downfall:HeartBlessingRed":4,"sneckomod:BlankCard":0},{"Regal Pillow":12,"bronze:BronzeCore":0,"downfall:HeartBlessingRed":12,"sneckomod:BlankCard":0}]},"card_choices":[{"not_picked":["bronze:FineTuning","bronze:Allocate"],"picked":"bronze:CloningBeam","floor":2},{"not_picked":["bronze:Refactor","bronze:Invalidate"],"picked":"bronze:BuggyMess","floor":3},{"not_picked":["bronze:Constructor","bronze:Deprecate"],"picked":"bronze:WhirlingStrike","floor":4},{"not_picked":["bronze:DelayedSlice","bronze:ForLoop","bronze:Separator"],"picked":"SKIP","floor":5},{"not_picked":["bronze:Return","bronze:BugBarrage","bronze:Refactor"],"picked":"SKIP","floor":8},{"not_picked":["bronze:ForceShield","bronze:GetLatest"],"picked":"bronze:Terminator","floor":10},{"not_picked":["bronze:Philosophize","bronze:BuggyMess","bronze:Deprecate"],"picked":"SKIP","floor":11},{"not_picked":["bronze:WildBeam","bronze:DelayedSlice"],"picked":"bronze:Frontload","floor":13},{"not_picked":["bronze:BitShift","bronze:Overload"],"picked":"bronze:Separator","floor":15}],"player_experience":458635,"relics_obtained":[{"floor":7,"key":"Regal Pillow"}],"event_choices":[{"damage_healed":0,"gold_gain":0,"player_choice":"Ignored","damage_taken":0,"max_hp_gain":0,"max_hp_loss":0,"event_name":"NoteForYourself","floor":9,"gold_loss":0}],"is_beta":false,"boss_relics":[],"items_purged_floors":[],"is_endless":false,"potions_floor_spawned":[2,3,8,11],"killed_by":"DF_ARCHETYPE_STREAMLINE","ascension_level":0}}