{"host":"2i1rjl87isetstuj","time":1611986041,"event":{"mods":["BaseMod","Better Vampires","Challenge The Spire","Lobotomy","LobotomyExtend","Marked Mod","Minty Spire (QoL Compilation)","Quick Restart","Shop Mod","StSLib","Waifu the Spire","óô»ðÖ¸ÄÏ"],"gold_per_floor":[109,119,131,131,149,149,149],"floor_reached":6,"language":"ZHS","playtime":289,"items_purged":[],"score":40,"play_id":"6991699c-1813-48a6-a5d6-4db868dbbe01","local_time":"20210130135401","is_ascension_mode":true,"campfire_choices":[],"circlet_count":0,"master_deck":["Strike_P","Strike_P","Strike_P","Strike_P","Defend_P","Defend_P","Defend_P","Defend_P","Eruption","Vigilance","WhitesApple","TalkToTheHand","NakedNest","EmptyFist","OldLady","VoidDream","EmptyBody","Parasite"],"relics":["PureWater","CogitoBucket","RabbitCall","LetterFromLob","Golden Idol"],"acts_visited":["Exordium"],"potions_floor_usage":[6],"damage_taken":[{"damage":9,"enemies":"Small Slimes","floor":1,"turns":4},{"damage":0,"enemies":"2 Louse","floor":2,"turns":1},{"damage":0,"enemies":"Cultist","floor":3,"turns":2},{"damage":4,"enemies":"Blue Slaver","floor":5,"turns":3},{"damage":64,"enemies":"Lagavulin","floor":6,"turns":5}],"seed_played":"6704140146865899172","potions_obtained":[{"floor":1,"key":"SteroidPotion"}],"is_trial":false,"path_per_floor":["M","M","M","?","M","E"],"character_chosen":"WATCHER","items_purchased":[],"campfire_rested":0,"item_purchase_floors":[],"current_hp_per_floor":[63,63,63,45,41,0,0],"gold":149,"neow_bonus":"","is_daily":false,"chose_seed":false,"campfire_upgraded":0,"win_rate":0.0,"timestamp":1611986041,"path_taken":["M","M","M","?","M","E"],"items_purchased_type":[],"build_version":"2020-12-22","purchased_purges":0,"victory":false,"max_hp_per_floor":[72,72,72,72,72,72,72],"card_choices":[{"not_picked":["OldLady","FairyFestival"],"picked":"WhitesApple","floor":1},{"not_picked":["JustLucky","MarkedMod:Acupuncture"],"picked":"TalkToTheHand","floor":1},{"not_picked":["MHz","DreamingCurrent"],"picked":"NakedNest","floor":2},{"not_picked":["TalkToTheHand","Evaluate"],"picked":"EmptyFist","floor":2},{"not_picked":["MeatLantern","Bloodbath"],"picked":"OldLady","floor":3},{"not_picked":["CutThroughFate","Evaluate","Study"],"picked":"SKIP","floor":3},{"not_picked":["CutThroughFate","Evaluate","Study"],"picked":"SKIP","floor":3},{"not_picked":["SpiderBud","ShyLook"],"picked":"VoidDream","floor":5},{"not_picked":["MarkedMod:GentlePulse","Wireheading"],"picked":"EmptyBody","floor":5}],"player_experience":107761,"relics_obtained":[{"floor":1,"key":"LetterFromLob"}],"event_choices":[{"damage_healed":0,"gold_gain":0,"player_choice":"Take Damage","damage_taken":18,"relics_obtained":["Golden Idol"],"max_hp_gain":0,"max_hp_loss":0,"event_name":"Golden Idol","floor":4,"gold_loss":0}],"is_beta":false,"boss_relics":[],"items_purged_floors":[],"is_endless":false,"potions_floor_spawned":[1],"killed_by":"Lagavulin","ascension_level":1}}