{"host":"jr9f8lmgw9kaplsw","time":1611975331,"event":{"mods":["AchievementEnabler","BaseMod","BetterRewards","Colored Map","Hubris","Minty Spire (QoL Compilation)","Replay The Spire","Shop Mod","StSLib","The Cursed"],"gold_per_floor":[114,114,114,129,404,404,434,449,499,499,529,544,94,124,124,224,224,239,239,239,254,269,299,314,314,339,354,369,384,384,84,84,184,184,199,214,264,264,264,264,114,129,129,129,144,174,104,119,119,119,119],"floor_reached":50,"language":"ENG","playtime":3111,"items_purged":[],"score":612,"play_id":"773627ac-2878-4702-b408-dd6c3723c300","local_time":"20210129215531","daily_mods":["Specialized","Colorless Cards","Terminal"],"is_ascension_mode":false,"campfire_choices":[{"data":"Demonic Infusion","floor":6.0,"key":"SMITH"},{"floor":10.0,"key":"REST"},{"data":"Juggernaut","floor":15.0,"key":"SMITH"},{"floor":25.0,"key":"REST"},{"floor":32.0,"key":"REST"},{"data":"Jack Of All Trades","floor":40.0,"key":"SMITH"},{"data":"Metallicize","floor":49,"key":"SMITH"}],"circlet_count":0,"master_deck":["Limit Break+1","Strike_R","Strike_R","Strike_R","Defend_R","Defend_R","Defend_R","Defend_R","Bash","Demonic Infusion","Demonic Infusion","Demonic Infusion","Demonic Infusion+1","Thunderclap","ReplayTheSpireMod:Faulty Equipment","Flex","Discovery","Flex","ReplayTheSpireMod:Stacked","Thunderclap","Juggernaut+1","Violence","Gash+1","All Out Attack+1","Jack Of All Trades+1","Conserve Battery","Cloak And Dagger","Dramatic Entrance","PiercingWail+1","RitualDagger","Impervious","FollowUp","Inflame+1","EmptyFist+1","Rage+1","Metallicize+1"],"relics":["Burning Blood","ReplayTheSpireMod:Ring of Exchange","Ring of Fury","Boot","Blood Vial","PreservedInsect","ReplayTheSpireMod:Shallot","Thread and Needle","PrismaticShard","Tiny Chest","Empty Cage","Replay:Mystery Machine","Red Skull","Mango","SacredBark","ReplayFunnel","hubris:Icosahedron","Strawberry","ReplayTheSpireMod:Lightbulb","Pantograph","HornCleat"],"acts_visited":["Exordium","TheCity","TheBeyond"],"potions_floor_usage":[48,50,50],"damage_taken":[{"damage":6.0,"enemies":"Cultist","floor":1.0,"turns":4.0},{"damage":2.0,"enemies":"Jaw Worm","floor":4.0,"turns":3.0},{"damage":21.0,"enemies":"3 Sentries","floor":7.0,"turns":8.0},{"damage":10.0,"enemies":"Small Slimes","floor":8.0,"turns":5.0},{"damage":15.0,"enemies":"Lagavulin","floor":11.0,"turns":4.0},{"damage":2.0,"enemies":"Exordium Wildlife","floor":12.0,"turns":5.0},{"damage":3.0,"enemies":"Replay:BlueRogue","floor":14.0,"turns":3.0},{"damage":27.0,"enemies":"Slime Boss","floor":16.0,"turns":5.0},{"damage":6.0,"enemies":"3 Byrds","floor":18.0,"turns":4.0},{"damage":0.0,"enemies":"Shell Parasite","floor":21.0,"turns":6.0},{"damage":8.0,"enemies":"Cultist and Chosen","floor":22.0,"turns":7.0},{"damage":6.0,"enemies":"Book of Stabbing","floor":23.0,"turns":4.0},{"damage":33.0,"enemies":"Sentry and Sphere","floor":24.0,"turns":6.0},{"damage":7.0,"enemies":"Chosen and Byrds","floor":27.0,"turns":5.0},{"damage":12.0,"enemies":"Snake Plant","floor":28.0,"turns":6.0},{"damage":14.0,"enemies":"Snecko","floor":29.0,"turns":7.0},{"damage":59.0,"enemies":"Automaton","floor":33.0,"turns":10.0},{"damage":16.0,"enemies":"3 Shapes","floor":35.0,"turns":5.0},{"damage":0.0,"enemies":"3 Darklings","floor":36.0,"turns":2.0},{"damage":0.0,"enemies":"4 Shapes","floor":42.0,"turns":4.0},{"damage":18.0,"enemies":"Maw","floor":45.0,"turns":7.0},{"damage":10.0,"enemies":"Nemesis","floor":46.0,"turns":7.0},{"damage":0,"enemies":"Spire Growth","floor":48,"turns":7},{"damage":66,"enemies":"Awakened One","floor":50,"turns":9}],"seed_played":"-828330817948855686","potions_obtained":[{"floor":4.0,"key":"SkillPotion"},{"floor":8.0,"key":"Weak Potion"},{"floor":11.0,"key":"EntropicBrew"},{"floor":18.0,"key":"BlessingOfTheForge"},{"floor":23.0,"key":"Fire Potion"},{"floor":24.0,"key":"Regen Potion"},{"floor":42.0,"key":"Explosive Potion"},{"floor":46.0,"key":"SkillPotion"}],"is_trial":false,"path_per_floor":["M","?","?","M","?","R","E","M","T","R","E","M","$","E","R","B",null,"M","?","?","M","M","E","M","R","T","M","M","M","?","$","R","B",null,"M","M","T","?","?","R","$","M","T","T","M","E","$","M","R","B"],"character_chosen":"IRONCLAD","items_purchased":["Thread and Needle","PrismaticShard","Mango","Strawberry","Metallicize"],"campfire_rested":3,"item_purchase_floors":[13,13,31,41,47],"current_hp_per_floor":[78,77,76,75,74,73,58,56,56,69,60,66,66,65,64,43,62,61,60,59,58,56,56,29,45,45,46,42,36,30,44,61,8,59,49,57,56,55,54,53,59,58,57,56,44,42,42,50,50,0,0],"gold":119,"neow_bonus":"","is_daily":true,"chose_seed":false,"campfire_upgraded":4,"win_rate":0.0,"timestamp":1611975331,"path_taken":["M","?","?","?","?","R","E","?","T","R","E","M","?","E","R","BOSS","M","?","?","M","M","E","M","R","T","M","M","M","?","$","R","BOSS","M","M","?","?","?","R","$","?","T","?","M","E","$","M","R","BOSS"],"items_purchased_type":["Relic","Relic","Relic","Relic","Card"],"build_version":"2020-12-22","purchased_purges":0,"victory":false,"max_hp_per_floor":[78,77,76,75,74,73,72,71,70,69,68,67,66,65,64,63,62,61,60,59,58,57,56,55,54,53,52,51,50,49,62,61,60,59,58,57,56,55,54,53,59,58,57,56,55,54,53,52,51,51,51],"card_choices":[{"not_picked":["Fire Breathing","Body Slam"],"picked":"Thunderclap","floor":1.0},{"not_picked":["Rupture","Body Slam"],"picked":"Flex","floor":4.0},{"not_picked":["Flex","ReplayTheSpireMod:Stacked"],"picked":"Discovery","floor":7.0},{"not_picked":["hubris:Ssssneak","Thunderclap"],"picked":"Flex","floor":8.0},{"not_picked":["Sever Soul","True Grit"],"picked":"ReplayTheSpireMod:Stacked","floor":11.0},{"not_picked":["True Grit","ReplayTheSpireMod:Strike From Hell"],"picked":"Thunderclap","floor":12.0},{"not_picked":["Burning Pact","TheCursedMod:Wield"],"picked":"Juggernaut","floor":14.0},{"not_picked":["TheCursedMod:ForbiddenAlchemy","Night Terror"],"picked":"Violence","floor":16.0},{"not_picked":["hubris:Insight","Hologram","Setup"],"picked":"SKIP","floor":18.0},{"not_picked":["ReplayTheSpireMod:Strike From Hell+1","Warcry"],"picked":"Gash+1","floor":21.0},{"not_picked":["Abandon+1","Sweeping Beam"],"picked":"All Out Attack+1","floor":22.0},{"not_picked":["Deadly Poison","Aggregate"],"picked":"Jack Of All Trades","floor":23.0},{"not_picked":["ReplayTheSpireMod:GoodbyeWorld","Darkness"],"picked":"Conserve Battery","floor":24.0},{"not_picked":["Hello World","Beam Cell"],"picked":"Cloak And Dagger","floor":27.0},{"not_picked":["Heavy Blade","Hologram"],"picked":"Dramatic Entrance","floor":28.0},{"not_picked":["Armaments","Iron Wave"],"picked":"PiercingWail+1","floor":29.0},{"not_picked":["Atom Bomb","Chrysalis"],"picked":"Impervious","floor":33.0},{"not_picked":["Replay:Parry","ReplayTheSpireMod:Strike From Hell+1"],"picked":"FollowUp","floor":35.0},{"not_picked":["Thunderclap","Defy Death+1"],"picked":"Inflame+1","floor":36.0},{"not_picked":["TheCursedMod:Grudge","Steam Power","Warcry+1"],"picked":"SKIP","floor":42.0},{"not_picked":["Havoc+1","PathToVictory+1"],"picked":"EmptyFist+1","floor":45.0},{"not_picked":["Bane+1","Conserve Battery"],"picked":"Rage+1","floor":46.0},{"not_picked":["BasicCrystalCard+1","Catalyst+1","Iron Wave"],"picked":"SKIP","floor":48}],"player_experience":2815021,"relics_obtained":[{"floor":2.0,"key":"ReplayTheSpireMod:Ring of Exchange"},{"floor":2.0,"key":"Ring of Fury"},{"floor":7.0,"key":"Blood Vial"},{"floor":9.0,"key":"PreservedInsect"},{"floor":11.0,"key":"ReplayTheSpireMod:Shallot"},{"floor":14.0,"key":"Tiny Chest"},{"floor":23.0,"key":"Replay:Mystery Machine"},{"floor":26.0,"key":"Red Skull"},{"floor":37.0,"key":"ReplayFunnel"},{"floor":43.0,"key":"ReplayTheSpireMod:Lightbulb"},{"floor":44.0,"key":"Pantograph"},{"floor":46.0,"key":"HornCleat"}],"event_choices":[{"cards_removed":["Demonic Infusion"],"damage_healed":0.0,"max_hp_gain":0.0,"max_hp_loss":0.0,"gold_gain":0.0,"event_name":"WeMeetAgain","player_choice":"Gave Card","floor":3.0,"gold_loss":0.0,"damage_taken":0.0,"relics_obtained":["Boot"]},{"damage_healed":0.0,"max_hp_gain":0.0,"max_hp_loss":0.0,"gold_gain":275.0,"event_name":"Golden Shrine","player_choice":"Desecrate","floor":5.0,"gold_loss":0.0,"damage_taken":0.0,"cards_obtained":["Regret"]},{"damage_healed":0.0,"max_hp_gain":0.0,"max_hp_loss":0.0,"gold_gain":0.0,"event_name":"Cursed Tome","player_choice":"Ignored","floor":19.0,"gold_loss":0.0,"damage_taken":0.0},{"damage_healed":0.0,"max_hp_gain":0.0,"max_hp_loss":0.0,"gold_gain":0.0,"event_name":"Beggar","player_choice":"Ignored","floor":20.0,"gold_loss":0.0,"damage_taken":0.0},{"damage_healed":0.0,"max_hp_gain":0.0,"max_hp_loss":0.0,"gold_gain":0.0,"event_name":"Nest","player_choice":"Joined the Cult","floor":30.0,"gold_loss":0.0,"damage_taken":6.0,"cards_obtained":["RitualDagger"]},{"cards_removed":["Strike_R"],"damage_healed":0.0,"max_hp_gain":0.0,"max_hp_loss":0.0,"gold_gain":0.0,"event_name":"Falling","player_choice":"Removed Attack","floor":39.0,"gold_loss":0.0,"damage_taken":0.0}],"is_beta":false,"boss_relics":[{"not_picked":["OrangePellets","Sozu"],"picked":"Empty Cage"},{"not_picked":["Honey Jar","Fusion Hammer"],"picked":"SacredBark"}],"items_purged_floors":[],"is_endless":false,"potions_floor_spawned":[4,8,11,12,18,23,24,29,42,46],"killed_by":"Awakened One","ascension_level":0}}