{"host":"ijtyqc57s6c9mbij","time":1611994404,"event":{"mods":["BaseMod","Colored Map","Downfall","Minty Spire (QoL Compilation)","StSLib"],"gold_per_floor":[99,110,110,124,124,34,334,334,334,71,88,88,88,121,131,228,228,128,139,152,252,102,102,155,175,195,95,95,114,125,155,168,266,266,166,183,197,197,197,197,197,197,210,210,229,246,246,265,281,281,281,314,36,36,36,36],"floor_reached":57,"language":"ENG","playtime":5499,"items_purged":["downfall:Aged","downfall:Malfunctioning","Parasite"],"score":1270,"play_id":"8d30617e-06d2-4074-bb9b-4d509b036a54","local_time":"20210130001324","is_ascension_mode":true,"campfire_choices":[{"data":"sneckomod:TailWhip","floor":1,"key":"SMITH"},{"floor":8,"key":"RECALL"},{"floor":27,"key":"REST"},{"floor":47,"key":"REST"},{"floor":54,"key":"REST"}],"circlet_count":0,"master_deck":["sneckomod:Strike","sneckomod:Strike+1","sneckomod:Strike","sneckomod:Defend","sneckomod:Defend","sneckomod:Defend","sneckomod:TailWhip+1","sneckomod:SnekBite","sneckomod:Unknown","sneckomod:QuickBite","sneckomod:UnknownDexterity","sneckomod:Unknown2Cost","sneckomod:UnknownX","sneckomod:UnknownRarePower+1","Shrug It Off+1","sneckomod:PureSnecko","sneckomod:IronFang+1","sneckomod:UnknownRareSkill","Offering+1","sneckomod:Nope+1","Ghostly","Shockwave+1","sneckomod:UnknownUncommonAttack+1","sneckomod:TrashToTreasure+1","RitualDagger+1","sneckomod:QuickBite+1","sneckomod:MixItUp+1","sneckomod:MasterEye+1","sneckomod:UnknownBoss","Demon Form+1","sneckomod:Rotation+1","sneckomod:UnknownColorless+1","champ:GladiatorStyle","sneckomod:UnknownX","expansioncontent:Chronoboost","expansioncontent:YouAreMine","expansioncontent:PrepareCrush","sneckomod:UnknownClassTHE_CHAMP_GRAY","sneckomod:SnekBeam+1","sneckomod:Unknown3Cost","sneckomod:UnendingSupply+1","sneckomod:SlitherStrike+1","sneckomod:UnknownUncommonPower","sneckomod:UnknownDraw+1","sneckomod:SlitherStrike+1","sneckomod:UnknownDraw","champ:GladiatorForm"],"relics":["sneckomod:SneckoSoul","Old Coin","Molten Egg 2","Snecko Eye","downfall:HeartBlessingRed","Lizard Tail","Darkstone Periapt","downfall:HeartBlessingBlue","Letter Opener","SlaversCollar","downfall:HeartBlessingGreen","White Beast Statue","sneckomod:ConfusingCodex","Orrery"],"acts_visited":["Exordium","TheCity","TheBeyond","TheEnding"],"potions_floor_usage":[26,32,32,33,48,49,49,50,50,55],"damage_taken":[{"damage":10,"enemies":"2 Louse","floor":2,"turns":2},{"damage":1,"enemies":"Jaw Worm","floor":4,"turns":4},{"damage":5,"enemies":"downfall:FleeingMerchant","floor":6,"turns":4},{"damage":0,"enemies":"Cultist","floor":9,"turns":1},{"damage":5,"enemies":"downfall:FleeingMerchant","floor":10,"turns":4},{"damage":8,"enemies":"3 Louse","floor":11,"turns":4},{"damage":22,"enemies":"Lagavulin","floor":14,"turns":7},{"damage":6,"enemies":"2 Fungi Beasts","floor":15,"turns":3},{"damage":41,"enemies":"DF_ARCHETYPE_STREAMLINE","floor":16,"turns":7},{"damage":8,"enemies":"3 Byrds","floor":19,"turns":3},{"damage":6,"enemies":"Snecko","floor":20,"turns":3},{"damage":32,"enemies":"Colosseum Nobs","floor":21,"turns":4},{"damage":19,"enemies":"Snake Plant","floor":25,"turns":4},{"damage":16,"enemies":"Cultist and Chosen","floor":26,"turns":4},{"damage":6,"enemies":"Snecko","floor":29,"turns":2},{"damage":6,"enemies":"Snake Plant","floor":30,"turns":2},{"damage":1,"enemies":"Gremlin Leader","floor":31,"turns":5},{"damage":6,"enemies":"Shelled Parasite and Fungi","floor":32,"turns":2},{"damage":30,"enemies":"SI_MIRROR_ARCHETYPE","floor":33,"turns":5},{"damage":6,"enemies":"3 Shapes","floor":36,"turns":3},{"damage":11,"enemies":"Orb Walker","floor":37,"turns":1},{"damage":19,"enemies":"Writhing Mass","floor":43,"turns":7},{"damage":16,"enemies":"Jaw Worm Horde","floor":45,"turns":5},{"damage":23,"enemies":"3 Darklings","floor":46,"turns":4},{"damage":1,"enemies":"Maw","floor":48,"turns":6},{"damage":20,"enemies":"Writhing Mass","floor":49,"turns":3},{"damage":28,"enemies":"IC_BLOCK_ARCHETYPE","floor":50,"turns":7},{"damage":65,"enemies":"downfall:CharBossMerchant","floor":52,"turns":7},{"damage":59,"enemies":"downfall:NeowBoss","floor":55,"turns":14},{"damage":62,"enemies":"downfall:NeowBossFinal","floor":56,"turns":9}],"seed_played":"-8848673828975598978","potions_obtained":[{"floor":11,"key":"sneckomod:OffclassReductionPotion"},{"floor":14,"key":"Dexterity Potion"},{"floor":15,"key":"sneckomod:CheatPotion"},{"floor":16,"key":"Dexterity Potion"},{"floor":25,"key":"sneckomod:MuddlingPotion"},{"floor":28,"key":"CultistPotion"},{"floor":30,"key":"sneckomod:MuddlingPotion"},{"floor":43,"key":"SteroidPotion"},{"floor":45,"key":"champ:CounterPotion"},{"floor":46,"key":"GamblersBrew"},{"floor":48,"key":"PowerPotion"},{"floor":49,"key":"Block Potion"},{"floor":52,"key":"AttackPotion"}],"is_trial":false,"path_per_floor":["R","M","?","M","?","$","T","R","M","$","M","?","R","E","M","B",null,"R","M","M","?","?","R","T","M","M","R","?","M","M","E","M","B",null,"R","M","M","?","?","?","T","R","M","?","M","M","R","M","M","B",null,"E","$","R","B","B",null],"character_chosen":"THE_SNECKO","items_purchased":["sneckomod:UnknownRarePower","Orrery"],"campfire_rested":3,"item_purchase_floors":[10,53],"current_hp_per_floor":[108,98,98,97,97,92,92,92,92,87,79,79,79,57,51,10,108,108,100,94,62,62,62,62,43,27,72,72,66,60,59,53,28,118,118,112,106,106,106,106,106,106,93,83,67,44,81,80,60,32,124,59,59,95,36,34],"gold":36,"neow_bonus":"TWENTY_PERCENT_HP_BONUS","is_daily":false,"chose_seed":false,"campfire_upgraded":1,"win_rate":0.0,"timestamp":1611994404,"path_taken":["R","M","?","M","?","$","T","R","M","$","M","?","R","E","M","BOSS","R","M","?","?","?","R","T","?","M","R","?","M","M","E","M","BOSS","R","M","M","?","?","?","T","R","M","?","M","M","R","M","M","BOSS","E","$","R","BOSS","BOSS"],"items_purchased_type":["Card","Relic"],"build_version":"2020-12-22","purchased_purges":3,"victory":true,"max_hp_per_floor":[108,108,108,108,108,108,108,108,108,108,108,108,108,108,108,108,108,108,108,108,108,108,108,108,108,108,118,118,118,118,118,118,118,118,118,118,118,118,118,118,118,118,124,124,124,124,124,124,124,124,124,124,121,121,121,121],"card_choices":[{"not_picked":["sneckomod:UnknownCommonSkill","sneckomod:DiceCrush"],"picked":"sneckomod:QuickBite","floor":2},{"not_picked":["sneckomod:WideSting","sneckomod:QuickBite"],"picked":"sneckomod:UnknownDraw","floor":4},{"not_picked":["sneckomod:Unknown0Cost","sneckomod:UnlimitedRolls"],"picked":"sneckomod:UnknownDexterity","floor":6},{"not_picked":["sneckomod:RainOfDice","sneckomod:MixItUp"],"picked":"sneckomod:Unknown2Cost","floor":9},{"not_picked":["sneckomod:SoulRoll","sneckomod:Nope"],"picked":"sneckomod:UnknownX","floor":10},{"not_picked":["sneckomod:UnknownCommonAttack","sneckomod:WideSting"],"picked":"sneckomod:ImprovisedAttack","floor":11},{"not_picked":["sneckomod:SerpentMind","sneckomod:SoulRoll"],"picked":"sneckomod:PureSnecko","floor":14},{"not_picked":["sneckomod:UnknownCommonAttack+1","sneckomod:SoulDraw"],"picked":"sneckomod:IronFang+1","floor":15},{"not_picked":["sneckomod:Transmogrify","sneckomod:SoulExchange"],"picked":"sneckomod:UnknownRareSkill","floor":16},{"not_picked":["sneckomod:UnknownCommonSkill","sneckomod:Unknown1Cost"],"picked":"sneckomod:UnknownStrength","floor":19},{"not_picked":["sneckomod:UnknownUncommonAttack+1","sneckomod:DiceCrush+1"],"picked":"sneckomod:Nope+1","floor":20},{"not_picked":["sneckomod:UnknownCommonAttack+1","sneckomod:UnknownCommonSkill"],"picked":"sneckomod:UnknownVulnerable+1","floor":21},{"not_picked":["sneckomod:QuickMove","sneckomod:UnknownCommonSkill"],"picked":"sneckomod:UnknownUncommonAttack+1","floor":25},{"not_picked":["sneckomod:UnknownCommonSkill","sneckomod:Mudshield"],"picked":"sneckomod:TrashToTreasure+1","floor":26},{"not_picked":["sneckomod:QuickBite+1","sneckomod:RainOfDice+1"],"picked":"sneckomod:UnknownClassRED+1","floor":29},{"not_picked":["sneckomod:DiceBoulder+1","sneckomod:DiceCrush+1"],"picked":"sneckomod:QuickBite+1","floor":30},{"not_picked":["sneckomod:SoulRoll","sneckomod:Unknown0Cost+1"],"picked":"sneckomod:MixItUp+1","floor":31},{"not_picked":["sneckomod:Unknown1Cost","sneckomod:UnendingSupply"],"picked":"sneckomod:MasterEye+1","floor":32},{"not_picked":["sneckomod:GlitteringGambit","sneckomod:Mudshield"],"picked":"sneckomod:UnknownBoss","floor":33},{"not_picked":["sneckomod:UnknownVulnerable","sneckomod:UnknownDraw"],"picked":"sneckomod:Rotation+1","floor":36},{"not_picked":["sneckomod:UnknownDraw+1","sneckomod:MixItUp+1"],"picked":"sneckomod:UnknownColorless+1","floor":37},{"not_picked":["sneckomod:SoulRoll+1","sneckomod:QuickBite+1"],"picked":"sneckomod:UnknownX","floor":43},{"not_picked":["expansioncontent:GuardianWhirl","expansioncontent:PrepareCrush"],"picked":"expansioncontent:Chronoboost","floor":44},{"not_picked":["expansioncontent:PolyBeam","expansioncontent:GuardianWhirl"],"picked":"expansioncontent:YouAreMine","floor":44},{"not_picked":["expansioncontent:PolyBeam","expansioncontent:YouAreMine"],"picked":"expansioncontent:PrepareCrush","floor":44},{"not_picked":["sneckomod:UnknownCommonAttack+1","sneckomod:QuickBite+1"],"picked":"sneckomod:UnknownClassTHE_CHAMP_GRAY","floor":45},{"not_picked":["sneckomod:UnknownX","sneckomod:UnknownClassRED+1"],"picked":"sneckomod:SnekBeam+1","floor":46},{"not_picked":["sneckomod:UnknownCommonAttack+1","sneckomod:Rotation"],"picked":"sneckomod:Unknown3Cost","floor":48},{"not_picked":["sneckomod:MixItUp+1","sneckomod:DiceBlock"],"picked":"sneckomod:UnendingSupply+1","floor":49},{"not_picked":["sneckomod:DiceBlock+1","sneckomod:Memorize"],"picked":"sneckomod:SlitherStrike+1","floor":52},{"not_picked":["sneckomod:DiceBlock","sneckomod:Memorize"],"picked":"sneckomod:UnknownRarePower","floor":53},{"not_picked":["sneckomod:Unknown1Cost","sneckomod:WideSting+1"],"picked":"sneckomod:UnknownUncommonPower","floor":53},{"not_picked":["sneckomod:MasterEye","sneckomod:UnknownBlock"],"picked":"sneckomod:UnknownDraw+1","floor":53},{"not_picked":["sneckomod:DefensiveFlair+1","sneckomod:ImprovisedGuard+1"],"picked":"sneckomod:SlitherStrike+1","floor":53},{"not_picked":["sneckomod:Transmogrify","sneckomod:MixItUp+1"],"picked":"sneckomod:UnknownDraw","floor":53}],"player_experience":903848,"relics_obtained":[{"floor":7,"key":"Old Coin"},{"floor":14,"key":"Molten Egg 2"},{"floor":21,"key":"Lizard Tail"},{"floor":21,"key":"Darkstone Periapt"},{"floor":31,"key":"Letter Opener"},{"floor":41,"key":"White Beast Statue"},{"floor":52,"key":"sneckomod:ConfusingCodex"}],"event_choices":[{"cards_removed":["sneckomod:ImprovisedAttack"],"damage_healed":0,"gold_gain":0,"player_choice":"Removed Attack","damage_taken":0,"max_hp_gain":0,"max_hp_loss":0,"event_name":"Falling","floor":39,"gold_loss":0},{"damage_healed":0,"gold_gain":0,"player_choice":"Ignored","damage_taken":0,"max_hp_gain":0,"max_hp_loss":0,"event_name":"Mysterious Sphere","floor":40,"gold_loss":0}],"is_beta":false,"boss_relics":[{"not_picked":["Runic Dome","Velvet Choker"],"picked":"Snecko Eye"},{"not_picked":["Sozu","SacredBark"],"picked":"SlaversCollar"}],"items_purged_floors":[6,10,53],"is_endless":false,"potions_floor_spawned":[11,14,15,16,19,21,25,30,43,45,46,48,49,52],"ascension_level":1}}