{"host":"laht7omblfcukqgz","time":1611995894,"event":{"mods":["Act Like it!","Astrologer","BaseMod","Beaked The Cultist","Colored Map","Colored Powertips","Gensokyo","GifTheSpireLib","HololiveMod","KinomotoSakuraMod(ñÿîVñ{?)","MarisaÅiñ∂âJÅ@ñÇóùçπÅj","Minty Spire (QoL Compilation)","Prisma Mod","StSLib","The Cursed"],"gold_per_floor":[117,78,78,94,24,24,24,24,24,24,37,48,48,68,68,163,163,179,179,139,17,29,29,39,39,39],"floor_reached":25,"language":"JPN","playtime":1879,"items_purged":[],"score":216,"play_id":"11f85aa9-3631-46a0-8008-a2ca97fba918","local_time":"20210130173814","is_ascension_mode":false,"campfire_choices":[{"data":"ClowCardTheVoice","floor":6,"key":"SMITH"},{"data":"ClowCardTheShot","floor":10,"key":"SMITH"},{"data":"ClowCardTheJump","floor":13,"key":"SMITH"},{"data":"ClowCardTheEarthy","floor":15,"key":"SMITH"},{"floor":23,"key":"REST"}],"circlet_count":0,"master_deck":["SakuraCardTheEarthy+","ClowCardTheSword","ClowCardTheSword","ClowCardTheSword","ClowCardTheSword","ClowCardTheShield","ClowCardTheShield","ClowCardTheShield","ClowCardTheShield","SpellCardSeal","SpellCardRelease","ClowCardTheShot+1","ClowCardTheVoice+1","Clumsy","ClowCardTheSand","ClowCardTheJump+1","ClowCardTheLight","ClowCardTheFirey+1","Gensokyo:FourOfAKind","Gensokyo:FourOfAKind","Gensokyo:FourOfAKind","Gensokyo:FourOfAKind","ClowCardTheLock","ClowCardTheFloat","ClowCardTheStorm","ClowCardTheSilent+1"],"relics":["KSMOD_SealedBook","KSMOD_StarWand","Gensokyo:OccultBall","Strawberry","Gensokyo:NagashiBinaDoll","HornCleat"],"acts_visited":["Exordium","Gensokyo:Gensokyo"],"potions_floor_usage":[16,16],"damage_taken":[{"damage":6,"enemies":"Gensokyo:Gryphon","floor":1,"turns":4},{"damage":0,"enemies":"Gensokyo:Python","floor":4,"turns":2},{"damage":0,"enemies":"Gensokyo:3_Fairies","floor":11,"turns":3},{"damage":3,"enemies":"Gensokyo:3_Kodama","floor":12,"turns":2},{"damage":12,"enemies":"Gensokyo:Kitsune","floor":14,"turns":2},{"damage":29,"enemies":"Gensokyo:Yukari","floor":16,"turns":7},{"damage":36,"enemies":"Gensokyo:2_Gloops","floor":18,"turns":7},{"damage":24,"enemies":"Gensokyo:Chomper","floor":22,"turns":5},{"damage":24,"enemies":"Gensokyo:Slime_Group","floor":24,"turns":7},{"damage":21,"enemies":"Gensokyo:Mirror_and_Dog","floor":25,"turns":4}],"seed_played":"7980030211564803006","potions_obtained":[{"floor":4,"key":"Strength Potion"},{"floor":12,"key":"DistilledChaos"},{"floor":14,"key":"SkillPotion"},{"floor":18,"key":"Dexterity Potion"}],"is_trial":false,"path_per_floor":["M","$","?","M","?","R","?","$","T","R","M","M","R","M","R","B",null,"M","?","?","$","M","R","M","M"],"character_chosen":"KINOMOTOSAKURA","items_purchased":["ClowCardTheWatery","ClowCardTheLock","ClowCardTheFloat"],"campfire_rested":1,"item_purchase_floors":[2,21,21],"current_hp_per_floor":[71,71,71,71,78,78,78,78,78,78,78,75,75,63,63,34,84,48,48,48,48,24,41,17,0,0],"gold":39,"neow_bonus":"TEN_PERCENT_HP_BONUS","is_daily":false,"chose_seed":false,"campfire_upgraded":4,"win_rate":0.0,"timestamp":1611995894,"path_taken":["M","$","?","?","?","R","?","?","T","R","?","M","R","M","R","BOSS","M","?","?","?","M","R","M","M"],"items_purchased_type":["Card","Card","Card"],"build_version":"2020-12-22","purchased_purges":0,"victory":false,"max_hp_per_floor":[77,77,77,77,84,84,84,84,84,84,84,84,84,84,84,84,84,84,59,59,59,59,59,59,59,59],"card_choices":[{"not_picked":["ClowCardTheDream","ClowCardTheArrow"],"picked":"ClowCardTheShot","floor":1},{"not_picked":["ClowCardTheMaze","ClowCardTheShot"],"picked":"ClowCardTheVoice","floor":4},{"not_picked":["ClowCardTheSnow","ClowCardThePower"],"picked":"ClowCardTheSand","floor":11},{"not_picked":["ClowCardTheSong","ClowCardTheErase"],"picked":"ClowCardTheJump","floor":12},{"not_picked":["ClowCardTheFirey","ClowCardThePower"],"picked":"ClowCardTheEarthy","floor":14},{"not_picked":["ClowCardTheDash","ClowCardTheDark"],"picked":"ClowCardTheLight","floor":16},{"not_picked":["ClowCardTheChange","ClowCardTheDream"],"picked":"ClowCardTheFirey","floor":18},{"not_picked":["ClowCardTheErase","ClowCardTheLock"],"picked":"ClowCardTheStorm","floor":22},{"not_picked":["ClowCardTheShadow","ClowCardTheLoop"],"picked":"ClowCardTheSilent+1","floor":24}],"player_experience":105434,"relics_obtained":[{"floor":9,"key":"HornCleat"},{"floor":16,"key":"Gensokyo:OccultBall"},{"floor":24,"key":"Gensokyo:OccultBall"}],"event_choices":[],"is_beta":false,"boss_relics":[{"not_picked":["KSMOD_DarknessWand","Snecko Eye"],"picked":"KSMOD_StarWand"}],"items_purged_floors":[],"is_endless":false,"potions_floor_spawned":[4,12,14,18],"killed_by":"Gensokyo:Mirror_and_Dog","ascension_level":0}}