{"host":"syozzdlzcqop4jia","time":1611979300,"event":{"mods":["BaseMod","Colored Map","Colored Powertips","Minty Spire (QoL Compilation)","Quick Restart"],"gold_per_floor":[112,130,144,144,156,156,30,8,31,63,109,138,162,189,201,309,321,333,333],"floor_reached":18,"language":"ENG","playtime":1216,"items_purged":["Strike_R"],"score":191,"play_id":"f3ffa829-99f0-43d9-a89b-fbc936637ccf","local_time":"20210130050140","is_ascension_mode":true,"campfire_choices":[{"data":"Shrug It Off","floor":6,"key":"SMITH"},{"floor":15,"key":"REST"}],"circlet_count":0,"master_deck":["Strike_R","Strike_R","Strike_R+1","Strike_R","Defend_R","Defend_R","Defend_R+1","Defend_R","Bash","Twin Strike","Shrug It Off+1","Ghostly Armor","Metallicize","Pommel Strike","Bludgeon","Carnage","Cleave","Armaments","Anger","Feed","CurseOfTheBell"],"relics":["Burning Blood","Toy Ornithopter","MawBank","Anchor","Calling Bell","Orichalcum","Molten Egg 2","Calipers"],"acts_visited":["Exordium","TheCity"],"potions_floor_usage":[18],"damage_taken":[{"damage":0,"enemies":"2 Louse","floor":1,"turns":2},{"damage":8,"enemies":"Small Slimes","floor":2,"turns":3},{"damage":6,"enemies":"Cultist","floor":3,"turns":4},{"damage":4,"enemies":"Looter","floor":5,"turns":3},{"damage":12,"enemies":"Exordium Wildlife","floor":10,"turns":4},{"damage":17,"enemies":"3 Sentries","floor":11,"turns":7},{"damage":0,"enemies":"Blue Slaver","floor":12,"turns":3},{"damage":11,"enemies":"3 Louse","floor":13,"turns":3},{"damage":10,"enemies":"2 Fungi Beasts","floor":14,"turns":3},{"damage":65,"enemies":"The Guardian","floor":16,"turns":11},{"damage":36,"enemies":"3 Byrds","floor":18,"turns":7}],"seed_played":"3642822964071760951","potions_obtained":[{"floor":2,"key":"SneckoOil"},{"floor":10,"key":"Swift Potion"},{"floor":12,"key":"BlessingOfTheForge"}],"is_trial":false,"path_per_floor":["M","M","M","?","M","R","$","?","T","M","E","M","M","M","R","B",null,"M"],"character_chosen":"IRONCLAD","items_purchased":["Pommel Strike"],"campfire_rested":1,"item_purchase_floors":[7],"current_hp_per_floor":[80,78,78,62,64,64,64,64,64,58,47,53,48,44,68,9,80,44,44],"gold":333,"neow_bonus":"RANDOM_COMMON_RELIC","is_daily":false,"chose_seed":false,"campfire_upgraded":1,"win_rate":0.0,"timestamp":1611979300,"path_taken":["M","M","M","?","M","R","$","?","T","M","E","M","M","M","R","BOSS","M"],"items_purchased_type":["Card"],"build_version":"2020-12-22","purchased_purges":1,"victory":false,"max_hp_per_floor":[80,80,80,80,80,80,80,80,80,80,80,80,80,80,80,80,80,80,80],"card_choices":[{"not_picked":["Sword Boomerang","Evolve"],"picked":"Twin Strike","floor":1},{"not_picked":["Body Slam","Spot Weakness"],"picked":"Shrug It Off","floor":2},{"not_picked":["Rage","Feel No Pain"],"picked":"Ghostly Armor","floor":3},{"not_picked":["Shockwave","Havoc"],"picked":"Metallicize","floor":5},{"not_picked":["Whirlwind","True Grit"],"picked":"Bludgeon","floor":10},{"not_picked":["Havoc","Seeing Red"],"picked":"Carnage","floor":11},{"not_picked":["Blood for Blood","Thunderclap"],"picked":"Cleave","floor":12},{"not_picked":["Spot Weakness","Warcry"],"picked":"Armaments","floor":13},{"not_picked":["Havoc","Spot Weakness"],"picked":"Anger","floor":14},{"not_picked":["Limit Break","Impervious"],"picked":"Feed","floor":16}],"player_experience":434288,"relics_obtained":[{"floor":9,"key":"MawBank"},{"floor":11,"key":"Anchor"},{"floor":17,"key":"Orichalcum"},{"floor":17,"key":"Molten Egg 2"},{"floor":17,"key":"Calipers"}],"event_choices":[{"damage_healed":0,"gold_gain":0,"player_choice":"Entered Light","damage_taken":16,"max_hp_gain":0,"max_hp_loss":0,"event_name":"Shining Light","floor":4,"gold_loss":0,"cards_upgraded":["Defend_R","Strike_R"]},{"damage_healed":0,"gold_gain":0,"player_choice":"Left Gold","damage_taken":0,"max_hp_gain":0,"max_hp_loss":0,"event_name":"World of Goop","floor":8,"gold_loss":22}],"is_beta":false,"boss_relics":[{"not_picked":["Runic Dome","Astrolabe"],"picked":"Calling Bell"}],"items_purged_floors":[7],"is_endless":false,"potions_floor_spawned":[2,10,12,13,14],"killed_by":"3 Byrds","ascension_level":3}}