{"host":"15dd7v8o90xso62x","time":1611988867,"event":{"mods":["BaseMod","Minty Spire (QoL Compilation)","Quick Restart","StSLib","SuperFastMode"],"gold_per_floor":[118,43,55,69,69,69,103,103,103,103,3,19,31,50,50,50,50],"floor_reached":16,"language":"KOR","playtime":361,"items_purged":["Defend_G","Strike_G"],"score":204,"play_id":"9269deb7-0989-471d-942b-fec4f34c84a4","local_time":"20210130154107","is_ascension_mode":true,"campfire_choices":[{"data":"Acrobatics","floor":6,"key":"SMITH"},{"data":"Blade Dance","floor":10,"key":"SMITH"},{"floor":15,"key":"REST"}],"circlet_count":0,"master_deck":["AscendersBane","Strike_G","Strike_G","Strike_G","Strike_G","Defend_G","Defend_G","Defend_G","Defend_G","Survivor","Neutralize","Acrobatics+1","Escape Plan","Footwork","Blade Dance+1","Blade Dance","Grand Finale"],"relics":["Ring of the Snake","NeowsBlessing","Shuriken","Potion Belt","Singing Bowl"],"acts_visited":["Exordium"],"potions_floor_usage":[7,13],"damage_taken":[{"damage":0,"enemies":"Cultist","floor":1,"turns":1},{"damage":0,"enemies":"Small Slimes","floor":3,"turns":1},{"damage":0,"enemies":"Jaw Worm","floor":4,"turns":1},{"damage":35,"enemies":"3 Sentries","floor":7,"turns":12},{"damage":18,"enemies":"Exordium Wildlife","floor":12,"turns":3},{"damage":0,"enemies":"Lots of Slimes","floor":13,"turns":3},{"damage":0,"enemies":"Red Slaver","floor":14,"turns":3},{"damage":0,"enemies":"Slime Boss","floor":16,"turns":3}],"seed_played":"8690355821679441308","potions_obtained":[{"floor":4,"key":"CultistPotion"},{"floor":12,"key":"Energy Potion"}],"is_trial":false,"path_per_floor":["M","$","M","M","?","R","E","?","T","R","$","M","M","M","R","B"],"character_chosen":"THE_SILENT","items_purchased":[],"campfire_rested":1,"item_purchase_floors":[],"current_hp_per_floor":[59,59,59,59,64,64,29,24,24,24,24,6,6,8,29,29,29],"gold":50,"neow_bonus":"THREE_ENEMY_KILL","is_daily":false,"chose_seed":false,"campfire_upgraded":2,"win_rate":0.0,"timestamp":1611988867,"path_taken":["M","$","M","?","?","R","E","?","T","R","?","?","M","M","R","BOSS"],"items_purchased_type":[],"build_version":"2020-12-22","purchased_purges":2,"victory":false,"max_hp_per_floor":[66,66,66,66,71,71,71,71,71,71,71,71,71,73,73,73,73],"card_choices":[{"not_picked":["Bane","Bouncing Flask"],"picked":"Acrobatics","floor":1},{"not_picked":["Dagger Spray","Choke"],"picked":"Escape Plan","floor":3},{"not_picked":["Backflip","Sucker Punch"],"picked":"Footwork","floor":4},{"not_picked":["Leg Sweep","Quick Slash"],"picked":"Blade Dance","floor":7},{"not_picked":["Dagger Spray","Finisher"],"picked":"Blade Dance","floor":12},{"not_picked":["Acrobatics","All Out Attack"],"picked":"Grand Finale","floor":13},{"not_picked":["Noxious Fumes","Blade Dance","Terror"],"picked":"Singing Bowl","floor":14}],"player_experience":901438,"relics_obtained":[{"floor":7,"key":"Shuriken"},{"floor":9,"key":"Singing Bowl"}],"event_choices":[{"damage_healed":0,"gold_gain":0,"player_choice":"Donut","damage_taken":0,"max_hp_gain":5,"max_hp_loss":0,"event_name":"Big Fish","floor":5,"gold_loss":0},{"damage_healed":0,"gold_gain":0,"player_choice":"Success","damage_taken":5,"relics_obtained":["Potion Belt"],"max_hp_gain":0,"max_hp_loss":0,"event_name":"Scrap Ooze","floor":8,"gold_loss":0}],"is_beta":false,"boss_relics":[],"items_purged_floors":[2,11],"is_endless":false,"potions_floor_spawned":[4,12],"killed_by":"Slime Boss","ascension_level":20}}