{"host":"hbel9g7s7ibv8po6","time":1611997570,"event":{"mods":["BaseMod","Duelist Mod","Minty Spire (QoL Compilation)","StSLib"],"gold_per_floor":[142,142,163,113,140,174,174,205,228,268,268,284,209,223,223,349,349,349,349],"floor_reached":18,"language":"ENG","playtime":1013,"items_purged":["theDuelist:CastleWalls"],"score":305,"play_id":"9780b958-52bf-4765-98a8-d3d9c2095cdd","local_time":"20210130170610","is_ascension_mode":true,"campfire_choices":[{"data":"theDuelist:BabyDragon","floor":7.0,"key":"SMITH"},{"floor":11.0,"key":"REST"},{"data":"theDuelist:SilverApples","floor":15.0,"key":"SMITH"}],"circlet_count":0,"master_deck":["theDuelist:LesserDragon","theDuelist:LightningVortex","theDuelist:BabyDragon+1","AscendersBane","theDuelist:CaveDragon","theDuelist:Raigeki","theDuelist:SilverApples+1","theDuelist:LesserDragon","theDuelist:CaveDragon","theDuelist:MagicalStone+1","theDuelist:CastleWalls","theDuelist:YamataDragon"],"relics":["theDuelist:MillenniumPuzzle","theDuelist:CardPoolRelic","theDuelist:CardPoolBasicRelic","theDuelist:BoosterPackPoolRelic","theDuelist:CardPoolAddRelic","theDuelist:CardPoolMinusRelic","theDuelist:CardPoolSaveRelic","theDuelist:CardPoolOptionsRelic","NeowsBlessing","Golden Idol","MealTicket","Bag of Preparation","Tiny Chest","Question Card","Sozu"],"acts_visited":["Exordium","TheCity"],"potions_floor_usage":[],"damage_taken":[{"damage":0.0,"enemies":"Jaw Worm","floor":1.0,"turns":1.0},{"damage":0.0,"enemies":"2 Louse","floor":3.0,"turns":2.0},{"damage":0.0,"enemies":"Lagavulin","floor":6.0,"turns":1.0},{"damage":28.0,"enemies":"3 Sentries","floor":8.0,"turns":9.0},{"damage":6.0,"enemies":"Lagavulin","floor":10.0,"turns":5.0},{"damage":0.0,"enemies":"Cultist","floor":12.0,"turns":2.0},{"damage":9.0,"enemies":"Large Slime","floor":14.0,"turns":4.0},{"damage":34,"enemies":"Slime Boss","floor":16,"turns":19},{"damage":0,"enemies":"3 Byrds","floor":18,"turns":2}],"seed_played":"8186599543800606210","potions_obtained":[{"floor":1.0,"key":"theDuelist:FireBottle"},{"floor":6.0,"key":"Weak Potion"},{"floor":14.0,"key":"DuplicationPotion"}],"is_trial":false,"path_per_floor":["M","?","M","?","?","E","R","E","T","E","R","M","$","M","R","B",null,"M"],"character_chosen":"THE_DUELIST","items_purchased":[],"campfire_rested":1,"item_purchase_floors":[],"current_hp_per_floor":[72,52,52,52,52,52,52,24,24,18,42,42,57,48,48,14,64,64,64],"gold":349,"neow_bonus":"THREE_ENEMY_KILL","is_daily":false,"chose_seed":false,"campfire_upgraded":2,"win_rate":0.0,"timestamp":1611997570,"path_taken":["M","?","M","?","?","E","R","E","T","E","R","?","?","M","R","BOSS","M"],"items_purchased_type":[],"build_version":"2020-12-22","purchased_purges":1,"victory":false,"max_hp_per_floor":[80,80,80,80,80,80,80,80,80,80,80,80,80,80,80,80,80,80,80],"card_choices":[{"not_picked":["theDuelist:ElectromagneticShield","theDuelist:GravityAxe","theDuelist:ImperialOrder","theDuelist:WhiteHowling"],"picked":"SKIP","floor":1.0},{"not_picked":["theDuelist:CharcoalInpachi","theDuelist:InfernoFireBlast+1","theDuelist:LegendarySword+1","theDuelist:MagnumShield+1"],"picked":"theDuelist:MagicalStone+1","floor":3.0},{"not_picked":["theDuelist:CombinationAttack","theDuelist:DoubleTool","theDuelist:MeteorDestruction","theDuelist:SpellShatteringArrow","theDuelist:LightningVortex"],"picked":"SKIP","floor":6.0},{"not_picked":["theDuelist:RainbowNeos","theDuelist:DoubleTool","theDuelist:BreakDraw","theDuelist:SilentDoom"],"picked":"theDuelist:LightningVortex","floor":8.0},{"not_picked":["theDuelist:BerserkerCrush","theDuelist:BigFire","theDuelist:GiantTrunade","theDuelist:LegendHeart","theDuelist:DarkBurningMagic"],"picked":"SKIP","floor":10.0},{"not_picked":["theDuelist:CombinationAttack","theDuelist:CoreBlaster","theDuelist:MeteorDestruction","theDuelist:SpellShatteringArrow","theDuelist:StarBlast"],"picked":"SKIP","floor":12.0},{"not_picked":["theDuelist:CrystalRaigeki","theDuelist:FairyBox","theDuelist:Graverobber","theDuelist:Wiretap"],"picked":"theDuelist:SilverApples","floor":14.0},{"not_picked":["theDuelist:Mathematician","theDuelist:AmuletAmbition","theDuelist:FeatherShot","theDuelist:LightningBlade"],"picked":"theDuelist:Raigeki","floor":16}],"player_experience":169487,"relics_obtained":[{"floor":6.0,"key":"MealTicket"},{"floor":8.0,"key":"Bag of Preparation"},{"floor":9.0,"key":"Tiny Chest"},{"floor":10.0,"key":"Question Card"}],"event_choices":[{"damage_healed":0.0,"max_hp_gain":0.0,"max_hp_loss":0.0,"gold_gain":0.0,"event_name":"Golden Idol","player_choice":"Take Damage","floor":2.0,"gold_loss":0.0,"damage_taken":20.0,"relics_obtained":["Golden Idol"]},{"cards_removed":["theDuelist:Sparks"],"damage_healed":0.0,"max_hp_gain":0.0,"max_hp_loss":0.0,"gold_gain":0.0,"event_name":"The Cleric","player_choice":"Card Removal","floor":4.0,"gold_loss":50.0,"damage_taken":0.0},{"damage_healed":0.0,"max_hp_gain":0.0,"max_hp_loss":0.0,"gold_gain":0.0,"event_name":"Card Trader","player_choice":"Sold Sparks for 27 Gold.","duelist":true,"floor":5.0,"gold_loss":0.0,"damage_taken":0.0}],"is_beta":false,"boss_relics":[{"not_picked":["theDuelist:GamblerChip","HoveringKite"],"picked":"Sozu"}],"items_purged_floors":[13],"is_endless":false,"potions_floor_spawned":[1,6,14],"killed_by":"3 Byrds","ascension_level":10}}