{"host":"1vfpjvae9xcvmh7u","time":1611991246,"event":{"mods":["BaseMod","Downfall","Hermit","Hubris","Minty Spire (QoL Compilation)","Reliquary","StSLib","The Cursed","The Forsaken","TheSurvivalist"],"gold_per_floor":[113,125,125,137,162,162,179,179,179,191,203,230,243,260,260,360,360,380,380,395,413,123,123,140,140,215,229,86,102,120,216,216,398,398,493,503,503,503,598,630,630,648,673,673,673,751,13,33,33,153],"floor_reached":51,"language":"ENG","playtime":3154,"items_purged":[],"score":739,"play_id":"121a7b7e-fab8-49e3-ba6c-98a49ef8313b","local_time":"20210129232046","is_ascension_mode":false,"campfire_choices":[{"data":"survmod:SurpriseTrap","floor":6,"key":"SMITH"},{"data":"survmod:Sprint","floor":8,"key":"SMITH"},{"data":"survmod:VersatileOffense","floor":15,"key":"SMITH"},{"floor":23,"key":"REST"},{"floor":32,"key":"REST"},{"floor":44,"key":"REST"},{"floor":49,"key":"REST"}],"circlet_count":0,"master_deck":["survmod:Strike","survmod:Strike","survmod:Strike","survmod:Strike","survmod:Defend","survmod:Defend","survmod:Defend","survmod:Defend","survmod:VersatileOffense+1","survmod:Sprint+1","survmod:AcidArrow","survmod:SurpriseTrap+1","survmod:NeedleShot","survmod:FlareBarrage","survmod:GoForFace","survmod:QuickDash+1","survmod:MarkTrap+1","survmod:RobFromTheRich+1","survmod:GoForFace","Necronomicurse","survmod:MarkTrap+1","survmod:NockAnArrow+1","survmod:Detonation+1","survmod:BendAndBow+1","survmod:MarkedFromAfar+1","survmod:FlareQuiver+1","survmod:BatteringStrike+1","survmod:BendAndBow+1","survmod:QuickDash+1","survmod:OverexertingShot+1","Madness+1","survmod:FlashbangTrap+1","Flash of Steel+1","survmod:SurpriseTrap+1"],"relics":["survmod:InnateMutation","Bag of Preparation","Toxic Egg 2","Molten Egg 2","Fusion Hammer","Necronomicon","Guardian:PocketSentry","reliquary:IridiumChain","Lee\u0027s Waffle","hubris:VirtuousBlindfold","hubris:Icosahedron","hubris:Towel","reliquary:BallBearing","Lee\u0027s Waffle","Boot","Kunai","Sling","StrikeDummy"],"acts_visited":["Exordium","TheCity","TheBeyond"],"potions_floor_usage":[7,12,14,14,16,21,33,33,33,40,40,50,50,50,50,50],"damage_taken":[{"damage":1,"enemies":"Cultist","floor":1,"turns":5},{"damage":0,"enemies":"Jaw Worm","floor":2,"turns":3},{"damage":0,"enemies":"2 Louse","floor":4,"turns":2},{"damage":0,"enemies":"Exordium Thugs","floor":7,"turns":5},{"damage":14,"enemies":"Exordium Wildlife","floor":10,"turns":5},{"damage":0,"enemies":"Blue Slaver","floor":11,"turns":3},{"damage":7,"enemies":"Gremlin Nob","floor":12,"turns":3},{"damage":0,"enemies":"Large Slime","floor":13,"turns":4},{"damage":0,"enemies":"2 Fungi Beasts","floor":14,"turns":2},{"damage":23,"enemies":"Hexaghost","floor":16,"turns":8},{"damage":0,"enemies":"Spheric Guardian","floor":18,"turns":2},{"damage":0,"enemies":"Chosen","floor":20,"turns":3},{"damage":6,"enemies":"3 Cultists","floor":21,"turns":6},{"damage":2,"enemies":"Snake Plant","floor":24,"turns":4},{"damage":0,"enemies":"Snecko","floor":27,"turns":3},{"damage":16,"enemies":"Shelled Parasite and Fungi","floor":29,"turns":4},{"damage":0,"enemies":"Sentry and Sphere","floor":30,"turns":3},{"damage":0,"enemies":"Snecko","floor":31,"turns":3},{"damage":6,"enemies":"Automaton","floor":33,"turns":4},{"damage":0,"enemies":"3 Shapes","floor":35,"turns":4},{"damage":0,"enemies":"Orb Walker","floor":36,"turns":1},{"damage":11,"enemies":"4 Shapes","floor":39,"turns":6},{"damage":16,"enemies":"Reptomancer","floor":40,"turns":4},{"damage":5,"enemies":"Writhing Mass","floor":42,"turns":5},{"damage":2,"enemies":"Maw","floor":46,"turns":5},{"damage":5,"enemies":"3 Darklings","floor":48,"turns":3},{"damage":48,"enemies":"Awakened One","floor":50,"turns":9}],"seed_played":"4819418956042750108","potions_obtained":[{"floor":2,"key":"Regen Potion"},{"floor":4,"key":"Guardian:BlockOnCardUsePotion"},{"floor":11,"key":"Explosive Potion"},{"floor":12,"key":"AttackPotion"},{"floor":14,"key":"ColorlessPotion"},{"floor":20,"key":"Fire Potion"},{"floor":27,"key":"BlessingOfTheForge"},{"floor":30,"key":"Weak Potion"},{"floor":31,"key":"SkillPotion"},{"floor":36,"key":"SteroidPotion"},{"floor":39,"key":"Swift Potion"},{"floor":46,"key":"EntropicBrew"},{"floor":48,"key":"LiquidBronze"}],"is_trial":false,"path_per_floor":["M","M","?","M","T","R","M","R","T","M","M","E","M","M","R","B",null,"M","?","M","M","$","R","M","?","T","M","$","M","M","M","R","B",null,"M","M","?","?","M","E","T","M","T","R","?","M","$","M","R","B",null],"character_chosen":"THE_SURVIVOR","items_purchased":["Guardian:PocketSentry","survmod:Detonation+1","Lee\u0027s Waffle","Kunai","Sling","Flash of Steel+1","StrikeDummy"],"campfire_rested":4,"item_purchase_floors":[22,22,28,47,47,47,47],"current_hp_per_floor":[54,54,54,54,54,54,54,54,54,40,40,42,42,42,42,19,55,55,39,39,33,33,49,47,55,55,55,62,46,46,46,62,56,62,62,62,62,62,51,35,69,64,64,69,69,67,67,62,69,21],"gold":153,"neow_bonus":"TEN_PERCENT_HP_BONUS","is_daily":false,"chose_seed":false,"campfire_upgraded":3,"win_rate":0.0,"timestamp":1611991246,"path_taken":["M","?","?","?","?","R","M","R","T","M","M","E","M","M","R","BOSS","M","?","M","M","$","R","M","?","T","M","$","?","M","M","R","BOSS","M","M","?","?","M","E","?","M","T","R","?","?","$","M","R","BOSS"],"items_purchased_type":["Relic","Card","Relic","Relic","Relic","Card","Relic"],"build_version":"2020-12-22","purchased_purges":0,"victory":true,"max_hp_per_floor":[55,55,55,55,55,55,55,55,55,55,55,55,55,55,55,55,55,55,55,55,55,55,55,55,55,55,55,62,62,62,62,62,62,62,62,62,62,62,62,62,69,69,69,69,69,69,69,69,69,69],"card_choices":[{"not_picked":["survmod:LongShot","survmod:SimpleMutation"],"picked":"survmod:AcidArrow","floor":1},{"not_picked":["survmod:TwinShot","survmod:AcidArrow"],"picked":"survmod:SurpriseTrap","floor":2},{"not_picked":["survmod:FenceTrap","survmod:TwinShot","survmod:TrickShot"],"picked":"SKIP","floor":4},{"not_picked":["survmod:AcidArrow","survmod:DuckAndFlare"],"picked":"survmod:FlareBarrage","floor":7},{"not_picked":["survmod:SimpleMutation","survmod:FlashbangTrap+1","survmod:BearTrap+1"],"picked":"SKIP","floor":10},{"not_picked":["survmod:PersonalMark+1","survmod:EmptyQuiver+1"],"picked":"survmod:GoForFace","floor":11},{"not_picked":["survmod:AcidArrow+1","survmod:SkillfulManeuver+1"],"picked":"survmod:QuickDash+1","floor":12},{"not_picked":["survmod:FlashbangShot+1","survmod:SimpleMutation+1"],"picked":"survmod:MarkTrap+1","floor":13},{"not_picked":["survmod:PenetratingShot+1","survmod:FlashbangTrap+1","survmod:SimpleMutation+1"],"picked":"SKIP","floor":14},{"not_picked":["survmod:DesperateAmbush+1","survmod:Decoy+1"],"picked":"survmod:RobFromTheRich+1","floor":16},{"not_picked":["survmod:PenetratingShot+1","survmod:TakeAim+1"],"picked":"survmod:GoForFace","floor":18},{"not_picked":["survmod:LongShot+1","survmod:TwinShot+1"],"picked":"survmod:MarkTrap+1","floor":20},{"not_picked":["survmod:SimpleMutation+1","survmod:PinningSnipe+1"],"picked":"survmod:NockAnArrow+1","floor":21},{"not_picked":["survmod:QuickDash+1","survmod:SkillfulManeuver+1"],"picked":"survmod:BendAndBow+1","floor":24},{"not_picked":["survmod:HiddenTactic+1","survmod:DuckAndFlare+1"],"picked":"survmod:MarkedFromAfar+1","floor":27},{"not_picked":["survmod:TwinShot+1","survmod:RejectWeakness+1","survmod:LongShot+1"],"picked":"SKIP","floor":29},{"not_picked":["survmod:WalledOffTraps","survmod:DuckAndFlare+1","survmod:KnowThyEnemy+1"],"picked":"SKIP","floor":30},{"not_picked":["survmod:UnfortunateEscape+1","survmod:FlashbangTrap+1"],"picked":"survmod:FlareQuiver+1","floor":31},{"not_picked":["survmod:Decoy+1","survmod:MarkedForDeath+1"],"picked":"survmod:BatteringStrike+1","floor":33},{"not_picked":["survmod:BearTrap+1","survmod:SwiftKick+1"],"picked":"survmod:BendAndBow+1","floor":35},{"not_picked":["survmod:AcidTrap+1","survmod:MarkedFromAfar+1","survmod:AcidArrow+1"],"picked":"SKIP","floor":36},{"not_picked":["survmod:SimpleMutation+1","survmod:FocusedFire+1","survmod:UnfortunateEscape+1"],"picked":"SKIP","floor":39},{"not_picked":["survmod:MarkedFromAfar+1","survmod:HailOfArrows+1"],"picked":"survmod:QuickDash+1","floor":40},{"not_picked":["survmod:SkillfulManeuver+1","survmod:GoForFace"],"picked":"survmod:OverexertingShot+1","floor":42},{"not_picked":["HandOfGreed+1","Secret Weapon+1"],"picked":"Madness+1","floor":45},{"not_picked":["survmod:LongShot+1","survmod:PenetratingShot+1"],"picked":"survmod:FlashbangTrap+1","floor":46},{"not_picked":["survmod:FindCover+1","survmod:Adaptability+1"],"picked":"survmod:SurpriseTrap+1","floor":48}],"player_experience":1627180,"relics_obtained":[{"floor":5,"key":"Bag of Preparation"},{"floor":9,"key":"Toxic Egg 2"},{"floor":12,"key":"Molten Egg 2"},{"floor":19,"key":"Necronomicon"},{"floor":26,"key":"reliquary:IridiumChain"},{"floor":40,"key":"reliquary:BallBearing"},{"floor":41,"key":"reliquary:SculptingSteel"},{"floor":43,"key":"Boot"}],"event_choices":[{"damage_healed":0,"gold_gain":0,"player_choice":"1 cards matched","damage_taken":0,"max_hp_gain":0,"max_hp_loss":0,"event_name":"Match and Keep!","floor":3,"gold_loss":0,"cards_obtained":["survmod:NeedleShot"]},{"damage_healed":0,"gold_gain":0,"player_choice":"Obtained Book","damage_taken":16,"max_hp_gain":0,"max_hp_loss":0,"event_name":"Cursed Tome","floor":19,"gold_loss":0},{"damage_healed":8,"gold_gain":0,"player_choice":"Full Heal","damage_taken":0,"max_hp_gain":0,"max_hp_loss":0,"event_name":"Wheel of Change","floor":25,"gold_loss":0},{"damage_healed":0,"gold_gain":0,"player_choice":"Memory 1","damage_taken":0,"max_hp_gain":0,"max_hp_loss":0,"event_name":"SensoryStone","floor":45,"gold_loss":0}],"is_beta":false,"boss_relics":[{"not_picked":["Pandora\u0027s Box","reliquary:WritOfMandamus"],"picked":"Fusion Hammer"},{"not_picked":["reliquary:KinkedSpring","reliquary:Ember"],"picked":"hubris:VirtuousBlindfold"}],"items_purged_floors":[],"is_endless":false,"potions_floor_spawned":[2,4,11,12,14,20,27,30,31,36,39,46,48],"ascension_level":0}}