{"host":"39erygfi9n0tobyn","time":1611978258,"event":{"mods":["2.2 Compatiblity","BaseMod","Bestiary","Colored Map","Colored Powertips","Curses Come First","Highlight Path","Keyboard Shortcuts","Minty Spire (QoL Compilation)","Relic Stats","StSLib","SuperFastMode"],"gold_per_floor":[116,191,191,191,206,246,246,20,88,106,106,131,174,34,34,159,159,99,113,113,113,113,145,158,178,178,178,211,226,226,226,226,226,226],"floor_reached":33,"language":"ENG","playtime":1139,"items_purged":["Regret"],"score":314,"play_id":"f3bae79a-6d2b-4a5b-b335-29c410722079","local_time":"20210130004418","is_ascension_mode":false,"campfire_choices":[{"data":"Sweeping Beam","floor":7,"key":"SMITH"},{"data":"Defragment","floor":11,"key":"SMITH"},{"floor":15,"key":"REST"},{"floor":27,"key":"REST"},{"floor":30,"key":"REST"},{"data":"Dramatic Entrance","floor":32,"key":"SMITH"}],"circlet_count":0,"master_deck":["Strike_B","Strike_B","Strike_B","Strike_B","Defend_B","Defend_B","Defend_B","Defend_B","Zap","Dualcast","Defragment+1","Conserve Battery","Sweeping Beam+1","Self Repair","Coolheaded","Dramatic Entrance+1","Hologram","Fusion+1","Beam Cell","FTL","Rebound","Undo","Heatsinks+1","Defragment","Dramatic Entrance"],"relics":["Cracked Core","NeowsBlessing","Bloody Idol","Juzu Bracelet","Anchor","Orichalcum","White Beast Statue","Bag of Marbles","Strawberry","Busted Crown","Boot","InkBottle","Toxic Egg 2","Incense Burner"],"acts_visited":["Exordium","TheCity"],"potions_floor_usage":[16,23,33,33,33],"damage_taken":[{"damage":0,"enemies":"Jaw Worm","floor":1,"turns":1},{"damage":0,"enemies":"2 Louse","floor":5,"turns":1},{"damage":0,"enemies":"Gremlin Nob","floor":6,"turns":1},{"damage":1,"enemies":"Cultist","floor":10,"turns":3},{"damage":32,"enemies":"Lagavulin","floor":13,"turns":7},{"damage":50,"enemies":"Slime Boss","floor":16,"turns":12},{"damage":6,"enemies":"2 Thieves","floor":18,"turns":4},{"damage":11,"enemies":"Spheric Guardian","floor":19,"turns":5},{"damage":57,"enemies":"Book of Stabbing","floor":23,"turns":8},{"damage":18,"enemies":"Snake Plant","floor":24,"turns":4},{"damage":23,"enemies":"Snecko","floor":25,"turns":6},{"damage":59,"enemies":"Gremlin Leader","floor":28,"turns":10},{"damage":13,"enemies":"Shelled Parasite and Fungi","floor":29,"turns":6},{"damage":61,"enemies":"Champ","floor":33,"turns":11}],"seed_played":"176058145674950297","potions_obtained":[{"floor":5,"key":"Dexterity Potion"},{"floor":6,"key":"SpeedPotion"},{"floor":10,"key":"Strength Potion"},{"floor":13,"key":"AttackPotion"},{"floor":16,"key":"DuplicationPotion"},{"floor":18,"key":"Ancient Potion"},{"floor":23,"key":"Swift Potion"},{"floor":24,"key":"FairyPotion"},{"floor":28,"key":"LiquidBronze"}],"is_trial":false,"path_per_floor":["M","?","?","?","M","E","R","$","T","M","R","T","E","$","R","B",null,"M","M","?","?","?","E","M","M","T","R","E","M","R","?","R","B"],"character_chosen":"DEFECT","items_purchased":["Orichalcum","Dramatic Entrance","Hologram"],"campfire_rested":3,"item_purchase_floors":[8,14,14],"current_hp_per_floor":[75,64,64,64,64,64,64,64,64,63,63,63,45,45,67,24,76,76,72,86,86,86,41,35,24,24,49,37,36,61,61,61,0,0],"gold":226,"neow_bonus":"THREE_ENEMY_KILL","is_daily":false,"chose_seed":false,"campfire_upgraded":3,"win_rate":0.0,"timestamp":1611978258,"path_taken":["M","?","?","?","M","E","R","$","T","M","R","?","E","$","R","BOSS","M","M","?","?","?","E","M","M","T","R","E","M","R","?","R","BOSS"],"items_purchased_type":["Relic","Card","Card"],"build_version":"2020-12-22","purchased_purges":1,"victory":false,"max_hp_per_floor":[75,75,69,69,69,69,69,69,69,69,69,69,76,76,76,76,76,76,76,86,86,86,86,86,86,86,86,86,86,86,86,86,86,86],"relic_stats":{"Busted Crown":14,"counters":[14,79],"Bloody Idol":25,"Juzu Bracelet":1,"Orichalcum":[72],"Boot":[42],"obtain_stats":[{"NeowsBlessing":0,"Golden Idol":3,"Juzu Bracelet":4,"Incense Burner":28,"Orichalcum":8,"Boot":22,"White Beast Statue":9,"Anchor":6,"Busted Crown":17,"Strawberry":13,"Bloody Idol":21,"Bag of Marbles":12,"Toxic Egg 2":26,"Cracked Core":0,"InkBottle":23},{"NeowsBlessing":0,"Golden Idol":1,"Juzu Bracelet":1,"Incense Burner":12,"Orichalcum":3,"Boot":8,"White Beast Statue":3,"Anchor":3,"Busted Crown":6,"Strawberry":5,"Bloody Idol":8,"Bag of Marbles":4,"Toxic Egg 2":11,"Cracked Core":0,"InkBottle":9},{"NeowsBlessing":0,"Golden Idol":1,"Juzu Bracelet":1,"Incense Burner":62,"Orichalcum":3,"Boot":34,"White Beast Statue":3,"Anchor":3,"Busted Crown":25,"Strawberry":13,"Bloody Idol":34,"Bag of Marbles":6,"Toxic Egg 2":52,"Cracked Core":0,"InkBottle":42}],"InkBottle":[17]},"card_choices":[{"not_picked":["Stack","Undo"],"picked":"Defragment","floor":1},{"not_picked":["FTL","Recycle"],"picked":"Conserve Battery","floor":5},{"not_picked":["Static Discharge","Conserve Battery"],"picked":"Sweeping Beam","floor":6},{"not_picked":["Rebound","Ball Lightning"],"picked":"Self Repair","floor":10},{"not_picked":["Steam Power","Barrage"],"picked":"Coolheaded","floor":13},{"not_picked":["Meteor Strike","Multi-Cast"],"picked":"Reboot","floor":16},{"not_picked":[],"picked":"Fusion+1","floor":18},{"not_picked":[],"picked":"Beam Cell","floor":19},{"not_picked":[],"picked":"FTL","floor":23},{"not_picked":[],"picked":"Rebound","floor":24},{"not_picked":[],"picked":"Undo","floor":25},{"not_picked":[],"picked":"Heatsinks+1","floor":28},{"not_picked":[],"picked":"Defragment","floor":29}],"player_experience":61959,"relics_obtained":[{"floor":6,"key":"Anchor"},{"floor":9,"key":"White Beast Statue"},{"floor":12,"key":"Bag of Marbles"},{"floor":13,"key":"Strawberry"},{"floor":23,"key":"InkBottle"},{"floor":26,"key":"Toxic Egg 2"},{"floor":28,"key":"Incense Burner"}],"event_choices":[{"damage_healed":0,"gold_gain":75,"player_choice":"Gather Gold","damage_taken":11,"max_hp_gain":0,"max_hp_loss":0,"event_name":"World of Goop","floor":2,"gold_loss":0},{"damage_healed":0,"gold_gain":0,"player_choice":"Lose Max HP","damage_taken":0,"relics_obtained":["Golden Idol"],"max_hp_gain":0,"max_hp_loss":6,"event_name":"Golden Idol","floor":3,"gold_loss":0},{"damage_healed":0,"gold_gain":0,"player_choice":"Box","damage_taken":0,"relics_obtained":["Juzu Bracelet"],"max_hp_gain":0,"max_hp_loss":0,"event_name":"Big Fish","floor":4,"gold_loss":0,"cards_obtained":["Regret"]},{"cards_removed":["Reboot"],"damage_healed":4,"gold_gain":0,"player_choice":"Offered Rare","damage_taken":0,"max_hp_gain":10,"max_hp_loss":0,"event_name":"Bonfire Elementals","floor":20,"gold_loss":0},{"damage_healed":0,"gold_gain":0,"player_choice":"Gave Idol","damage_taken":0,"relics_obtained":["Bloody Idol"],"max_hp_gain":0,"max_hp_loss":0,"event_name":"Forgotten Altar","floor":21,"relics_lost":["Golden Idol"],"gold_loss":0},{"damage_healed":0,"gold_gain":0,"player_choice":"Opened","damage_taken":0,"relics_obtained":["Boot"],"max_hp_gain":0,"max_hp_loss":0,"event_name":"The Mausoleum","floor":22,"gold_loss":0},{"damage_healed":0,"gold_gain":0,"player_choice":"Copied","damage_taken":0,"max_hp_gain":0,"max_hp_loss":0,"event_name":"Duplicator","floor":31,"gold_loss":0,"cards_obtained":["Dramatic Entrance"]}],"is_beta":false,"boss_relics":[{"not_picked":["Coffee Dripper","SacredBark"],"picked":"Busted Crown"}],"items_purged_floors":[8],"is_endless":false,"potions_floor_spawned":[5,6,10,13,16,18,19,23,24,25,28,29],"killed_by":"Champ","ascension_level":0}}