{"host":"4xikrlo049sozq0n","time":1611973950,"event":{"mods":["AchievementEnabler","BaseMod","BetterRewards","Colored Powertips","Downfall","Energized Spire","Highlight Path","Hubris","Minty Spire (QoL Compilation)","Permanent Neow","Quick Restart","Remove Card Discount Mod","Replay The Spire","StSLib","SuperFastMode","Synergy Search"],"gold_per_floor":[117,137,22,40,53,53,87,87,87,114,79,107,107,118,118,220,220,236,35,35,52,72,72,72],"floor_reached":23,"language":"ENG","playtime":2847,"items_purged":["Defend_G","Strike_G","Defend_G","Strike_G","Strike_G","Strike_G"],"score":274,"play_id":"950e9bad-81fc-4598-8870-f8bb87ac4685","local_time":"20210129213230","is_ascension_mode":true,"campfire_choices":[{"data":"ReplayTheSpireMod:Scrap Shanks","floor":6,"key":"SMITH"},{"floor":8,"key":"REST"},{"floor":13,"key":"REST"},{"floor":15,"key":"REST"}],"circlet_count":0,"master_deck":["Strike_G","Defend_G","Defend_G","Defend_G","Survivor","Neutralize","Cloak And Dagger","Finisher","Caltrops","Underhanded Strike+1","Flying Knee","ReplayTheSpireMod:Scrap Shanks+1","Deadly Poison","Flying Knee","Dagger Throw","Deadly Poison","Adrenaline","Dagger Spray","ReplayTheSpireMod:Tripwire","Dagger Throw","Hidden Blade","ForeignInfluence"],"relics":["Ring of the Snake","Replay:Mystery Machine","Pantograph","hubris:GlazedTorus","hubris:DisguiseKit","Replay:Grab Bag","energizedSpire:StickyHand","energizedSpire:PogoStick","WristBlade","Happy Flower"],"acts_visited":["Exordium","TheCity"],"potions_floor_usage":[10,12,16,23],"damage_taken":[{"damage":0,"enemies":"2 Louse","floor":1,"turns":3},{"damage":5,"enemies":"Jaw Worm","floor":2,"turns":6},{"damage":0,"enemies":"Cultist","floor":4,"turns":3},{"damage":12,"enemies":"Exordium Wildlife","floor":5,"turns":5},{"damage":36,"enemies":"3 Sentries","floor":7,"turns":9},{"damage":32,"enemies":"Gremlin Nob","floor":10,"turns":5},{"damage":12,"enemies":"Lagavulin","floor":12,"turns":5},{"damage":10,"enemies":"2 Fungi Beasts","floor":14,"turns":3},{"damage":50,"enemies":"Hexaghost","floor":16,"turns":6},{"damage":28,"enemies":"2 Thieves","floor":18,"turns":4},{"damage":2,"enemies":"Chosen","floor":21,"turns":3},{"damage":18,"enemies":"Centurion and Healer","floor":22,"turns":4},{"damage":16,"enemies":"Book of Stabbing","floor":23,"turns":2}],"seed_played":"-8765278992370009319","potions_obtained":[{"floor":7,"key":"Regen Potion"},{"floor":10,"key":"sneckomod:MuddlingPotion"},{"floor":12,"key":"Energy Potion"},{"floor":18,"key":"Adrenaline Potion"}],"is_trial":false,"path_per_floor":["M","M","$","M","M","R","E","R","T","E","?","E","R","M","R","B",null,"M","$","?","M","M","E"],"character_chosen":"THE_SILENT","items_purchased":["Caltrops","Underhanded Strike+1","Happy Flower","Dagger Spray"],"campfire_rested":3,"item_purchase_floors":[3,3,19,19],"current_hp_per_floor":[63,58,58,58,46,46,10,31,31,13,30,18,39,29,50,20,58,30,30,30,28,10,0,0],"gold":72,"neow_bonus":"RANDOM_COMMON_RELIC","is_daily":false,"chose_seed":false,"campfire_upgraded":1,"win_rate":0.0,"timestamp":1611973950,"path_taken":["M","M","$","M","M","R","E","R","T","E","?","E","R","M","R","BOSS","M","$","?","M","M","E"],"items_purchased_type":["Card","Card","Relic","Card"],"build_version":"2020-12-22","purchased_purges":6,"victory":false,"max_hp_per_floor":[70,70,70,70,70,70,70,70,70,70,70,70,70,70,70,70,70,70,70,70,70,70,70,70],"card_choices":[{"not_picked":["Dagger Spray","Sucker Punch"],"picked":"Cloak And Dagger","floor":1},{"not_picked":["Quick Slash","Bane"],"picked":"Finisher","floor":2},{"not_picked":["hubris:SlightOfHand","Underhanded Strike"],"picked":"Flying Knee","floor":4},{"not_picked":["Flechettes","Slice"],"picked":"ReplayTheSpireMod:Scrap Shanks","floor":5},{"not_picked":["Acrobatics","Cloak And Dagger"],"picked":"Deadly Poison","floor":7},{"not_picked":["Envenom","Slice"],"picked":"Flying Knee","floor":10},{"not_picked":["Quick Slash","Dagger Spray"],"picked":"Dagger Throw","floor":12},{"not_picked":["Dodge and Roll","Quick Slash","FlurryOfBlows"],"picked":"Deadly Poison","floor":14},{"not_picked":["Night Terror","Venomology","Brilliance"],"picked":"Adrenaline","floor":16},{"not_picked":["Slice","Sucker Punch","Well Laid Plans+1","Swivel"],"picked":"SKIP","floor":18},{"not_picked":["ReplayTheSpireMod:Tripwire","Dagger Throw","ForeignInfluence"],"picked":"Hidden Blade","floor":21},{"not_picked":["Bane+1","ReplayTheSpireMod:Speed Training","Footwork","Replay:AtTheReady"],"picked":"SKIP","floor":22}],"player_experience":939971,"relics_obtained":[{"floor":7,"key":"Pantograph"},{"floor":10,"key":"hubris:GlazedTorus"},{"floor":12,"key":"hubris:DisguiseKit"}],"event_choices":[{"damage_healed":17,"gold_gain":0,"player_choice":"Healed","damage_taken":0,"max_hp_gain":0,"max_hp_loss":0,"event_name":"The Cleric","floor":11,"gold_loss":35}],"is_beta":false,"boss_relics":[{"not_picked":["Snecko Eye","Runic Pyramid"],"picked":"Replay:Grab Bag"},{"not_picked":["Velvet Choker","Runic Dome"],"picked":"energizedSpire:StickyHand"},{"not_picked":["hubris:GrandSneckoEye","Coffee Dripper"],"picked":"energizedSpire:PogoStick"},{"not_picked":["Ring of Chaos","Kintsugi"],"picked":"WristBlade"}],"items_purged_floors":[3,3,3,3,19,19],"is_endless":false,"potions_floor_spawned":[7,10,12,18],"killed_by":"Book of Stabbing","ascension_level":6}}