{"host":"Sylvester","time":1611971894,"event":{"mods":["BaseMod","Colored Map","Lobotomy","Minty Spire (QoL Compilation)","Replay The Spire","StSLib"],"gold_per_floor":[112,112,128,138,157,185,185,197,222,222,248,248,265,265,265,368,368,385,404,319,32,32,32,32],"floor_reached":23,"language":"ENG","playtime":1087,"items_purged":[],"score":201,"play_id":"be0f59b7-f324-40df-9297-1ceb4d3ffe41","local_time":"20210129175814","is_ascension_mode":false,"campfire_choices":[{"data":"Glacier","floor":12.0,"key":"SMITH"},{"data":"Uppercut","floor":15,"key":"SMITH"}],"circlet_count":0,"master_deck":["Bash","ShyLook","Flex","OldLady","Uppercut+1","Exhume","Pommel Strike","GreedKing","Spot Weakness","Self Repair+1","Glacier+1","LittlePrince","Immolate","UniverseFragment","ReplayTheSpireMod:GoodbyeWorld","Run Through","Reckless Charge","Feed","Searing Blow","Recycle","Thunderclap","ReplayTheSpireMod:GoodbyeWorld","WeaponsOverheat","Uppercut+1","SingingMachine","Cleave+1","VoidDream","Hemogenesis"],"relics":["CogitoBucket","PreservedInsect","BackwardClock","Regal Pillow","Iron Core","Simple Rune","Pandora\u0027s Box","TreeSap","Smiling Mask","Brimstone"],"acts_visited":["Exordium","TheCity"],"potions_floor_usage":[23,23,23],"damage_taken":[{"damage":6.0,"enemies":"Cultist","floor":1.0,"turns":3.0},{"damage":1.0,"enemies":"2 Louse","floor":3.0,"turns":3.0},{"damage":6.0,"enemies":"Jaw Worm","floor":4.0,"turns":3.0},{"damage":6.0,"enemies":"2 Fungi Beasts","floor":5.0,"turns":3.0},{"damage":37.0,"enemies":"3 Sentries","floor":6.0,"turns":12.0},{"damage":0.0,"enemies":"Exordium Wildlife","floor":8.0,"turns":1.0},{"damage":21.0,"enemies":"Gremlin Nob","floor":11.0,"turns":4.0},{"damage":0.0,"enemies":"3 Louse","floor":13.0,"turns":4.0},{"damage":2,"enemies":"Hexaghost","floor":16,"turns":9},{"damage":28,"enemies":"Spheric Guardian","floor":18,"turns":4},{"damage":57,"enemies":"3 Byrds","floor":19,"turns":6},{"damage":4,"enemies":"Slavers","floor":23,"turns":1}],"seed_played":"-1932901102917486991","potions_obtained":[{"floor":1.0,"key":"DistilledChaos"},{"floor":2.0,"key":"GamblersBrew"},{"floor":2.0,"key":"Block Potion"},{"floor":3.0,"key":"LifebloodPotion"},{"floor":11.0,"key":"EssenceOfSteel"},{"floor":19,"key":"LiquidMemories"}],"is_trial":false,"path_per_floor":["M","?","M","M","M","E","?","M","T","?","E","R","M","T","R","B",null,"M","M","?","$","?","E"],"character_chosen":"IRONCLAD","items_purchased":["Brimstone","Hemogenesis"],"campfire_rested":0,"item_purchase_floors":[21,21],"current_hp_per_floor":[80,80,80,80,80,49,49,37,37,37,26,26,26,26,26,34,80,62,1,1,1,1,0,0],"gold":32,"neow_bonus":"","is_daily":false,"chose_seed":false,"campfire_upgraded":2,"win_rate":0.0,"timestamp":1611971894,"path_taken":["M","?","M","M","?","E","?","M","T","?","E","R","M","?","R","BOSS","M","M","?","$","?","E"],"items_purchased_type":["Relic","Card"],"build_version":"2020-11-17","purchased_purges":0,"victory":false,"max_hp_per_floor":[80,80,80,80,80,80,80,80,80,80,80,80,80,80,80,80,80,80,1,1,1,1,1,1],"card_choices":[{"not_picked":["Freischutz","SpiderBud"],"picked":"ShyLook","floor":1.0},{"not_picked":["Armaments","Havoc"],"picked":"Flex","floor":1.0},{"not_picked":["SpiderBud","Murderer","MHz"],"picked":"Singing Bowl","floor":3.0},{"not_picked":["LaLuna","SpiderBud"],"picked":"OldLady","floor":3.0},{"not_picked":["Replay:Undeath\u0027s Touch","Body Slam","Warcry"],"picked":"SKIP","floor":3.0},{"not_picked":["OSAHOGD","Murderer"],"picked":"Yin","floor":4.0},{"not_picked":["Life Link","Sever Soul"],"picked":"Uppercut","floor":4.0},{"not_picked":["Flex","Thunderclap"],"picked":"Exhume","floor":5.0},{"not_picked":["BigBadWolf","LaLuna"],"picked":"PunishingBird","floor":6.0},{"not_picked":["Abandon","Clothesline","Perfected Strike"],"picked":"SKIP","floor":6.0},{"not_picked":["Bloodbath","SpiderBud"],"picked":"GreedKing","floor":8.0},{"not_picked":["Infernal Blade","Clash"],"picked":"Spot Weakness","floor":8.0},{"not_picked":["Beam Cell","Scorching Beam"],"picked":"Glacier","floor":11.0},{"not_picked":["Scorched","PunishingBird"],"picked":"LittlePrince","floor":11.0},{"not_picked":["Headbutt","Iron Wave","Body Slam"],"picked":"SKIP","floor":13},{"not_picked":["Mirror Shield","Offering"],"picked":"Immolate","floor":16},{"not_picked":["WallGazer","RedShoes","UniverseFragment"],"picked":"Singing Bowl","floor":16},{"not_picked":["BlackSwan","PunishingBird"],"picked":"UniverseFragment","floor":16},{"not_picked":["Clash","Second Wind"],"picked":"Uppercut+1","floor":18},{"not_picked":["BeautyBeast","MeatLantern"],"picked":"SingingMachine","floor":18},{"not_picked":["Iron Wave","Thunderclap"],"picked":"Cleave+1","floor":19},{"not_picked":["HappyTeddy","Bloodbath","BeautyBeast"],"picked":"Singing Bowl","floor":19},{"not_picked":["CrumblingArmor","DespairKnight"],"picked":"VoidDream","floor":19}],"player_experience":161469,"relics_obtained":[{"floor":6.0,"key":"PreservedInsect"},{"floor":9.0,"key":"Regal Pillow"},{"floor":11.0,"key":"Simple Rune"}],"event_choices":[{"damage_healed":0.0,"max_hp_gain":0.0,"max_hp_loss":0.0,"gold_gain":0.0,"event_name":"Lab","player_choice":"Got Potions","floor":2.0,"gold_loss":0.0,"damage_taken":0.0},{"damage_healed":0.0,"max_hp_gain":0.0,"max_hp_loss":0.0,"gold_gain":0.0,"cards_transformed":["PunishingBird"],"event_name":"Living Wall","player_choice":"Change","floor":7.0,"gold_loss":0.0,"damage_taken":0.0,"cards_obtained":["Pommel Strike"]},{"damage_healed":0,"gold_gain":0,"player_choice":"Obtained Relic","damage_taken":0,"relics_obtained":["Smiling Mask"],"max_hp_gain":0,"max_hp_loss":0,"event_name":"Addict","floor":20,"gold_loss":85}],"is_beta":true,"boss_relics":[{"not_picked":["Calling Bell","Tiny House"],"picked":"Pandora\u0027s Box"}],"items_purged_floors":[],"is_endless":false,"potions_floor_spawned":[1,3,11,19],"killed_by":"Slavers","ascension_level":0}}