{"host":"takgv9cv6xf64vhq","time":1611994281,"event":{"mods":["BaseMod","Colored Powertips","Downfall","Hubris","LagranYue(拉格朗・月)","Marisa（F雨　魔理沙）","Minty Spire (QoL Compilation)","Replay The Spire","StSLib","The Animator","The Cursed","The Jungle","TheHeartMod"],"gold_per_floor":[115,115,131,149,149,162,173,273,296,296,72,91,109,109,109,205,205,218,233,353,353,370,370,401,418,441,49,49,49,49,60,60,156,156,171,171,187,198,211,246,246,261,261,261,277,296,307,335,335,335,335,335,37,69,69],"floor_reached":56,"language":"ZHS","playtime":4275,"items_purged":["Regret"],"score":1374,"play_id":"3dbd8496-d21e-4219-9c1d-6b379eb9a2e9","local_time":"20210130161121","is_ascension_mode":true,"campfire_choices":[{"data":"Go for the Eyes","floor":15.0,"key":"SMITH"},{"data":"Consume","floor":23.0,"key":"SMITH"},{"data":"Creative AI","floor":28.0,"key":"SMITH"},{"data":"Capacitor","floor":30.0,"key":"SMITH"},{"floor":32.0,"key":"RECALL"},{"data":"Mirror Shield","floor":44.0,"key":"SMITH"},{"data":"Mirror Shield","floor":49.0,"key":"SMITH"},{"data":"Seek","floor":52,"key":"SMITH"}],"circlet_count":0,"master_deck":["Zap","Dualcast+1","Ball Lightning","Ball Lightning","Capacitor+1","Hello World+1","CurseOfTheBell","CurseOfTheBell","All For One","Go for the Eyes+1","Gash","Biased Cognition","AbeCurse","Consume+1","Heatsinks+1","Coolheaded+1","Creative AI+1","Glacier+1","hubris:Wrath","Cold Snap+1","Seek+1","Rebound","Machine Learning+1","Gash","ReplayTheSpireMod:Omega Cannon","Mirror Shield+1","Leap","Streamline","ReplayTheSpireMod:Repulse","Self Repair+1","Steam+1","Recycle+1","ReplayTheSpireMod:System Scan+1","Loop+1","Overencumbered","Mirror Shield+1","BasicCrystalCard+1","Turbo+1"],"relics":["Cursed Key","Blue Doll","downfall:ExtraCursedBell","Pen Nib","Darkstone Periapt","Replay:Kaleidoscope","Potion Belt","hubris:Icosahedron","DataDisk","Abe\u0027s Treasure","ReplayTheSpireMod:Ring of Exchange","Ring of Misfortune","Calipers","ClockworkSouvenir","Replay:WaspNest","theJungle:WildStrawberry","Pandora\u0027s Box","Strawberry","Blood Vial","hubris:64BitClover","Slimebound:StickyStick","OrangePellets","Lizard Tail"],"acts_visited":["Exordium","Exordium","TheBeyond","TheEnding"],"potions_floor_usage":[54,54,55,55,55],"damage_taken":[{"damage":2.0,"enemies":"2 Louse","floor":1.0,"turns":2.0},{"damage":0.0,"enemies":"Cultist","floor":3.0,"turns":3.0},{"damage":6.0,"enemies":"Jaw Worm","floor":4.0,"turns":2.0},{"damage":6.0,"enemies":"2 Fungi Beasts","floor":6.0,"turns":3.0},{"damage":16.0,"enemies":"Exordium Wildlife","floor":7.0,"turns":3.0},{"damage":4.0,"enemies":"Gremlin Gang","floor":12.0,"turns":4.0},{"damage":0.0,"enemies":"Large Slime","floor":13.0,"turns":4.0},{"damage":27.0,"enemies":"Hexaghost","floor":16.0,"turns":10.0},{"damage":24.0,"enemies":"theJungle:Flameango_and_Byrd","floor":18.0,"turns":6.0},{"damage":8.0,"enemies":"theJungle:5_Spyders","floor":19.0,"turns":6.0},{"damage":25.0,"enemies":"theJungle:2_Snecko_Cultists","floor":22.0,"turns":4.0},{"damage":6.0,"enemies":"theJungle:MamaSnecko","floor":24.0,"turns":5.0},{"damage":0.0,"enemies":"theJungle:Lyon","floor":25.0,"turns":4.0},{"damage":0.0,"enemies":"theJungle:JungleHuntersEncounter","floor":31.0,"turns":5.0},{"damage":0.0,"enemies":"theJungle:FunGuy","floor":33.0,"turns":7.0},{"damage":7.0,"enemies":"Orb Walker","floor":35.0,"turns":3.0},{"damage":0.0,"enemies":"3 Darklings","floor":37.0,"turns":5.0},{"damage":0.0,"enemies":"Maw","floor":38.0,"turns":7.0},{"damage":0.0,"enemies":"Sphere and 2 Shapes","floor":39.0,"turns":4.0},{"damage":34.0,"enemies":"Nemesis","floor":40.0,"turns":7.0},{"damage":2.0,"enemies":"Transient","floor":42.0,"turns":5.0},{"damage":17.0,"enemies":"3 Darklings","floor":45.0,"turns":3.0},{"damage":14.0,"enemies":"Jaw Worm Horde","floor":46.0,"turns":4.0},{"damage":5.0,"enemies":"Transient","floor":47.0,"turns":5.0},{"damage":0.0,"enemies":"R_Hoarder","floor":48.0,"turns":7.0},{"damage":15,"enemies":"Time Eater","floor":50,"turns":8},{"damage":14,"enemies":"Shield and Spear","floor":54,"turns":5},{"damage":6,"enemies":"The Heart","floor":55,"turns":8}],"seed_played":"262184528365455242","potions_obtained":[{"floor":3.0,"key":"Strength Potion"},{"floor":6.0,"key":"FocusPotion"},{"floor":7.0,"key":"bronze:BurnAndBuffPotion"},{"floor":16.0,"key":"Dexterity Potion"},{"floor":19.0,"key":"Energy Potion"},{"floor":22.0,"key":"SteroidPotion"},{"floor":24.0,"key":"Strength Potion"},{"floor":31.0,"key":"Fire Potion"},{"floor":35.0,"key":"Fire Potion"},{"floor":37.0,"key":"Block Potion"},{"floor":40.0,"key":"Languid Potion"},{"floor":46.0,"key":"PowerPotion"}],"is_trial":false,"path_per_floor":["M","?","M","M","?","M","M","?","T","?","$","M","M","?","R","B",null,"M","M","?","?","M","R","E","M","T","$","R","?","R","M","R","B",null,"M","?","M","M","M","E","?","M","T","R","M","M","M","E","R","B",null,"R","$","E","B",null],"character_chosen":"DEFECT","items_purchased":["DataDisk","ClockworkSouvenir","Replay:WaspNest","Slimebound:StickyStick","OrangePellets"],"campfire_rested":0,"item_purchase_floors":[11,27,27,53,53],"current_hp_per_floor":[73,73,73,67,67,61,45,57,63,63,63,59,59,59,59,32,99,75,67,53,53,74,74,68,68,74,74,74,67,67,67,67,67,112,105,105,112,112,112,95,95,103,109,109,104,102,109,121,121,118,125,125,125,121,125],"gold":69,"neow_bonus":"BOSS_RELIC","is_daily":false,"chose_seed":false,"campfire_upgraded":7,"win_rate":0.0,"timestamp":1611994281,"path_taken":["M","?","M","?","?","M","M","?","T","?","$","M","?","?","R","BOSS","M","?","?","?","M","R","E","M","T","$","R","?","R","M","R","BOSS","M","?","M","M","?","E","?","?","T","R","M","M","M","E","R","BOSS","R","$","E","BOSS"],"items_purchased_type":["Relic","Relic","Relic","Relic","Relic"],"build_version":"2020-12-22","purchased_purges":1,"victory":true,"max_hp_per_floor":[75,75,75,75,75,75,75,87,93,93,93,93,93,93,93,93,99,99,99,99,99,99,99,99,99,105,105,105,112,112,112,112,112,112,112,112,112,112,112,119,119,119,125,125,125,125,125,125,125,125,125,125,125,125,125],"card_choices":[{"not_picked":["ReplayGash","Go for the Eyes"],"picked":"Ball Lightning","floor":1.0},{"not_picked":["Sweeping Beam","Barrage"],"picked":"Ball Lightning","floor":3.0},{"not_picked":["Leap","Barrage"],"picked":"Capacitor","floor":4.0},{"not_picked":["Panic Button","Force Field"],"picked":"Hello World","floor":6.0},{"not_picked":["ReplayTheSpireMod:GoodbyeWorld","Aggregate","Rebound"],"picked":"SKIP","floor":7.0},{"not_picked":["Redo","Sweeping Beam"],"picked":"Go for the Eyes","floor":12.0},{"not_picked":["Coolheaded","hubris:Ukulele"],"picked":"Gash","floor":13.0},{"not_picked":["Rainbow","Thunder Strike"],"picked":"Biased Cognition","floor":16.0},{"not_picked":["Reprogram","Leap+1"],"picked":"Consume","floor":18.0},{"not_picked":["Hologram","Melter"],"picked":"Heatsinks+1","floor":19.0},{"not_picked":["Leap+1","Barrage"],"picked":"Coolheaded+1","floor":22.0},{"not_picked":["Sweeping Beam","All For One"],"picked":"Creative AI","floor":24.0},{"not_picked":["Coolheaded","Leap"],"picked":"Glacier+1","floor":25.0},{"not_picked":["Rebound+1","Heatsinks"],"picked":"Cold Snap+1","floor":31.0},{"not_picked":["Meteor Strike","Multi-Cast"],"picked":"Seek","floor":33.0},{"not_picked":["ReplayTheSpireMod:Repulse+1","Sweeping Beam"],"picked":"Self Repair+1","floor":35.0},{"not_picked":["Leap","Barrage","Turbo"],"picked":"SKIP","floor":37.0},{"not_picked":["Ball Lightning+1","Doom and Gloom"],"picked":"Steam+1","floor":38.0},{"not_picked":["Melter","Go for the Eyes"],"picked":"Recycle+1","floor":39.0},{"not_picked":["Defragment","Streamline"],"picked":"ReplayTheSpireMod:System Scan+1","floor":40.0},{"not_picked":["Undo","Ball Lightning"],"picked":"Loop+1","floor":42.0},{"not_picked":["Redo+1","Leap"],"picked":"Mirror Shield","floor":45.0},{"not_picked":["Steam+1","Compile Driver+1","Beam Cell+1"],"picked":"SKIP","floor":46.0},{"not_picked":["Darkness","Streamline","Steam"],"picked":"SKIP","floor":47.0},{"not_picked":["Stack+1","Beam Cell+1"],"picked":"BasicCrystalCard+1","floor":48.0},{"not_picked":["Coolheaded","ReplaySolidLightProjector+1"],"picked":"Turbo+1","floor":54}],"player_experience":222201,"relics_obtained":[{"floor":8.0,"key":"Pen Nib"},{"floor":8.0,"key":"Darkstone Periapt"},{"floor":8.0,"key":"Replay:Kaleidoscope"},{"floor":9.0,"key":"Potion Belt"},{"floor":21.0,"key":"ReplayTheSpireMod:Ring of Exchange"},{"floor":21.0,"key":"Ring of Misfortune"},{"floor":24.0,"key":"Calipers"},{"floor":40.0,"key":"Strawberry"},{"floor":43.0,"key":"Blood Vial"},{"floor":48.0,"key":"hubris:64BitClover"},{"floor":54,"key":"Lizard Tail"}],"event_choices":[{"damage_healed":0.0,"max_hp_gain":0.0,"max_hp_loss":0.0,"gold_gain":0.0,"event_name":"Upgrade Shrine","player_choice":"Upgraded","floor":2.0,"gold_loss":0.0,"damage_taken":0.0,"cards_upgraded":["Dualcast"]},{"damage_healed":0.0,"max_hp_gain":0.0,"max_hp_loss":0.0,"gold_gain":0.0,"event_name":"Big Fish","player_choice":"Box","floor":5.0,"gold_loss":0.0,"damage_taken":0.0,"relics_obtained":["Blue Doll"],"cards_obtained":["Regret"]},{"damage_healed":0.0,"max_hp_gain":0.0,"max_hp_loss":0.0,"gold_gain":0.0,"event_name":"Upgrade Shrine","player_choice":"Upgraded","floor":14.0,"gold_loss":0.0,"damage_taken":0.0,"cards_upgraded":["Hello World"]},{"damage_healed":0.0,"max_hp_gain":0.0,"max_hp_loss":0.0,"gold_gain":0.0,"event_name":"Upgrade Shrine","player_choice":"Upgraded","floor":36.0,"gold_loss":0.0,"damage_taken":0.0,"cards_upgraded":["Machine Learning"]},{"cards_removed":["AbeCurse","Delirium","Languid","hubris:Despair"],"damage_healed":0.0,"max_hp_gain":0.0,"max_hp_loss":0.0,"gold_gain":0.0,"event_name":"Fountain of Cleansing","player_choice":"Removed Curses","floor":41.0,"gold_loss":0.0,"damage_taken":0.0}],"is_beta":false,"boss_relics":[{"not_picked":["Replay:Wanted Poster","Tiny House"],"picked":"Abe\u0027s Treasure"},{"not_picked":["bronze:DonusWashers","Raider\u0027s Mask"],"picked":"Pandora\u0027s Box"}],"items_purged_floors":[11],"is_endless":false,"potions_floor_spawned":[3,6,7,16,19,22,24,31,35,37,40,46],"ascension_level":1}}