{"host":"6xsbn6ynqlzwllfm","time":1611979098,"event":{"mods":["2.2 Compatiblity","BaseMod","Bestiary","Colored Map","Colored Powertips","Curses Come First","Highlight Path","Keyboard Shortcuts","Minty Spire (QoL Compilation)","Relic Stats","Slay the Relics Exporter","StSLib","SuperFastMode"],"gold_per_floor":[119,138,25,25,42,71,45,74,74,105,116,116,141,153,153,225,225,235,250,89,14,14,42,42,42,42],"floor_reached":25,"language":"ENG","playtime":947,"items_purged":["Strike_P","Strike_P"],"score":523,"play_id":"dfa3e936-9db2-4e42-a5b9-0d406801e082","local_time":"20210129225818","is_ascension_mode":true,"campfire_choices":[{"data":"1","floor":12,"key":"LIFT"},{"data":"2","floor":15,"key":"LIFT"},{"data":"3","floor":24,"key":"LIFT"}],"circlet_count":0,"master_deck":["AscendersBane","Strike_P","Defend_P","Defend_P","Defend_P","Defend_P","Eruption","Vigilance","FollowUp","FlyingSleeves","Fasting2","CrushJoints","FlurryOfBlows","Halt","Conclude","Consecrate","Protect","CutThroughFate","DevaForm","FearNoEvil","FlyingSleeves","FlurryOfBlows","JustLucky","Shame","Wallop"],"relics":["PureWater","Du-Vu Doll","Bird Faced Urn","Girya","Mercury Hourglass","The Courier","Black Star","Kunai","Turnip","Art of War"],"acts_visited":["Exordium","TheCity"],"potions_floor_usage":[23,23],"damage_taken":[{"damage":0,"enemies":"Cultist","floor":1,"turns":2},{"damage":0,"enemies":"Jaw Worm","floor":2,"turns":4},{"damage":0,"enemies":"2 Louse","floor":5,"turns":4},{"damage":21,"enemies":"Lagavulin","floor":6,"turns":7},{"damage":0,"enemies":"Gremlin Nob","floor":8,"turns":2},{"damage":5,"enemies":"3 Sentries","floor":10,"turns":4},{"damage":0,"enemies":"2 Fungi Beasts","floor":11,"turns":2},{"damage":0,"enemies":"Gremlin Nob","floor":13,"turns":2},{"damage":6,"enemies":"Exordium Thugs","floor":14,"turns":4},{"damage":23,"enemies":"Hexaghost","floor":16,"turns":9},{"damage":17,"enemies":"2 Thieves","floor":18,"turns":3},{"damage":9,"enemies":"Chosen","floor":19,"turns":3},{"damage":18,"enemies":"Gremlin Leader","floor":23,"turns":4},{"damage":24,"enemies":"Slavers","floor":25,"turns":2}],"seed_played":"4383855367658209374","potions_obtained":[{"floor":2,"key":"Dexterity Potion"},{"floor":5,"key":"LiquidBronze"},{"floor":10,"key":"DuplicationPotion"},{"floor":14,"key":"SteroidPotion"}],"is_trial":false,"path_per_floor":["M","M","$","$","M","E","$","E","T","E","M","R","E","M","R","B",null,"M","M","$","?","?","E","R","E"],"character_chosen":"WATCHER","items_purchased":["Fasting2","Halt","FlurryOfBlows","JustLucky"],"campfire_rested":0,"item_purchase_floors":[3,7,20,20],"current_hp_per_floor":[67,67,67,67,67,46,46,46,46,41,41,41,43,37,37,16,60,45,36,36,36,36,18,18,0,0],"gold":42,"neow_bonus":"TEN_PERCENT_HP_BONUS","is_daily":false,"chose_seed":false,"campfire_upgraded":0,"win_rate":0.0,"timestamp":1611979098,"path_taken":["M","M","?","$","M","E","?","E","T","E","M","R","E","?","R","BOSS","M","M","$","?","?","E","R","E"],"items_purchased_type":["Card","Card","Card","Card"],"build_version":"2020-12-22","purchased_purges":2,"victory":false,"max_hp_per_floor":[74,74,74,74,74,74,74,74,74,74,74,74,74,74,74,74,74,74,74,74,74,74,74,74,74,74],"relic_stats":{"counters":[14,52],"Bird Faced Urn":[8],"Turnip":[1],"Black Star":1,"Art of War":[1],"Kunai":[4],"obtain_stats":[{"Du-Vu Doll":6,"Girya":9,"Bird Faced Urn":8,"The Courier":13,"Turnip":23,"Black Star":17,"Art of War":23,"Kunai":22,"PureWater":0,"Mercury Hourglass":10},{"Du-Vu Doll":4,"Girya":5,"Bird Faced Urn":5,"The Courier":8,"Turnip":13,"Black Star":10,"Art of War":13,"Kunai":12,"PureWater":0,"Mercury Hourglass":6},{"Du-Vu Doll":17,"Girya":19,"Bird Faced Urn":19,"The Courier":27,"Turnip":50,"Black Star":40,"Art of War":50,"Kunai":46,"PureWater":0,"Mercury Hourglass":23}],"Mercury Hourglass":[123]},"card_choices":[{"not_picked":["SashWhip","PathToVictory"],"picked":"FollowUp","floor":1},{"not_picked":["CrushJoints","LikeWater"],"picked":"FlyingSleeves","floor":2},{"not_picked":["SashWhip","InnerPeace"],"picked":"CrushJoints","floor":5},{"not_picked":["SashWhip","CutThroughFate"],"picked":"FlurryOfBlows","floor":6},{"not_picked":["ConjureBlade","PathToVictory"],"picked":"Conclude","floor":8},{"not_picked":["FollowUp","CrushJoints"],"picked":"Consecrate","floor":10},{"not_picked":["BowlingBash","Evaluate"],"picked":"Protect","floor":13},{"not_picked":["PathToVictory","Conclude"],"picked":"CutThroughFate","floor":14},{"not_picked":["Wish","Ragnarok"],"picked":"DevaForm","floor":16},{"not_picked":["Prostrate","BowlingBash"],"picked":"FearNoEvil","floor":18},{"not_picked":["PathToVictory","Protect"],"picked":"FlyingSleeves","floor":19},{"not_picked":["Study","BowlingBash"],"picked":"Wallop","floor":23}],"player_experience":1248544,"relics_obtained":[{"floor":6,"key":"Du-Vu Doll"},{"floor":8,"key":"Bird Faced Urn"},{"floor":9,"key":"Girya"},{"floor":10,"key":"Mercury Hourglass"},{"floor":13,"key":"The Courier"},{"floor":23,"key":"Turnip"},{"floor":23,"key":"Art of War"}],"event_choices":[{"cards_removed":["Strike_P"],"damage_healed":0,"gold_gain":0,"player_choice":"Gave Gold","damage_taken":0,"max_hp_gain":0,"max_hp_loss":0,"event_name":"Beggar","floor":21,"gold_loss":75},{"damage_healed":0,"gold_gain":0,"player_choice":"Stole Relic","damage_taken":0,"relics_obtained":["Kunai"],"max_hp_gain":0,"max_hp_loss":0,"event_name":"Addict","floor":22,"gold_loss":0,"cards_obtained":["Shame"]}],"is_beta":false,"boss_relics":[{"not_picked":["HolyWater","Philosopher\u0027s Stone"],"picked":"Black Star"}],"items_purged_floors":[3,20],"is_endless":false,"potions_floor_spawned":[2,5,10,14],"killed_by":"Slavers","ascension_level":15}}