{"host":"28l6rxaym5axvxqh","time":1611985108,"event":{"mods":["Act Like it!","Arknights The Spire","BaseMod","Downfall","Gensokyo","Minty Spire (QoL Compilation)","Pale of the Ancients","StSLib"],"gold_per_floor":[113,125,139,159,159,159,193,205,205,27,41,61,71,296,308,416,428,451,463,245,258,84,84,113,113,113,133,21,21,34,34,34,34,34],"floor_reached":33,"language":"ZHS","playtime":2142,"items_purged":["ats:Defend","ats:Defend"],"score":271,"play_id":"5bfc8d43-7caa-410f-a1d6-bd832469e1ec","local_time":"20210130133828","is_ascension_mode":false,"campfire_choices":[{"data":"ats:Healing Drone","floor":6,"key":"SMITH"},{"data":"ats:Shadow Assault","floor":15,"key":"SMITH"},{"data":"ats:Automatic Cover","floor":23,"key":"SMITH"},{"data":"ats:Demon Strength","floor":25,"key":"SMITH"},{"data":"ats:Sashimi Platter","floor":32,"key":"SMITH"}],"circlet_count":0,"master_deck":["ats:Strike C","ats:Strike G","ats:Strike S","ats:Strike V","ats:Armor Crushing Shot","ats:Defend","ats:Defend","ats:Emotion Absorption","ats:Literary Storm","ats:Ignite","ats:Healing Drone+1","ats:Serious Mode+1","ats:Thorns","ats:Shell Defense","ats:Demon Strength+1","ats:Ambush+1","ats:Apocalypse","ats:Guard Mode","ats:Shadow Assault+1","ats:Nebulous Foxfire","ats:True Silver Slash","ats:Blood Oath+1","ats:Sashimi Platter+1","ats:Shadow Raid","ats:Automatic Cover+1","ats:Counter Healing Mode","ats:Soul Absorption+1","Gensokyo:BlemishedSteel"],"relics":["ats:Sanity","ats:Originium","Boot","Bottled Tornado","MawBank","SacredBark","Gensokyo:ConquerorOfFear","Pantograph","Lizard Tail","Gensokyo:DayTheSeaSplit"],"acts_visited":["Gensokyo:Gensokyo","Gensokyo:Gensokyoer"],"potions_floor_usage":[7],"damage_taken":[{"damage":9,"enemies":"Gensokyo:Python","floor":1,"turns":4},{"damage":12,"enemies":"Gensokyo:Gryphon","floor":2,"turns":4},{"damage":4,"enemies":"Gensokyo:2_Kodama","floor":3,"turns":4},{"damage":25,"enemies":"Gensokyo:2_Rabbits","floor":4,"turns":6},{"damage":56,"enemies":"Gensokyo:Cirno","floor":7,"turns":10},{"damage":0,"enemies":"Gensokyo:LivingMonolith","floor":8,"turns":2},{"damage":3,"enemies":"Gensokyo:Kitsune","floor":11,"turns":5},{"damage":13,"enemies":"Gensokyo:2_Rabbits","floor":12,"turns":7},{"damage":17,"enemies":"Gensokyo:LivingMonolith","floor":13,"turns":4},{"damage":15,"enemies":"Gensokyo:Gryphon_and_Rabbit","floor":14,"turns":6},{"damage":41,"enemies":"Gensokyo:Yukari","floor":16,"turns":11},{"damage":61,"enemies":"Gensokyo:Chomper","floor":18,"turns":9},{"damage":42,"enemies":"Gensokyo:2_Gloops","floor":21,"turns":6},{"damage":25,"enemies":"Gensokyo:Reisen","floor":24,"turns":6},{"damage":21,"enemies":"Gensokyo:Wraith","floor":27,"turns":6},{"damage":47,"enemies":"Gensokyo:Chomper_and_Gloop","floor":30,"turns":6},{"damage":117,"enemies":"Gensokyo:Eternal_Rivals","floor":33,"turns":6}],"seed_played":"1980756628497791946","potions_obtained":[{"floor":3,"key":"SpeedPotion"},{"floor":4,"key":"Fire Potion"},{"floor":11,"key":"ats:Emergency Sanity Potion"},{"floor":13,"key":"ColorlessPotion"},{"floor":16,"key":"champ:CounterPotion"},{"floor":24,"key":"CultistPotion"}],"is_trial":false,"path_per_floor":["M","M","M","M","?","R","E","M","T","COS","M","M","M","M","R","B",null,"M","?","$","M","$","R","E","R","T","M","COS","$","M","?","R","B"],"character_chosen":"DOCTOR_CLASS","items_purchased":["ats:Sashimi Platter","ats:Shadow Raid","ats:Counter Healing Mode"],"campfire_rested":0,"item_purchase_floors":[20,20,22],"current_hp_per_floor":[70,58,54,41,41,41,17,17,17,17,22,17,13,24,24,12,79,39,39,39,40,40,40,33,33,33,37,37,37,51,51,51,0,0],"gold":34,"neow_bonus":"TEN_PERCENT_HP_BONUS","is_daily":false,"chose_seed":false,"campfire_upgraded":5,"win_rate":0.0,"timestamp":1611985108,"path_taken":["M","M","M","M","?","R","E","M","T","COS","M","M","?","M","R","BOSS","M","?","$","M","$","R","E","R","T","M","COS","?","M","?","R","BOSS"],"items_purchased_type":["Card","Card","Card"],"build_version":"2020-12-22","purchased_purges":2,"victory":false,"max_hp_per_floor":[79,79,79,79,79,79,79,79,79,79,79,79,79,79,79,79,79,79,79,79,79,79,79,79,79,79,79,79,79,79,79,79,79,79],"card_choices":[{"not_picked":["ats:Very Hot Blade","ats:Powerful Strike"],"picked":"ats:Literary Storm","floor":1},{"not_picked":["ats:Shell Defense","ats:Flame Of Heaven"],"picked":"ats:Ignite","floor":2},{"not_picked":["ats:Sword Rain","ats:Curse Doll"],"picked":"ats:Healing Drone","floor":3},{"not_picked":["ats:Ignite","ats:Hammer On","ats:Powerful Strike"],"picked":"SKIP","floor":4},{"not_picked":["ats:Song Of Battle","ats:Very Hot Blade"],"picked":"ats:Thorns","floor":7},{"not_picked":["ats:Chain Hook","ats:Soul Absorption"],"picked":"ats:Shell Defense","floor":8},{"not_picked":["ats:Hammer On","ats:Composite Medical Shells"],"picked":"ats:Demon Strength","floor":11},{"not_picked":["ats:Powerful Strike+1","ats:Support Order+1"],"picked":"ats:Ambush+1","floor":12},{"not_picked":["ats:Song Of Battle","ats:Blood Oath"],"picked":"ats:Apocalypse","floor":12},{"not_picked":["ats:Neurotoxin","ats:Explosion Area Strengthen"],"picked":"ats:Guard Mode","floor":13},{"not_picked":["ats:Assault Order","ats:Defend Order"],"picked":"ats:Shadow Assault","floor":14},{"not_picked":["ats:Rat Pack","ats:Echo Reverb"],"picked":"ats:Nebulous Foxfire","floor":16},{"not_picked":["ats:Wolf Pack","ats:Volcano"],"picked":"ats:True Silver Slash","floor":16},{"not_picked":["ats:Support Order+1","ats:Explosion Area Strengthen"],"picked":"ats:Blood Oath+1","floor":18},{"not_picked":["ats:Cat Scratch+1","ats:Guard Mode"],"picked":"ats:Automatic Cover","floor":21},{"not_picked":["ats:Curse Doll","ats:Cat Scratch","ats:Powerful Strike"],"picked":"SKIP","floor":24},{"not_picked":["ats:Curse Doll","ats:Cat Scratch","ats:Powerful Strike"],"picked":"SKIP","floor":24},{"not_picked":["ats:Absolute Focus","ats:Hook Shot"],"picked":"ats:Soul Absorption+1","floor":27},{"not_picked":["ats:Curse Doll","ats:Counter Healing Mode","ats:Ignite+1"],"picked":"SKIP","floor":30}],"player_experience":6181,"relics_obtained":[{"floor":7,"key":"ats:Originium"},{"floor":7,"key":"Boot"},{"floor":9,"key":"Bottled Tornado"},{"floor":21,"key":"Gensokyo:ConquerorOfFear"},{"floor":24,"key":"ats:Originium"},{"floor":24,"key":"Pantograph"},{"floor":26,"key":"Lizard Tail"}],"event_choices":[],"is_beta":false,"boss_relics":[{"not_picked":["Snecko Eye","Tiny House"],"picked":"SacredBark"}],"items_purged_floors":[20,22],"is_endless":false,"potions_floor_spawned":[3,4,11,13,14,16,24,30],"killed_by":"Gensokyo:Eternal_Rivals","ascension_level":0}}