{"host":"qy6st0zp32tctd9l","time":1611982234,"event":{"mods":["BaseMod","Colored Map","Downfall","GifTheSpireLib","Hermit","Marisa£®ÏF”Í°°ƒß¿Ì…≥£©","Minty Spire (QoL Compilation)","Remilia£®¿Ÿ√◊¿Ú—«£©","StSLib","The Cursed","The Servant 0.9.4","UnlockEverythingMod"],"gold_per_floor":[365,65,80,80,91,125,125,151,178,208,158,189,199,199,199,300,300,318,318,204,204,218,218,248,248,248,277,290,290,290,290],"floor_reached":30,"language":"ZHS","playtime":1202,"items_purged":["Strike_S"],"score":447,"play_id":"dafb61bb-85f9-412f-982a-16222e16334d","local_time":"20210130125034","is_ascension_mode":true,"campfire_choices":[{"floor":7.0,"key":"REST"},{"floor":15.0,"key":"REST"},{"data":"SoulSculpture","floor":23.0,"key":"SMITH"}],"circlet_count":0,"master_deck":["Defend_S+1","Defend_S+1","Defend_S+1","Defend_S+1","KidneyShot","Exchange","Snipe","Ricochet","Potential","Orbit+1","Read","Comet+1","SoulSculpture+1","DoubleEdge","ShiftingGears","BottledTime","Manipulate","Rewind","BottledTime+1"],"relics":["Uniform","Omamori","Juzu Bracelet","PreservedInsect","Potion Belt","Centennial Puzzle","Turnip","Ancient Tea Set","Sozu","Regal Pillow","Whetstone","Dream Catcher"],"acts_visited":["Exordium","TheCity"],"potions_floor_usage":[],"damage_taken":[{"damage":0.0,"enemies":"Small Slimes","floor":1.0,"turns":3.0},{"damage":2.0,"enemies":"Cultist","floor":3.0,"turns":4.0},{"damage":1.0,"enemies":"2 Louse","floor":5.0,"turns":4.0},{"damage":24.0,"enemies":"Lagavulin","floor":6.0,"turns":8.0},{"damage":5.0,"enemies":"Gremlin Nob","floor":8.0,"turns":3.0},{"damage":3.0,"enemies":"Lagavulin","floor":10.0,"turns":5.0},{"damage":7.0,"enemies":"3 Sentries","floor":12.0,"turns":5.0},{"damage":4.0,"enemies":"Blue Slaver","floor":13.0,"turns":3.0},{"damage":8.0,"enemies":"The Guardian","floor":16.0,"turns":14.0},{"damage":12.0,"enemies":"Shell Parasite","floor":18.0,"turns":5.0},{"damage":4.0,"enemies":"2 Thieves","floor":22.0,"turns":3.0},{"damage":18.0,"enemies":"Slavers","floor":24.0,"turns":4.0},{"damage":0,"enemies":"Gremlin Leader","floor":27,"turns":3},{"damage":7,"enemies":"Cultist and Chosen","floor":28,"turns":5},{"damage":4,"enemies":"Colosseum Slavers","floor":29,"turns":4},{"damage":5,"enemies":"Slavers","floor":30,"turns":5}],"seed_played":"6522089223629097973","potions_obtained":[{"floor":1.0,"key":"Weak Potion"},{"floor":3.0,"key":"Energy Potion"},{"floor":8.0,"key":"SkillPotion"},{"floor":10.0,"key":"SkillPotion"}],"is_trial":false,"path_per_floor":["M","$","M","?","M","E","R","E","T","E","?","E","M","?","R","B",null,"M","?","$","?","M","R","E","?","T","E","M","?","E"],"character_chosen":"THE_SERVANT","items_purchased":["Omamori","Juzu Bracelet","ShiftingGears"],"campfire_rested":2,"item_purchase_floors":[2,2,20],"current_hp_per_floor":[44,44,42,42,41,17,36,31,31,28,28,21,17,10,29,21,54,42,42,42,42,38,38,20,20,20,20,13,9,4,4],"gold":290,"neow_bonus":"TWO_FIFTY_GOLD","is_daily":false,"chose_seed":false,"campfire_upgraded":1,"win_rate":0.0,"timestamp":1611982234,"path_taken":["M","$","M","?","M","E","R","E","T","E","?","E","M","?","R","BOSS","M","?","$","?","M","R","E","?","T","E","M","?","E"],"items_purchased_type":["Relic","Relic","Card"],"build_version":"2020-12-22","purchased_purges":1,"victory":false,"max_hp_per_floor":[65,65,65,65,65,65,65,65,65,65,65,65,65,65,65,65,65,65,65,65,65,65,65,65,65,65,65,65,65,65,65],"card_choices":[{"not_picked":["FastForward","Shuttle"],"picked":"Snipe","floor":1.0},{"not_picked":["Foresight","Comet"],"picked":"Ricochet","floor":3.0},{"not_picked":["Hightail","Ricochet"],"picked":"Potential","floor":5.0},{"not_picked":["Replace","Revamp","Ricochet"],"picked":"SKIP","floor":6.0},{"not_picked":["TrueSight","Revamp"],"picked":"Orbit","floor":8.0},{"not_picked":["Rewind","Moonlight"],"picked":"Read","floor":10.0},{"not_picked":["Potential","TimeWarp","Unruled"],"picked":"SKIP","floor":12.0},{"not_picked":["Starlight","Replace"],"picked":"Comet","floor":13.0},{"not_picked":["Dilation","TheWorld"],"picked":"SoulSculpture","floor":16.0},{"not_picked":["Orbit","FastForward+1"],"picked":"DoubleEdge","floor":18.0},{"not_picked":["ReturningBlade+1","Ricochet"],"picked":"BottledTime","floor":22.0},{"not_picked":["Sunlight","TimeWarp+1"],"picked":"Manipulate","floor":24.0},{"not_picked":["Defy","Starlight"],"picked":"Rewind","floor":27},{"not_picked":["Spin","FanOfKnives"],"picked":"BottledTime+1","floor":28}],"player_experience":190877,"relics_obtained":[{"floor":6.0,"key":"PreservedInsect"},{"floor":8.0,"key":"Potion Belt"},{"floor":9.0,"key":"Centennial Puzzle"},{"floor":10.0,"key":"Turnip"},{"floor":12.0,"key":"Ancient Tea Set"},{"floor":24.0,"key":"Whetstone"},{"floor":27,"key":"Dream Catcher"}],"event_choices":[{"cards_removed":["Strike_S"],"damage_healed":0.0,"max_hp_gain":0.0,"max_hp_loss":0.0,"gold_gain":0.0,"event_name":"Bonfire Elementals","player_choice":"Offered Basic","floor":4.0,"gold_loss":0.0,"damage_taken":0.0},{"cards_removed":["Strike_S"],"damage_healed":0.0,"max_hp_gain":0.0,"max_hp_loss":0.0,"gold_gain":0.0,"event_name":"The Cleric","player_choice":"Card Removal","floor":11.0,"gold_loss":50.0,"damage_taken":0.0},{"cards_removed":["Strike_S"],"damage_healed":0.0,"max_hp_gain":0.0,"max_hp_loss":0.0,"gold_gain":0.0,"event_name":"Golden Wing","player_choice":"Card Removal","floor":14.0,"gold_loss":0.0,"damage_taken":7.0},{"damage_healed":0.0,"max_hp_gain":0.0,"max_hp_loss":0.0,"gold_gain":0.0,"event_name":"Addict","player_choice":"Stole Relic","floor":19.0,"gold_loss":0.0,"damage_taken":0.0,"relics_obtained":["Regal Pillow"],"cards_obtained":["Shame"]},{"damage_healed":0.0,"max_hp_gain":0.0,"max_hp_loss":0.0,"gold_gain":0.0,"event_name":"Back to Basics","player_choice":"Simplicity","floor":21.0,"gold_loss":0.0,"damage_taken":0.0,"cards_upgraded":["Defend_S","Defend_S","Defend_S","Defend_S"]},{"damage_healed":0,"gold_gain":0,"player_choice":"Fight","damage_taken":0,"max_hp_gain":0,"max_hp_loss":0,"event_name":"Colosseum","floor":29,"gold_loss":0},{"damage_healed":0,"gold_gain":0,"player_choice":"Fled From Nobs","damage_taken":0,"max_hp_gain":0,"max_hp_loss":0,"event_name":"Colosseum","floor":29,"gold_loss":0}],"is_beta":false,"boss_relics":[{"not_picked":["StoneMask","Empty Cage"],"picked":"Sozu"}],"items_purged_floors":[20],"is_endless":false,"potions_floor_spawned":[1,3,8,10,18,22,24,27],"killed_by":"Slavers","ascension_level":8}}