{"host":"0o4jkshs65tojivq","time":1611988000,"event":{"mods":["BaseMod","Downfall","Minty Spire (QoL Compilation)","Relic Stats","StSLib"],"gold_per_floor":[99,99,274,274,14,14,14,46,64,64,83,118,118,118,131,234,234,234,249,87,37,84,84,111,111,130,30,62,47,57,157,171,272,272,172,188,205,97,97,111,163,180,180,198,208,108,119,119,145,160,160,160,160],"floor_reached":51,"language":"ENG","playtime":6376,"items_purged":["Regret","Doubt","bronze:Strike+1"],"score":530,"play_id":"615fb15e-6ef2-4448-9d1e-c50117f1ef16","local_time":"20210129222640","is_ascension_mode":false,"campfire_choices":[{"data":"bronze:Replicate","floor":1.0,"key":"SMITH"},{"data":"bronze:Goto","floor":10.0,"key":"SMITH"},{"data":"expansioncontent:AwakenDeath","floor":13.0,"key":"SMITH"},{"data":"bronze:ThunderWave","floor":18.0,"key":"SMITH"},{"data":"bronze:OilSpill","floor":23.0,"key":"SMITH"},{"floor":25.0,"key":"RECALL"},{"data":"bronze:Constructor","floor":27.0,"key":"SMITH"},{"data":"bronze:Verify","floor":35,"key":"SMITH"},{"data":"bronze:Flail","floor":43,"key":"SMITH"},{"floor":46,"key":"REST"}],"circlet_count":0,"master_deck":["bronze:Replicate+1","bronze:Goto+1","bronze:OilSpill+1","bronze:InfiniteBeams+1","expansioncontent:AwakenDeath+1","bronze:ChosenStrike+1","bronze:ThunderWave+1","bronze:Constructor+1","bronze:Format+1","bronze:Verify+1","bronze:FineTuning+1","bronze:Separator+1","bronze:HyperBeam+1","bronze:ForceShield+1","bronze:Flail+1"],"relics":["bronze:BronzeCore","White Beast Statue","Orichalcum","Whetstone","SacredBark","Omamori","downfall:HeartBlessingRed","Ornamental Fan","Toy Ornithopter","Astrolabe","downfall:HeartBlessingBlue","Matryoshka","Anchor","Potion Belt","downfall:HeartBlessingGreen","Oddly Smooth Stone"],"acts_visited":["Exordium","TheCity","TheBeyond"],"potions_floor_usage":[36,38,38,44,47,49,50,51],"damage_taken":[{"damage":15.0,"enemies":"downfall:FleeingMerchant","floor":5.0,"turns":4.0},{"damage":0.0,"enemies":"Cultist","floor":6.0,"turns":1.0},{"damage":14.0,"enemies":"Gremlin Nob","floor":8.0,"turns":3.0},{"damage":7.0,"enemies":"2 Louse","floor":9.0,"turns":3.0},{"damage":5.0,"enemies":"Small Slimes","floor":11.0,"turns":2.0},{"damage":24.0,"enemies":"Lagavulin","floor":12.0,"turns":5.0},{"damage":22.0,"enemies":"3 Louse","floor":15.0,"turns":6.0},{"damage":42.0,"enemies":"DF_ARCHETYPE_STREAMLINE","floor":16.0,"turns":8.0},{"damage":4.0,"enemies":"Chosen","floor":19.0,"turns":4.0},{"damage":10.0,"enemies":"downfall:FleeingMerchant","floor":20.0,"turns":4.0},{"damage":0.0,"enemies":"3 Byrds","floor":26.0,"turns":4.0},{"damage":11.0,"enemies":"Book of Stabbing","floor":28.0,"turns":5.0},{"damage":4.0,"enemies":"downfall:FleeingMerchant","floor":29.0,"turns":4.0},{"damage":21.0,"enemies":"Shelled Parasite and Fungi","floor":30.0,"turns":3.0},{"damage":10.0,"enemies":"downfall:LadyInBlue","floor":31.0,"turns":5.0},{"damage":22.0,"enemies":"3 Cultists","floor":32.0,"turns":5.0},{"damage":19.0,"enemies":"WA_ARCHETYPE_CALM","floor":33.0,"turns":7.0},{"damage":9,"enemies":"3 Shapes","floor":36,"turns":6},{"damage":0,"enemies":"Orb Walker","floor":37,"turns":2},{"damage":0,"enemies":"downfall:FleeingMerchant","floor":38,"turns":3},{"damage":16,"enemies":"Spire Growth","floor":40,"turns":5},{"damage":11,"enemies":"Jaw Worm Horde","floor":42,"turns":3},{"damage":1,"enemies":"4 Shapes","floor":44,"turns":7},{"damage":3,"enemies":"3 Darklings","floor":45,"turns":4},{"damage":11,"enemies":"Writhing Mass","floor":47,"turns":3},{"damage":5,"enemies":"Giant Head","floor":49,"turns":8},{"damage":36,"enemies":"Maw","floor":50,"turns":5},{"damage":28,"enemies":"IC_BLOCK_ARCHETYPE","floor":51,"turns":2}],"seed_played":"-1647166222282782377","potions_obtained":[{"floor":8.0,"key":"AttackPotion"},{"floor":9.0,"key":"SmokeBomb"},{"floor":11.0,"key":"bronze:BurnAndBuffPotion"},{"floor":12.0,"key":"Weak Potion"},{"floor":16.0,"key":"EssenceOfSteel"},{"floor":19.0,"key":"Block Potion"},{"floor":26.0,"key":"BlessingOfTheForge"},{"floor":28.0,"key":"SkillPotion"},{"floor":29.0,"key":"champ:CounterPotion"},{"floor":30.0,"key":"bronze:CleanCodePotion"},{"floor":31.0,"key":"DistilledChaos"},{"floor":31.0,"key":"LiquidMemories"},{"floor":36,"key":"LiquidMemories"},{"floor":38,"key":"champ:CounterPotion"},{"floor":42,"key":"SteroidPotion"},{"floor":44,"key":"bronze:BurnAndBuffPotion"},{"floor":45,"key":"Fire Potion"},{"floor":47,"key":"bronze:BuildAFunctionPotion"},{"floor":49,"key":"CultistPotion"},{"floor":50,"key":"Block Potion"}],"is_trial":false,"path_per_floor":["R","?","?","?","$","M","T","E","M","R","M","E","R","?","M","B",null,"R","M","$","?","T","R","T","R","M","R","E","$","M","?","M","B",null,"R","M","M","$","?","M","T","M","R","M","M","R","M","?","E","M","B"],"character_chosen":"THE_AUTOMATON","items_purchased":["bronze:InfiniteBeams","expansioncontent:AwakenDeath","bronze:Constructor","Matryoshka","Regen Potion"],"campfire_rested":1,"item_purchase_floors":[5,5,20,38,38],"current_hp_per_floor":[63,63,63,63,48,48,48,34,27,27,22,20,20,20,30,18,63,63,59,49,63,63,63,63,63,63,63,52,48,27,17,30,11,63,73,69,69,73,73,57,57,46,46,69,66,73,62,54,54,23,0,0,0],"gold":160,"neow_bonus":"REMOVE_TWO","is_daily":false,"chose_seed":false,"campfire_upgraded":8,"win_rate":0.0,"timestamp":1611988000,"path_taken":["R","?","?","?","$","M","T","E","?","R","?","E","R","?","M","BOSS","R","M","$","?","?","R","T","R","M","R","E","?","M","?","M","BOSS","R","M","M","$","?","M","T","M","R","M","M","R","M","?","E","M","BOSS"],"items_purchased_type":["Card","Card","Card","Relic","Potion"],"build_version":"2020-12-22","purchased_purges":3,"victory":false,"max_hp_per_floor":[63,63,63,63,63,63,63,63,63,63,63,63,63,63,63,63,63,63,63,63,63,63,63,63,63,63,63,63,63,63,63,63,63,63,73,73,73,73,73,73,73,73,73,73,73,73,73,73,73,73,73,73,73],"relic_stats":{"counters":[28,121],"Ornamental Fan":[128],"Astrolabe":["bronze:FineTuning","bronze:Separator","bronze:HyperBeam"],"Whetstone":["bronze:Strike","bronze:ChosenStrike"],"Orichalcum":[222],"obtain_stats":[{"Potion Belt":41,"bronze:BronzeCore":0,"downfall:HeartBlessingRed":27,"SacredBark":17,"Astrolabe":34,"Oddly Smooth Stone":49,"downfall:HeartBlessingGreen":46,"Omamori":24,"Whetstone":12,"Orichalcum":8,"White Beast Statue":7,"Anchor":41,"downfall:BrokenWingStatue":2,"Matryoshka":38,"Ornamental Fan":28,"downfall:HeartBlessingBlue":35,"Toy Ornithopter":31},{"Potion Belt":21,"bronze:BronzeCore":0,"downfall:HeartBlessingRed":11,"SacredBark":8,"Astrolabe":17,"Oddly Smooth Stone":26,"downfall:HeartBlessingGreen":24,"Omamori":10,"Whetstone":6,"Orichalcum":3,"White Beast Statue":2,"Anchor":21,"downfall:BrokenWingStatue":0,"Matryoshka":20,"Ornamental Fan":12,"downfall:HeartBlessingBlue":17,"Toy Ornithopter":15},{"Potion Belt":89,"bronze:BronzeCore":0,"downfall:HeartBlessingRed":44,"SacredBark":32,"Astrolabe":73,"Oddly Smooth Stone":114,"downfall:HeartBlessingGreen":103,"Omamori":40,"Whetstone":18,"Orichalcum":8,"White Beast Statue":5,"Anchor":89,"downfall:BrokenWingStatue":0,"Matryoshka":84,"Ornamental Fan":49,"downfall:HeartBlessingBlue":73,"Toy Ornithopter":61}],"Toy Ornithopter":29},"card_choices":[{"not_picked":["bronze:Overload","bronze:Frontload"],"picked":"bronze:OilSpill","floor":5.0},{"not_picked":["bronze:CloningBeam","bronze:Deprecate"],"picked":"bronze:ChosenStrike","floor":6.0},{"not_picked":["bronze:FineTuning","bronze:Mutator"],"picked":"bronze:ThunderWave","floor":8.0},{"not_picked":["bronze:Deprecate","bronze:Frontload","bronze:ChildClass"],"picked":"SKIP","floor":9.0},{"not_picked":["bronze:CutThrough","bronze:Optimize","bronze:BitShift"],"picked":"SKIP","floor":11.0},{"not_picked":["bronze:CutThrough","bronze:Optimize","bronze:BitShift"],"picked":"SKIP","floor":11.0},{"not_picked":["bronze:CutThrough","bronze:Optimize","bronze:BitShift"],"picked":"SKIP","floor":11.0},{"not_picked":["bronze:CloningBeam","bronze:ChildClass","bronze:WhirlingStrike"],"picked":"SKIP","floor":12.0},{"not_picked":["bronze:Separator","bronze:DelayedSlice","bronze:ItsAFeature"],"picked":"SKIP","floor":15.0},{"not_picked":["bronze:Overheat","bronze:DelayedGuard","bronze:OilSpill+1"],"picked":"SKIP","floor":19.0},{"not_picked":["bronze:ShipIt","bronze:Iterate","bronze:BugBarrage+1"],"picked":"SKIP","floor":20.0},{"not_picked":["bronze:Iterate","bronze:NullPointer"],"picked":"bronze:BronzeArmor","floor":26.0},{"not_picked":["bronze:DarkDash","bronze:BitShift","bronze:Fortify"],"picked":"SKIP","floor":28.0},{"not_picked":["bronze:Overload","bronze:ItsAFeature"],"picked":"bronze:Format","floor":29.0},{"not_picked":["bronze:Safeguard","bronze:OilSpill","bronze:Overload+1"],"picked":"SKIP","floor":30.0},{"not_picked":["bronze:Frontload+1","bronze:ChildClass","bronze:Separator"],"picked":"SKIP","floor":32.0},{"not_picked":["bronze:FindAndReplace","bronze:SpaghettiCode"],"picked":"bronze:Verify","floor":33.0},{"not_picked":["bronze:Allocate+1","bronze:Constructor"],"picked":"bronze:ForceShield+1","floor":36},{"not_picked":["bronze:Refactor+1","bronze:FineTuning+1"],"picked":"bronze:Flail","floor":37},{"not_picked":["bronze:GetLatest+1","bronze:Constructor","bronze:NullPointer"],"picked":"SKIP","floor":38},{"not_picked":["bronze:Overheat","bronze:Turbo","bronze:BugBarrage"],"picked":"SKIP","floor":40},{"not_picked":["bronze:Allocate+1","bronze:Deprecate","bronze:Frontload+1"],"picked":"SKIP","floor":42},{"not_picked":["bronze:CutThrough","bronze:FindAndReplace","bronze:BronzeArmor"],"picked":"SKIP","floor":44},{"not_picked":["bronze:Frontload","bronze:DarkDash+1","bronze:Philosophize"],"picked":"SKIP","floor":45},{"not_picked":["bronze:FollowUp","bronze:Fortify+1","bronze:Repair+1"],"picked":"SKIP","floor":47},{"not_picked":["bronze:BugBarrage+1","bronze:FollowUp+1","bronze:Allocate+1"],"picked":"SKIP","floor":49},{"not_picked":["bronze:Separator","bronze:FineTuning+1","bronze:CutThrough"],"picked":"SKIP","floor":50}],"player_experience":1169573,"relics_obtained":[{"floor":7.0,"key":"White Beast Statue"},{"floor":8.0,"key":"Orichalcum"},{"floor":12.0,"key":"Whetstone"},{"floor":24.0,"key":"Omamori"},{"floor":28.0,"key":"Ornamental Fan"},{"floor":31.0,"key":"Toy Ornithopter"},{"floor":41,"key":"Anchor"},{"floor":41,"key":"Potion Belt"},{"floor":49,"key":"Oddly Smooth Stone"}],"event_choices":[],"is_beta":false,"boss_relics":[{"not_picked":["Coffee Dripper","Velvet Choker"],"picked":"SacredBark"},{"not_picked":["Snecko Eye","Busted Crown"],"picked":"Astrolabe"}],"items_purged_floors":[5,20,38],"is_endless":false,"potions_floor_spawned":[8,9,11,12,15,16,19,20,26,28,29,30,31,32,33,36,37,38,40,42,44,45,47,49,50],"killed_by":"IC_BLOCK_ARCHETYPE","ascension_level":0}}