{"host":"4kmvpqjeiacgn1pr","time":1611972220,"event":{"mods":["AchievementEnabler","BaseMod","Better Altar","Better Match","Better Note","Better Sensory Stone","Better Skull","Better Third Choice","Colored Map","Colored Powertips","Curses Come First","Downfall","Highlight Path","Hubris","Infinite Spire","Minty Spire (QoL Compilation)","Permanent Neow","Quick Restart","Rare Cards Sparkle","Replay The Spire","Spicy Shops","StSLib"],"gold_per_floor":[114,114,84,84,145,171,191,191,218,15,41,60,60,170,170,270,270,282,332,382,450,469,497,497,497],"floor_reached":24,"language":"ENG","playtime":1635,"items_purged":["Strike_G"],"score":364,"play_id":"36062151-4e66-41bd-9e28-90baa0d5888a","local_time":"20210129210340","is_ascension_mode":true,"campfire_choices":[{"floor":8,"key":"REST"},{"data":"Replay:Dark Deal","floor":15,"key":"SMITH"}],"circlet_count":0,"master_deck":["AscendersBane","Defend_G","Defend_G","Defend_G","Defend_G","Defend_G","Survivor","Neutralize","Die Die Die","Escape Plan","Cloak And Dagger","Riddle With Holes","Replay:Bag of Tricks+1","Dagger Spray","Replay:Dark Deal+1","All Out Attack","Accuracy","ReplayTheSpireMod:From All Sides","hubris:NaturalOne","Eviscerate+1","Bite","Bite","Bite","Bite","Bite","Setup","Masterful Stab+1"],"relics":["Ring of the Snake","hubris:Icosahedron","SsserpentHead","Bag of Marbles","MawBank","PreservedInsect","Replay:WaspNest","hubris:HollowSoul","hubris:ToyBattleship"],"acts_visited":["Exordium","TheCity"],"potions_floor_usage":[11,14,14,16],"damage_taken":[{"damage":3,"enemies":"Small Slimes","floor":1,"turns":2},{"damage":0,"enemies":"Cultist","floor":3,"turns":4},{"damage":0,"enemies":"2 Louse","floor":5,"turns":1},{"damage":54,"enemies":"Lagavulin","floor":6,"turns":9},{"damage":1,"enemies":"2 Fungi Beasts","floor":7,"turns":2},{"damage":28,"enemies":"3 Sentries","floor":11,"turns":7},{"damage":1,"enemies":"Gremlin Gang","floor":12,"turns":3},{"damage":14,"enemies":"Lagavulin Event","floor":14,"turns":3},{"damage":17,"enemies":"The Guardian","floor":16,"turns":7},{"damage":3,"enemies":"3 Byrds","floor":18,"turns":4},{"damage":29,"enemies":"Chosen","floor":21,"turns":5},{"damage":0,"enemies":"Shelled Parasite and Fungi","floor":22,"turns":1},{"damage":6,"enemies":"Nightmare","floor":23,"turns":4},{"damage":22,"enemies":"Sentry and Sphere","floor":24,"turns":3}],"seed_played":"31610155216953056","potions_obtained":[{"floor":3,"key":"bronze:BurnAndBuffPotion"},{"floor":7,"key":"hexamod:SoulburnPotion"},{"floor":11,"key":"Block Potion"},{"floor":12,"key":"CunningPotion"},{"floor":22,"key":"SteroidPotion"}],"is_trial":false,"path_per_floor":["M","?","M","?","M","E","M","R","T","$","E","M","$","?","R","B",null,"M","?","?","M","M","NM","M"],"character_chosen":"THE_SILENT","items_purchased":["Replay:Dark Deal"],"campfire_rested":1,"item_purchase_floors":[10],"current_hp_per_floor":[60,60,60,60,60,6,5,26,26,26,8,17,17,3,3,53,66,63,49,49,24,24,18,0,0],"gold":497,"neow_bonus":"ONE_RANDOM_RARE_CARD","is_daily":false,"chose_seed":false,"campfire_upgraded":1,"win_rate":0.0,"timestamp":1611972220,"path_taken":["M","?","M","?","?","E","M","R","T","?","E","M","$","?","R","BOSS","M","?","?","?","M","NM","M"],"items_purchased_type":["Card"],"build_version":"2020-12-22","purchased_purges":1,"victory":false,"max_hp_per_floor":[70,70,70,70,70,70,70,70,70,70,70,70,70,70,70,70,70,70,49,49,49,49,49,49,49],"card_choices":[{"not_picked":["Heel Hook","PiercingWail"],"picked":"Escape Plan","floor":1},{"not_picked":["Outmaneuver","Poisoned Stab"],"picked":"Cloak And Dagger","floor":3},{"not_picked":["Dodge and Roll","hubris:SlightOfHand"],"picked":"Riddle With Holes","floor":5},{"not_picked":["Endless Agony","ReplayTheSpireMod:Scrap Shanks"],"picked":"Replay:Bag of Tricks","floor":6},{"not_picked":["Dagger Throw","Prepared"],"picked":"Dagger Spray","floor":7},{"not_picked":["Noxious Fumes","Wraith Form v2"],"picked":"All Out Attack","floor":11},{"not_picked":["ReplayTheSpireMod:Exploit Weakness","PiercingWail","Dagger Spray"],"picked":"SKIP","floor":12},{"not_picked":["Footwork","Hidden Blade"],"picked":"Accuracy","floor":14},{"not_picked":["Unload","Corpse Explosion"],"picked":"ReplayTheSpireMod:From All Sides","floor":16},{"not_picked":["Underhanded Strike","PiercingWail"],"picked":"Eviscerate+1","floor":18},{"not_picked":["Blur","Dagger Throw","Quick Slash"],"picked":"SKIP","floor":21},{"not_picked":["Deflect","Dodge and Roll+1"],"picked":"Setup","floor":22},{"not_picked":["Dodge and Roll","Doppelganger"],"picked":"Masterful Stab+1","floor":23}],"player_experience":387497,"relics_obtained":[{"floor":6,"key":"Bag of Marbles"},{"floor":9,"key":"MawBank"},{"floor":11,"key":"PreservedInsect"},{"floor":14,"key":"Replay:WaspNest"},{"floor":23,"key":"hubris:ToyBattleship"}],"event_choices":[{"damage_healed":0,"gold_gain":0,"player_choice":"Trade","damage_taken":0,"relics_obtained":["SsserpentHead"],"max_hp_gain":0,"max_hp_loss":0,"event_name":"FaceTrader","floor":4,"gold_loss":0},{"damage_healed":0,"gold_gain":0,"player_choice":"Searched \u00272\u0027 times","damage_taken":0,"max_hp_gain":0,"max_hp_loss":0,"event_name":"Dead Adventurer","floor":14,"gold_loss":0},{"damage_healed":0,"gold_gain":0,"player_choice":"Became a vampire","damage_taken":0,"max_hp_gain":0,"max_hp_loss":21,"event_name":"Vampires","floor":19,"gold_loss":0,"cards_obtained":["Bite","Bite","Bite","Bite","Bite"]},{"damage_healed":0,"gold_gain":0,"player_choice":"Upgraded","damage_taken":0,"max_hp_gain":0,"max_hp_loss":0,"event_name":"Upgrade Shrine","floor":20,"gold_loss":0,"cards_upgraded":["Replay:Bag of Tricks"]}],"is_beta":false,"boss_relics":[{"not_picked":["Empty Cage","HoveringKite"],"picked":"hubris:HollowSoul"}],"items_purged_floors":[10],"is_endless":true,"potions_floor_spawned":[3,7,11,12,22],"killed_by":"Sentry and Sphere","ascension_level":10}}