{"host":"39erygfi9n0tobyn","time":1611975855,"event":{"mods":["2.2 Compatiblity","BaseMod","Bestiary","Colored Map","Colored Powertips","Curses Come First","Highlight Path","Keyboard Shortcuts","Minty Spire (QoL Compilation)","Relic Stats","StSLib","SuperFastMode"],"gold_per_floor":[118,134,150,162,61,89,99,114,114,114,126,126,145,175,175,280,280,298,298,213,225,43,43,43,43],"floor_reached":24,"language":"ENG","playtime":858,"items_purged":[],"score":200,"play_id":"c9c09625-c99f-4c56-b28f-863d3b4f33a1","local_time":"20210130000415","is_ascension_mode":false,"campfire_choices":[{"floor":10,"key":"REST"},{"floor":12,"key":"REST"},{"floor":15,"key":"REST"},{"floor":23,"key":"REST"}],"circlet_count":0,"master_deck":["Strike_B","Strike_B+1","Strike_B","Defend_B","Defend_B","Defend_B","Defend_B","Zap","Dualcast","Genetic Algorithm","Beam Cell","Creative AI","Self Repair","Steam","Rip and Tear","Go for the Eyes+1","Beam Cell","Stack","Darkness","Heatsinks","Amplify","Auto Shields","Barrage","Blizzard"],"relics":["Cracked Core","NeowsBlessing","Ginger","Whetstone","Velvet Choker","Bag of Marbles","Pen Nib"],"acts_visited":["Exordium","TheCity"],"potions_floor_usage":[8,13,16,16,24],"damage_taken":[{"damage":0,"enemies":"Cultist","floor":1,"turns":1},{"damage":0,"enemies":"Jaw Worm","floor":2,"turns":1},{"damage":0,"enemies":"Small Slimes","floor":3,"turns":1},{"damage":23,"enemies":"2 Fungi Beasts","floor":4,"turns":4},{"damage":35,"enemies":"Lagavulin","floor":6,"turns":8},{"damage":13,"enemies":"Exordium Thugs","floor":7,"turns":5},{"damage":13,"enemies":"Lots of Slimes","floor":8,"turns":2},{"damage":4,"enemies":"Gremlin Gang","floor":11,"turns":7},{"damage":18,"enemies":"3 Louse","floor":13,"turns":3},{"damage":19,"enemies":"The Guardian","floor":16,"turns":11},{"damage":31,"enemies":"Shell Parasite","floor":18,"turns":7},{"damage":27,"enemies":"3 Byrds","floor":21,"turns":7},{"damage":66,"enemies":"3 Cultists","floor":24,"turns":5}],"seed_played":"-42065741323438510","potions_obtained":[{"floor":1,"key":"EssenceOfDarkness"},{"floor":4,"key":"BlessingOfTheForge"},{"floor":6,"key":"AttackPotion"},{"floor":8,"key":"LiquidBronze"},{"floor":13,"key":"AttackPotion"},{"floor":18,"key":"SteroidPotion"}],"is_trial":false,"path_per_floor":["M","M","M","M","$","E","M","M","T","R","M","R","M","?","R","B",null,"M","?","?","M","$","R","M"],"character_chosen":"DEFECT","items_purchased":["Steam","Rip and Tear","Pen Nib","Blizzard"],"campfire_rested":4,"item_purchase_floors":[5,5,22,22],"current_hp_per_floor":[75,75,75,52,52,24,18,5,5,27,30,52,41,41,63,51,75,51,51,51,31,31,53,0,0],"gold":43,"neow_bonus":"THREE_ENEMY_KILL","is_daily":false,"chose_seed":false,"campfire_upgraded":0,"win_rate":0.0,"timestamp":1611975855,"path_taken":["M","?","M","M","$","E","M","M","T","R","M","R","M","?","R","BOSS","M","?","?","?","$","R","M"],"items_purchased_type":["Card","Card","Relic","Card"],"build_version":"2020-12-22","purchased_purges":0,"victory":false,"max_hp_per_floor":[75,75,75,75,75,75,75,75,75,75,75,75,75,75,75,75,75,75,75,75,75,75,75,75,75],"relic_stats":{"counters":[13,62],"Pen Nib":[0],"Ginger":[2],"Whetstone":["Go for the Eyes","Strike_B"],"obtain_stats":[{"NeowsBlessing":0,"Velvet Choker":17,"Pen Nib":22,"Bag of Marbles":20,"Ginger":6,"Whetstone":9,"Cracked Core":0},{"NeowsBlessing":0,"Velvet Choker":10,"Pen Nib":12,"Bag of Marbles":11,"Ginger":5,"Whetstone":7,"Cracked Core":0},{"NeowsBlessing":0,"Velvet Choker":43,"Pen Nib":57,"Bag of Marbles":50,"Ginger":15,"Whetstone":22,"Cracked Core":0}]},"card_choices":[{"not_picked":["Steam","Leap"],"picked":"Genetic Algorithm","floor":1},{"not_picked":["Storm","Steam Power"],"picked":"Beam Cell","floor":2},{"not_picked":["Sweeping Beam","Double Energy"],"picked":"Creative AI","floor":3},{"not_picked":["Blizzard","Compile Driver"],"picked":"Self Repair","floor":4},{"not_picked":["Consume","Barrage"],"picked":"Go for the Eyes","floor":6},{"not_picked":["Capacitor","Heatsinks"],"picked":"Beam Cell","floor":7},{"not_picked":["Barrage","Steam"],"picked":"Stack","floor":8},{"not_picked":["Sunder","Ball Lightning"],"picked":"Darkness","floor":11},{"not_picked":["Go for the Eyes","Beam Cell"],"picked":"Heatsinks","floor":13},{"not_picked":["Biased Cognition","Electrodynamics"],"picked":"Amplify","floor":16},{"not_picked":["Reinforced Body","Gash"],"picked":"Auto Shields","floor":18},{"not_picked":["Storm","Hologram"],"picked":"Barrage","floor":21}],"player_experience":59879,"relics_obtained":[{"floor":6,"key":"Ginger"},{"floor":9,"key":"Whetstone"}],"event_choices":[{"damage_healed":0,"gold_gain":30,"player_choice":"Searched \u00271\u0027 times","damage_taken":0,"max_hp_gain":0,"max_hp_loss":0,"event_name":"Dead Adventurer","floor":14,"gold_loss":0},{"cards_removed":["Strike_B"],"damage_healed":0,"gold_gain":0,"player_choice":"Elegance","damage_taken":0,"max_hp_gain":0,"max_hp_loss":0,"event_name":"Back to Basics","floor":19,"gold_loss":0},{"damage_healed":0,"gold_gain":0,"player_choice":"Obtained Relic","damage_taken":0,"relics_obtained":["Bag of Marbles"],"max_hp_gain":0,"max_hp_loss":0,"event_name":"Addict","floor":20,"gold_loss":85}],"is_beta":false,"boss_relics":[{"not_picked":["Empty Cage","SlaversCollar"],"picked":"Velvet Choker"}],"items_purged_floors":[],"is_endless":false,"potions_floor_spawned":[1,4,6,8,13,18],"killed_by":"3 Cultists","ascension_level":0}}