{"host":"6xsbn6ynqlzwllfm","time":1611996721,"event":{"mods":["2.2 Compatiblity","BaseMod","Bestiary","Colored Map","Colored Powertips","Curses Come First","Highlight Path","Keyboard Shortcuts","Minty Spire (QoL Compilation)","Relic Stats","Slay the Relics Exporter","StSLib","SuperFastMode"],"gold_per_floor":[116,127,147,166,180,211,224,257,327,327,341,368,368,26,26,99,99,109,109,129,129,129,129,155,155,155,181,181,196,226,246,246,322,322,332,348,393,418,418,450,450,450,522,304,317,317,644,511,511,511,511],"floor_reached":50,"language":"ENG","playtime":2232,"items_purged":["Pain","Eruption"],"score":1250,"play_id":"05828e63-96af-44a8-b9ea-e70705a191cf","local_time":"20210130035201","is_ascension_mode":true,"campfire_choices":[{"data":"Tantrum","floor":15,"key":"SMITH"},{"data":"RitualDagger","floor":23,"key":"SMITH"},{"data":"Omniscience","floor":25,"key":"SMITH"},{"floor":28,"key":"REST"},{"floor":32,"key":"REST"},{"floor":42,"key":"REST"},{"floor":49,"key":"RECALL"}],"circlet_count":0,"master_deck":["AscendersBane","Vigilance","Tantrum+1","FollowUp","WindmillStrike","Consecrate","FlurryOfBlows","Wallop","Perseverance","CarveReality","FlurryOfBlows","Protect","Omniscience+1","Meditate","Study","MentalFortress","ForeignInfluence","Brilliance","Consecrate","Indignation","FlurryOfBlows","Evaluate","RitualDagger+1","EmptyFist","Worship","DeusExMachina","WaveOfTheHand+1","Study+1","DeceiveReality","MentalFortress","Wallop+1"],"relics":["PureWater","Incense Burner","Bird Faced Urn","Toy Ornithopter","Pantograph","Juzu Bracelet","Calipers","Membership Card","Thread and Needle","Pandora\u0027s Box","Letter Opener","Vajra","CaptainsWheel","Ginger","Cursed Key","Turnip","Mango","Happy Flower","StrikeDummy","Bronze Scales","Old Coin","Frozen Eye"],"acts_visited":["Exordium","TheCity","TheBeyond"],"potions_floor_usage":[6,8,12,12,18,24,27,30,37,40],"damage_taken":[{"damage":6,"enemies":"Cultist","floor":1,"turns":4},{"damage":0,"enemies":"Small Slimes","floor":2,"turns":3},{"damage":2,"enemies":"2 Louse","floor":3,"turns":4},{"damage":1,"enemies":"Red Slaver","floor":4,"turns":2},{"damage":1,"enemies":"2 Fungi Beasts","floor":5,"turns":3},{"damage":23,"enemies":"3 Sentries","floor":6,"turns":7},{"damage":0,"enemies":"3 Louse","floor":7,"turns":2},{"damage":0,"enemies":"Gremlin Nob","floor":8,"turns":2},{"damage":0,"enemies":"Large Slime","floor":11,"turns":2},{"damage":3,"enemies":"Lagavulin","floor":12,"turns":7},{"damage":32,"enemies":"The Guardian","floor":16,"turns":8},{"damage":2,"enemies":"3 Byrds","floor":18,"turns":4},{"damage":0,"enemies":"Chosen","floor":20,"turns":3},{"damage":31,"enemies":"Slavers","floor":24,"turns":4},{"damage":20,"enemies":"Book of Stabbing","floor":27,"turns":3},{"damage":0,"enemies":"Centurion and Healer","floor":29,"turns":2},{"damage":14,"enemies":"Gremlin Leader","floor":30,"turns":5},{"damage":0,"enemies":"3 Cultists","floor":31,"turns":3},{"damage":24,"enemies":"Champ","floor":33,"turns":11},{"damage":10,"enemies":"Orb Walker","floor":35,"turns":4},{"damage":0,"enemies":"3 Shapes","floor":36,"turns":2},{"damage":51,"enemies":"2 Orb Walkers","floor":37,"turns":4},{"damage":6,"enemies":"Mind Bloom Boss Battle","floor":38,"turns":4},{"damage":30,"enemies":"Reptomancer","floor":40,"turns":4},{"damage":23,"enemies":"Writhing Mass","floor":45,"turns":2},{"damage":17,"enemies":"Nemesis","floor":47,"turns":7},{"damage":142,"enemies":"Time Eater","floor":50,"turns":7}],"seed_played":"-5091519633371867999","potions_obtained":[{"floor":2,"key":"Dexterity Potion"},{"floor":4,"key":"Weak Potion"},{"floor":7,"key":"SneckoOil"},{"floor":11,"key":"Regen Potion"},{"floor":12,"key":"DuplicationPotion"},{"floor":16,"key":"Weak Potion"},{"floor":20,"key":"DuplicationPotion"},{"floor":24,"key":"DistilledChaos"},{"floor":29,"key":"SpeedPotion"},{"floor":35,"key":"LiquidBronze"},{"floor":38,"key":"FearPotion"},{"floor":40,"key":"SpeedPotion"}],"is_trial":false,"path_per_floor":["M","M","M","M","M","E","M","E","T","?","M","E","?","$","R","B",null,"M","T","M","?","?","R","E","R","T","E","R","M","E","M","R","B",null,"M","M","?","?","?","E","?","R","T","$","M","?","E","$","R","B"],"character_chosen":"WATCHER","items_purchased":["Membership Card","Thread and Needle","Bronze Scales","FairyPotion","MentalFortress","Frozen Eye"],"campfire_rested":3,"item_purchase_floors":[14,14,44,44,44,48],"current_hp_per_floor":[37,37,35,34,33,10,10,10,10,5,5,27,27,27,27,20,56,59,59,59,59,53,53,27,27,27,12,32,32,27,27,47,46,63,53,53,9,42,42,21,21,45,45,45,22,67,56,56,56,0,0],"gold":511,"neow_bonus":"ONE_RARE_RELIC","is_daily":false,"chose_seed":false,"campfire_upgraded":3,"win_rate":0.0,"timestamp":1611996721,"path_taken":["M","?","M","M","M","E","M","E","T","?","M","E","?","$","R","BOSS","M","?","M","?","?","R","E","R","T","E","R","M","E","M","R","BOSS","M","M","?","?","?","E","?","R","T","$","M","?","E","$","R","BOSS"],"items_purchased_type":["Relic","Relic","Relic","Potion","Card","Relic"],"build_version":"2020-12-22","purchased_purges":2,"victory":false,"max_hp_per_floor":[68,68,68,68,68,68,68,68,68,68,68,68,68,68,68,68,68,68,68,68,68,68,68,68,68,68,68,68,68,68,68,68,68,68,68,68,68,82,82,82,82,82,82,82,82,67,67,67,67,67,67],"relic_stats":{"Happy Flower":[5],"counters":[27,113],"Juzu Bracelet":1,"Letter Opener":[108],"Ginger":[6],"Cursed Key":1,"Bird Faced Urn":[24],"Pantograph":82,"Bronze Scales":[69],"Pandora\u0027s Box":["Meditate","Study","MentalFortress","ForeignInfluence","Brilliance","SashWhip","Consecrate","Indignation"],"Turnip":[1],"obtain_stats":[{"Calipers":13,"Happy Flower":40,"Vajra":24,"Thread and Needle":14,"Mango":38,"Incense Burner":0,"Juzu Bracelet":12,"Letter Opener":19,"Ginger":30,"Cursed Key":34,"Old Coin":47,"Frozen Eye":48,"CaptainsWheel":27,"Bird Faced Urn":6,"Pantograph":9,"Bronze Scales":44,"Pandora\u0027s Box":17,"Turnip":37,"Membership Card":14,"PureWater":0,"StrikeDummy":43,"Toy Ornithopter":8},{"Calipers":10,"Happy Flower":24,"Vajra":14,"Thread and Needle":10,"Mango":23,"Incense Burner":0,"Juzu Bracelet":10,"Letter Opener":12,"Ginger":17,"Cursed Key":19,"Old Coin":26,"Frozen Eye":26,"CaptainsWheel":15,"Bird Faced Urn":6,"Pantograph":8,"Bronze Scales":24,"Pandora\u0027s Box":11,"Turnip":22,"Membership Card":10,"PureWater":0,"StrikeDummy":24,"Toy Ornithopter":8},{"Calipers":36,"Happy Flower":97,"Vajra":55,"Thread and Needle":36,"Mango":93,"Incense Burner":0,"Juzu Bracelet":36,"Letter Opener":48,"Ginger":65,"Cursed Key":79,"Old Coin":106,"Frozen Eye":106,"CaptainsWheel":58,"Bird Faced Urn":23,"Pantograph":27,"Bronze Scales":97,"Pandora\u0027s Box":44,"Turnip":89,"Membership Card":36,"PureWater":0,"StrikeDummy":97,"Toy Ornithopter":27}],"Toy Ornithopter":40},"card_choices":[{"not_picked":["CutThroughFate","ThirdEye"],"picked":"Tantrum","floor":1},{"not_picked":["Sanctity","Crescendo"],"picked":"FollowUp","floor":2},{"not_picked":["Crescendo","Wireheading"],"picked":"WindmillStrike","floor":3},{"not_picked":["Prostrate","Worship"],"picked":"Consecrate","floor":4},{"not_picked":["ClearTheMind","Meditate"],"picked":"FlurryOfBlows","floor":5},{"not_picked":["Fasting2","Worship"],"picked":"Wallop","floor":6},{"not_picked":["CutThroughFate","Brilliance"],"picked":"Perseverance","floor":7},{"not_picked":["ThirdEye","Fasting2"],"picked":"CarveReality","floor":8},{"not_picked":["SandsOfTime","EmptyBody"],"picked":"FlurryOfBlows","floor":11},{"not_picked":["LikeWater","WindmillStrike"],"picked":"Protect","floor":12},{"not_picked":["Scrawl","DevaForm"],"picked":"Omniscience","floor":16},{"not_picked":["PathToVictory","Evaluate"],"picked":"FlurryOfBlows","floor":18},{"not_picked":["Prostrate","BowlingBash"],"picked":"EmptyFist","floor":27},{"not_picked":["WreathOfFlame","MentalFortress"],"picked":"Worship","floor":29},{"not_picked":["SpiritShield","Establishment"],"picked":"DeusExMachina","floor":33},{"not_picked":["JustLucky","ConjureBlade"],"picked":"WaveOfTheHand+1","floor":37},{"not_picked":["BowlingBash","Evaluate"],"picked":"Study+1","floor":38},{"not_picked":["Weave","Study"],"picked":"DeceiveReality","floor":40},{"not_picked":["Consecrate","FollowUp"],"picked":"Wallop+1","floor":47}],"player_experience":1262635,"relics_obtained":[{"floor":6,"key":"Bird Faced Urn"},{"floor":8,"key":"Toy Ornithopter"},{"floor":9,"key":"Pantograph"},{"floor":12,"key":"Juzu Bracelet"},{"floor":19,"key":"Letter Opener"},{"floor":24,"key":"Vajra"},{"floor":27,"key":"CaptainsWheel"},{"floor":30,"key":"Ginger"},{"floor":37,"key":"Turnip"},{"floor":38,"key":"Mango"},{"floor":40,"key":"Happy Flower"},{"floor":43,"key":"StrikeDummy"},{"floor":47,"key":"Old Coin"}],"event_choices":[{"damage_healed":0,"gold_gain":0,"player_choice":"Fled","damage_taken":5,"max_hp_gain":0,"max_hp_loss":0,"event_name":"Scrap Ooze","floor":10,"gold_loss":0},{"damage_healed":0,"gold_gain":0,"player_choice":"Gave Potion","damage_taken":0,"relics_obtained":["Calipers"],"max_hp_gain":0,"max_hp_loss":0,"event_name":"WeMeetAgain","floor":13,"gold_loss":0},{"damage_healed":0,"gold_gain":0,"player_choice":"Read","damage_taken":0,"max_hp_gain":0,"max_hp_loss":0,"event_name":"The Library","floor":21,"gold_loss":0,"cards_obtained":["Evaluate"]},{"damage_healed":0,"gold_gain":0,"player_choice":"Joined the Cult","damage_taken":6,"max_hp_gain":0,"max_hp_loss":0,"event_name":"Nest","floor":22,"gold_loss":0,"cards_obtained":["RitualDagger"]},{"damage_healed":0,"gold_gain":0,"player_choice":"Fight","damage_taken":0,"max_hp_gain":0,"max_hp_loss":0,"event_name":"Mysterious Sphere","floor":37,"gold_loss":0},{"damage_healed":0,"gold_gain":0,"player_choice":"Fight","damage_taken":0,"max_hp_gain":0,"max_hp_loss":0,"event_name":"MindBloom","floor":38,"gold_loss":0},{"cards_removed":["SashWhip"],"damage_healed":0,"gold_gain":0,"player_choice":"Removed Attack","damage_taken":0,"max_hp_gain":0,"max_hp_loss":0,"event_name":"Falling","floor":39,"gold_loss":0},{"damage_healed":0,"gold_gain":0,"player_choice":"Ignored","damage_taken":0,"max_hp_gain":0,"max_hp_loss":0,"event_name":"SecretPortal","floor":41,"gold_loss":0},{"damage_healed":67,"gold_gain":0,"player_choice":"Heal","damage_taken":0,"max_hp_gain":0,"max_hp_loss":15,"event_name":"The Moai Head","floor":46,"gold_loss":0}],"is_beta":false,"boss_relics":[{"not_picked":["Sozu","Busted Crown"],"picked":"Pandora\u0027s Box"},{"not_picked":["Runic Dome","Coffee Dripper"],"picked":"Cursed Key"}],"items_purged_floors":[44,48],"is_endless":false,"potions_floor_spawned":[2,4,7,11,12,16,20,24,29,35,38,40],"killed_by":"Time Eater","ascension_level":19}}