{"host":"dprcptr190br6xbd","time":1611981514,"event":{"mods":["AchievementEnabler","BaseMod","Colored Map","Colored Powertips","Googly Eyes","Hubris","Minty Spire (QoL Compilation)","Permanent Neow","Quick Restart","Remilia??????","Replay The Spire","StSLib"],"gold_per_floor":[5099,5099,5099,5099,5099,5099,5099,5099,5099,5111,5144,4697,4697,4697,4697,4793,4793,4793,4793,4793,4793,4793,4823,4839,4839,4839,4839,4839,4839,4839,4839,4839,4938,4938,4938,4938,4938,4938,4938,4938,4387,4387,4387,4387,4387,4387,4387,4387,4387,4387],"floor_reached":51,"language":"ENG","playtime":324,"items_purged":[],"score":1229,"play_id":"89cfc7b0-a152-447b-9325-cf8b5837d332","local_time":"20210129223834","is_ascension_mode":false,"campfire_choices":[{"data":"Strike_R","floor":6.0,"key":"SMITH"},{"floor":15.0,"key":"REST"},{"data":"Strike_R","floor":25.0,"key":"SMITH"},{"floor":32.0,"key":"REST"},{"data":"Defend_R","floor":44,"key":"SMITH"},{"floor":49,"key":"REST"}],"circlet_count":0,"master_deck":["Strike_R+1","Strike_R","Strike_R+1","Strike_R","Defend_R+1","Defend_R+1","Defend_R","Defend_R","Bash","Clothesline","Rage+1","Bludgeon","Strike_R","Demon Form","Iron Wave"],"relics":["Burning Blood","Replay:Baseball","MealTicket","Onion Ring","ReplayFunnel","Happy Flower","Chemical X","hubris:HollowSoul","Kunai","White Beast Statue","War Paint","hubris:BlackHole","hubris:Towel","hubris:BottledRain","Bag of Preparation","Medical Kit","Golden Egg","hubris:Icosahedron","hubris:GlazedTorus"],"acts_visited":["Exordium","TheCity","TheBeyond"],"potions_floor_usage":[],"damage_taken":[{"damage":0.0,"enemies":"Small Slimes","floor":1.0,"turns":1.0},{"damage":0.0,"enemies":"Cultist","floor":2.0,"turns":1.0},{"damage":0.0,"enemies":"2 Louse","floor":4.0,"turns":1.0},{"damage":0.0,"enemies":"Exordium Thugs","floor":5.0,"turns":1.0},{"damage":0.0,"enemies":"Red Slaver","floor":7.0,"turns":1.0},{"damage":0.0,"enemies":"Exordium Wildlife","floor":8.0,"turns":1.0},{"damage":0.0,"enemies":"Gremlin Gang","floor":10.0,"turns":1.0},{"damage":0.0,"enemies":"3 Sentries","floor":11.0,"turns":1.0},{"damage":0.0,"enemies":"Large Slime","floor":13.0,"turns":1.0},{"damage":0.0,"enemies":"Fading Forest","floor":16.0,"turns":1.0},{"damage":0.0,"enemies":"Shell Parasite","floor":18.0,"turns":1.0},{"damage":0.0,"enemies":"3 Byrds","floor":20.0,"turns":1.0},{"damage":0.0,"enemies":"3 Cultists","floor":21.0,"turns":1.0},{"damage":0.0,"enemies":"Snake Plant","floor":22.0,"turns":1.0},{"damage":0.0,"enemies":"Slavers","floor":23.0,"turns":1.0},{"damage":0.0,"enemies":"Centurion and Healer","floor":24.0,"turns":1.0},{"damage":0.0,"enemies":"Snecko","floor":27.0,"turns":1.0},{"damage":0.0,"enemies":"Cultist and Chosen","floor":28.0,"turns":1.0},{"damage":0.0,"enemies":"Sentry and Sphere","floor":29.0,"turns":1.0},{"damage":0.0,"enemies":"Book of Stabbing","floor":31.0,"turns":1.0},{"damage":0.0,"enemies":"Collector","floor":33.0,"turns":1.0},{"damage":0.0,"enemies":"3 Shapes","floor":35.0,"turns":1.0},{"damage":0.0,"enemies":"3 Darklings","floor":36.0,"turns":1.0},{"damage":0.0,"enemies":"Maw","floor":37.0,"turns":1.0},{"damage":0,"enemies":"Spire Growth","floor":42,"turns":1},{"damage":0,"enemies":"Sphere and 2 Shapes","floor":45,"turns":1},{"damage":0,"enemies":"Reptomancer","floor":47,"turns":1},{"damage":0,"enemies":"Jaw Worm Horde","floor":48,"turns":1},{"damage":0,"enemies":"Time Eater","floor":50,"turns":1}],"seed_played":"-5037459345287248314","potions_obtained":[{"floor":3.0,"key":"Milkshake"},{"floor":3.0,"key":"Languid Potion"},{"floor":3.0,"key":"Explosive Potion"}],"is_trial":false,"path_per_floor":["M","M","?","M","M","R","M","M","T","M","E","$","M","?","R","B",null,"M","?","M","M","M","E","M","R","T","M","M","M","?","E","R","B",null,"M","M","M","?","?","?","$","M","T","R","M","?","E","M","R_BF","B",null],"character_chosen":"IRONCLAD","items_purchased":["ReplayFunnel","Happy Flower","Chemical X","hubris:BottledRain","Bag of Preparation","Medical Kit"],"campfire_rested":3,"item_purchase_floors":[12,12,12,41,41,41],"current_hp_per_floor":[80,80,80,80,80,80,80,80,80,80,80,80,80,80,80,80,80,80,80,80,80,80,80,80,80,80,80,80,80,80,80,80,80,80,80,80,80,80,76,76,76,76,76,76,76,76,76,76,76,76],"gold":4387,"neow_bonus":"RANDOM_COMMON_RELIC","is_daily":false,"chose_seed":false,"campfire_upgraded":3,"win_rate":0.0,"timestamp":1611981514,"path_taken":["M","M","?","M","M","R","M","M","T","M","E","$","?","?","R","BOSS","M","?","M","M","M","E","M","R","T","M","?","M","?","E","R","BOSS","M","M","?","?","?","?","?","M","T","R","?","?","E","M","R_BF","BOSS"],"items_purchased_type":["Relic","Relic","Relic","Relic","Relic","Relic"],"build_version":"2020-12-22","purchased_purges":0,"victory":true,"max_hp_per_floor":[80,80,80,80,80,80,80,80,80,80,80,80,80,80,80,80,80,80,80,80,80,80,80,80,80,80,80,80,80,80,80,80,80,80,80,80,80,80,76,76,76,76,76,76,76,76,76,76,76,76],"card_choices":[{"not_picked":["ReplayTheSpireMod:Limb From Limb","Run Through","ReplayReversal"],"picked":"SKIP","floor":1.0},{"not_picked":["ReplayTheSpireMod:Muscle Training","Sever Soul","Run Through"],"picked":"SKIP","floor":2.0},{"not_picked":["Flex","Twin Strike","ReplayReversal"],"picked":"SKIP","floor":4.0},{"not_picked":["Replay:Undeath\u0027s Touch","Clothesline","Flex"],"picked":"SKIP","floor":5.0},{"not_picked":["Shockwave","Body Slam","Anger"],"picked":"SKIP","floor":7.0},{"not_picked":["Flex","ReplayTheSpireMod:Corrosion Curse","Burning Pact"],"picked":"SKIP","floor":8.0},{"not_picked":["Thunderclap","Flex"],"picked":"Clothesline","floor":10.0},{"not_picked":["Armaments","Replay:Many Hands"],"picked":"Rage","floor":11.0},{"not_picked":["Rupture","Heavy Blade","Run Through"],"picked":"SKIP","floor":13.0},{"not_picked":["Berserk","Reaper"],"picked":"Bludgeon","floor":16.0},{"not_picked":["Body Slam","Reckless Charge","Searing Blow+1"],"picked":"SKIP","floor":18.0},{"not_picked":["Flex+1","Shrug It Off+1","Pommel Strike"],"picked":"SKIP","floor":20.0},{"not_picked":["Iron Wave","Pommel Strike","Cleave"],"picked":"SKIP","floor":21.0},{"not_picked":["Entrench","Body Slam+1","Armaments+1"],"picked":"SKIP","floor":22.0},{"not_picked":["Ghostly Armor","Shrug It Off"],"picked":"Demon Form","floor":23.0},{"not_picked":["Combust","Heavy Blade","Body Slam"],"picked":"SKIP","floor":24.0},{"not_picked":["Heavy Blade","Seeing Red","Sword Boomerang"],"picked":"SKIP","floor":27.0},{"not_picked":["Entrench","Sword Boomerang+1","Spot Weakness+1"],"picked":"SKIP","floor":28.0},{"not_picked":["ReplayTheSpireMod:Strike From Hell","Run Through","Disarm+1"],"picked":"SKIP","floor":29.0},{"not_picked":["Fire Breathing","Double Tap","Seeing Red"],"picked":"SKIP","floor":31.0},{"not_picked":["Warcry","Metallicize+1","Clothesline"],"picked":"SKIP","floor":35.0},{"not_picked":["hubris:ReadiedAction+1","Perfected Strike","Rupture"],"picked":"SKIP","floor":36.0},{"not_picked":["Burning Pact","Pommel Strike","Spot Weakness+1"],"picked":"SKIP","floor":37.0},{"not_picked":["Flex+1","Combust","Entrench"],"picked":"SKIP","floor":42},{"not_picked":["Perfected Strike+1","Demonic Infusion","Anger+1"],"picked":"SKIP","floor":45},{"not_picked":["Fiend Fire","Searing Blow","Reckless Charge"],"picked":"SKIP","floor":47},{"not_picked":["Sever Soul","hubris:SharpeningStone","ReplayTheSpireMod:Strike From Hell"],"picked":"SKIP","floor":48}],"player_experience":78219,"relics_obtained":[{"floor":9.0,"key":"MealTicket"},{"floor":11.0,"key":"Onion Ring"},{"floor":23.0,"key":"Kunai"},{"floor":26.0,"key":"White Beast Statue"},{"floor":31.0,"key":"War Paint"},{"floor":43,"key":"Golden Egg"},{"floor":47,"key":"hubris:GlazedTorus"}],"event_choices":[{"damage_healed":0.0,"max_hp_gain":0.0,"max_hp_loss":0.0,"gold_gain":0.0,"event_name":"Lab","player_choice":"Got Potions","floor":3.0,"gold_loss":0.0,"damage_taken":0.0},{"damage_healed":0.0,"max_hp_gain":0.0,"max_hp_loss":0.0,"gold_gain":0.0,"event_name":"Upgrade Shrine","player_choice":"Upgraded","floor":14.0,"gold_loss":0.0,"damage_taken":0.0,"cards_upgraded":["Strike_R"]},{"damage_healed":0.0,"max_hp_gain":0.0,"max_hp_loss":0.0,"gold_gain":0.0,"event_name":"Duplicator","player_choice":"Copied","floor":19.0,"gold_loss":0.0,"damage_taken":0.0,"cards_obtained":["Strike_R"]},{"cards_removed":["Strike_R"],"damage_healed":0.0,"max_hp_gain":0.0,"max_hp_loss":0.0,"gold_gain":0.0,"event_name":"NoteForYourself","player_choice":"Took Card","floor":30.0,"gold_loss":0.0,"damage_taken":0.0,"cards_obtained":["Iron Wave"]},{"damage_healed":0.0,"max_hp_gain":0.0,"max_hp_loss":4.0,"gold_gain":0.0,"event_name":"Winding Halls","player_choice":"Max HP","floor":39.0,"gold_loss":0.0,"damage_taken":0.0}],"is_beta":false,"boss_relics":[{"not_picked":["ChewingGum","Velvet Choker"],"picked":"hubris:HollowSoul"},{"not_picked":["Replay:Drink Me","hubris:ScarierMask"],"picked":"hubris:BlackHole"}],"items_purged_floors":[],"is_endless":false,"potions_floor_spawned":[1,5,10,13,20,23,27,28,29,31,33,35,36,37,42,45,47,48],"ascension_level":0}}