{"host":"juoup3p5tvzzktl5","time":1611993246,"event":{"mods":["ATMod(∞¢Ë™Mod)","Aspiration","BaseMod","Better Vampires","BetterRewards","Colored Map","Colored Powertips","Downfall","Friendly Minions","GifTheSpireLib","Hermit","Hubris","Infinite Spire","KinomotoSakuraMod(ƒæ÷Æ±æ”£)","Koishi","KomeijiMod","Marisa£®ÏF”Í°°ƒß¿Ì…≥£©","Minty Spire (QoL Compilation)","Quick Restart","Reimu£®≤©¿ˆ¡È√Œ£©","Relic Filter Mod","Reliquary","Replay The Spire","Shop Mod","StSLib","The Administrix","The Alterego","The Bug Knight","The Construct","The Cursed","The Jungle","The Mystic","The Runesmith","The Senshi","Youmu£®ªÍ∆«—˝√Œ£©","Yuyuko"],"gold_per_floor":[99,109,109,126,36,36,36,46,46,31,31,31,41,41,59,159,159,159,179,179,198,211,211,211,222,254,274,274,274,274,13,26,122,122,122,122,140,154,154,154,154,154,154,168,184,184,197,212,230,230],"floor_reached":51,"language":"ZHS","playtime":2375,"items_purged":["Guardian:Strike_Guardian"],"score":438,"play_id":"727177da-d86c-4ae2-becf-c4bfff1b2e4b","local_time":"20210130165406","is_ascension_mode":false,"campfire_choices":[{"data":"Guardian:TwinSlam","floor":1.0,"key":"SMITH"},{"data":"AT_FamilyPortrait","floor":6.0,"key":"SMITH"},{"data":"Guardian:PrimingBeam","floor":12.0,"key":"SMITH"},{"data":"Guardian:WalkerClaw","floor":18.0,"key":"SMITH"},{"floor":23.0,"key":"REST"},{"floor":30.0,"key":"REST"},{"data":"Guardian:Emergency","floor":35.0,"key":"SMITH"},{"data":"Guardian:SphericShield","floor":35.0,"key":"SMITH"},{"data":"Guardian:Orbwalk","floor":42.0,"key":"SMITH"},{"data":"Guardian:CompilePackage","floor":42.0,"key":"SMITH"}],"circlet_count":0,"master_deck":["Guardian:Defend_Guardian","Guardian:Defend_Guardian","Guardian:Defend_Guardian+1","Guardian:Defend_Guardian+1","Guardian:TwinSlam+1","AT_FamilyPortrait+1","Guardian:TemporalShield+1","Guardian:Orbwalk+1","Guardian:PrimingBeam+1","Guardian:Recover","downfall:Malfunctioning","Guardian:TemporalStrike","Guardian:WalkerClaw+1","Guardian:HyperBeam_Guardian+1","Guardian:ChargeUp","Guardian:ChargeCore","Guardian:PrimingBeam","Guardian:WalkerClaw+1","Guardian:SphericShield+1","Guardian:Emergency+1","Guardian:CompilePackage+1","Guardian:TemporalShield+1","Guardian:ShieldSpikes+1","Guardian:BronzeOrb","Guardian:BodySlam","Guardian:Planning+1"],"relics":["AT_ATBox","Runesmith:UraniumAnvil","Boot","ThirstyCross","hubris:HollowSoul","Replay:Arrowhead","Tea:ReiMu","downfall:KnowingSkull","aspiration:StickyExplosives","Sozu","hubris:Towel","Singing Bowl","infinitespire:Lucky Rock"],"acts_visited":["Exordium","TheCity","TheBeyond"],"potions_floor_usage":[],"damage_taken":[{"damage":5.0,"enemies":"Small Slimes","floor":2.0,"turns":4.0},{"damage":1.0,"enemies":"Cultist","floor":4.0,"turns":3.0},{"damage":0.0,"enemies":"downfall:FleeingMerchant","floor":5.0,"turns":4.0},{"damage":1.0,"enemies":"Jaw Worm","floor":8.0,"turns":4.0},{"damage":0.0,"enemies":"downfall:FleeingMerchant","floor":10.0,"turns":4.0},{"damage":5.0,"enemies":"Blue Slaver","floor":13.0,"turns":2.0},{"damage":6.0,"enemies":"Gremlin Gang","floor":15.0,"turns":3.0},{"damage":20.0,"enemies":"DF_ARCHETYPE_STREAMLINE","floor":16.0,"turns":9.0},{"damage":19.0,"enemies":"3 Cultists","floor":19.0,"turns":5.0},{"damage":17.0,"enemies":"Sentry and Sphere","floor":21.0,"turns":5.0},{"damage":14.0,"enemies":"Snake Plant","floor":22.0,"turns":4.0},{"damage":10.0,"enemies":"Shelled Parasite and Fungi","floor":25.0,"turns":4.0},{"damage":8.0,"enemies":"HollowMod:Nosk","floor":26.0,"turns":6.0},{"damage":17.0,"enemies":"Centurion and Healer","floor":27.0,"turns":4.0},{"damage":1.0,"enemies":"Chosen and Byrds","floor":29.0,"turns":1.0},{"damage":1.0,"enemies":"downfall:FleeingMerchant","floor":31.0,"turns":4.0},{"damage":6.0,"enemies":"3 Cultists","floor":32.0,"turns":3.0},{"damage":0.0,"enemies":"IC_MUSHROOM_ARCHETYPE","floor":33.0,"turns":1.0},{"damage":1.0,"enemies":"Orb Walker","floor":37.0,"turns":4.0},{"damage":1.0,"enemies":"3 Darklings","floor":38.0,"turns":1.0},{"damage":17,"enemies":"Spire Growth","floor":44,"turns":3},{"damage":1,"enemies":"4 Shapes","floor":45,"turns":3},{"damage":2,"enemies":"Sphere and 2 Shapes","floor":47,"turns":3},{"damage":1,"enemies":"Transient","floor":48,"turns":5},{"damage":0,"enemies":"3 Darklings","floor":49,"turns":2},{"damage":0,"enemies":"WA_ARCHETYPE_DIVINITY","floor":50,"turns":1}],"seed_played":"-3925327562322514741","potions_obtained":[{"floor":8.0,"key":"Fire Potion"},{"floor":13.0,"key":"ColorlessPotion"},{"floor":16.0,"key":"Block Potion"},{"floor":25.0,"key":"Elixir"},{"floor":32.0,"key":"EntropicBrew"}],"is_trial":false,"path_per_floor":["R","M","?","M","$","R","T","M","?","$","?","R","M","?","M","B",null,"R","M","?","M","M","R","T","M","E","M","?","M","R","$","M","B",null,"R","?","M","M","?","?","T","R","?","M","M","T","M","M","M","B",null],"character_chosen":"GUARDIAN","items_purchased":["aspiration:StickyExplosives"],"campfire_rested":2,"item_purchase_floors":[31],"current_hp_per_floor":[80,75,75,74,74,74,74,73,73,73,73,73,68,68,62,42,80,80,61,61,44,30,54,54,44,36,19,11,14,38,37,31,40,80,80,80,79,78,78,78,78,78,78,61,60,60,58,59,61,42],"gold":230,"neow_bonus":"BOSS_RELIC","is_daily":false,"chose_seed":false,"campfire_upgraded":8,"win_rate":0.0,"timestamp":1611993246,"path_taken":["R","M","?","M","$","R","T","?","?","$","?","R","M","?","M","BOSS","R","M","?","M","M","R","T","?","E","M","?","M","M","?","M","BOSS","R","?","M","M","?","?","T","R","?","?","M","?","M","M","M","BOSS"],"items_purchased_type":["Relic"],"build_version":"2020-12-22","purchased_purges":1,"victory":true,"max_hp_per_floor":[80,80,80,80,80,80,80,80,80,80,80,80,80,80,80,80,80,80,80,80,80,80,80,80,80,80,80,80,80,80,80,80,80,80,80,80,80,80,80,80,80,80,80,80,80,80,80,82,84,84],"card_choices":[{"not_picked":["Guardian:Planning","Guardian:PrimingBeam"],"picked":"Guardian:TemporalShield","floor":2.0},{"not_picked":["Guardian:FloatingOrbs","Guardian:Suspension"],"picked":"Guardian:Orbwalk","floor":4.0},{"not_picked":["Guardian:Planning","Guardian:SpikerProtocol"],"picked":"Guardian:PrimingBeam","floor":5.0},{"not_picked":["Guardian:PrismaticBeam","Guardian:ArmoredProtocol"],"picked":"Guardian:Recover","floor":8.0},{"not_picked":["Guardian:Incinerate","Guardian:Gem_Fragmented"],"picked":"Guardian:TemporalStrike","floor":10.0},{"not_picked":["Guardian:Reroute","Guardian:PolyBeam"],"picked":"Guardian:Gem_Cyan","floor":13.0},{"not_picked":["Guardian:Gem_Cyan","Guardian:Gem_Red"],"picked":"Guardian:WalkerClaw","floor":15.0},{"not_picked":["Guardian:FastForward","Guardian:RevengeProtocol"],"picked":"Guardian:HyperBeam_Guardian","floor":16.0},{"not_picked":["Guardian:Gem_Yellow","Guardian:Reroute"],"picked":"Guardian:ChargeUp","floor":19.0},{"not_picked":["Guardian:Gem_Fragmented","Guardian:Incinerate"],"picked":"Guardian:PrimingBeam","floor":21.0},{"not_picked":["Guardian:Gem_Cyan","Guardian:PiercingHide"],"picked":"Guardian:WalkerClaw+1","floor":22.0},{"not_picked":["Guardian:Orbwalk","Guardian:SpikerProtocol+1","Guardian:EvasiveProtocol"],"picked":"SKIP","floor":25.0},{"not_picked":["Guardian:Gem_Lightblue","Guardian:PolyBeam"],"picked":"Guardian:SphericShield","floor":26.0},{"not_picked":["Guardian:Incinerate","Guardian:Gem_Fragmented","Guardian:ShieldCharger"],"picked":"SKIP","floor":27.0},{"not_picked":["Guardian:Clone+1","Guardian:ShieldCharger"],"picked":"Guardian:Emergency","floor":31.0},{"not_picked":["Guardian:PiercingHide","Guardian:TemporalShield","Guardian:Gem_Lightblue"],"picked":"SKIP","floor":32.0},{"not_picked":["Guardian:AncientConstruct","Guardian:GemFinder"],"picked":"Guardian:CompilePackage","floor":33.0},{"not_picked":["Guardian:TimeBomb+1","Guardian:PiercingHide+1"],"picked":"Guardian:TemporalShield+1","floor":37.0},{"not_picked":["Guardian:PiercingHide+1","Guardian:CrystalBeam"],"picked":"Guardian:ShieldSpikes+1","floor":38.0},{"not_picked":["Guardian:ChargeCore","Guardian:Gem_Cyan"],"picked":"Guardian:BronzeOrb","floor":44},{"not_picked":["Guardian:Gem_Green","Guardian:PrimingBeam"],"picked":"Guardian:BodySlam","floor":45},{"not_picked":["Guardian:Recover+1","Guardian:PiercingHide"],"picked":"Guardian:Planning+1","floor":47},{"not_picked":["Guardian:Gem_Red","Guardian:VentSteam+1","Guardian:Recover"],"picked":"Singing Bowl","floor":48},{"not_picked":["Guardian:Incinerate","Guardian:PrismaticBeam","Guardian:Planning"],"picked":"Singing Bowl","floor":49}],"player_experience":1135929,"relics_obtained":[{"floor":7.0,"key":"Boot"},{"floor":24.0,"key":"Replay:Arrowhead"},{"floor":26.0,"key":"Tea:ReiMu"},{"floor":41.0,"key":"Singing Bowl"},{"floor":46,"key":"infinitespire:Lucky Rock"}],"event_choices":[{"cards_removed":["Guardian:CurlUp"],"damage_healed":0.0,"max_hp_gain":0.0,"max_hp_loss":0.0,"gold_gain":0.0,"event_name":"Bonfire Elementals","player_choice":"Offered Basic","floor":3.0,"gold_loss":0.0,"damage_taken":0.0},{"cards_removed":["Guardian:Strike_Guardian"],"damage_healed":0.0,"max_hp_gain":0.0,"max_hp_loss":0.0,"gold_gain":0.0,"event_name":"Living Wall","player_choice":"Forget","floor":14.0,"gold_loss":0.0,"damage_taken":0.0}],"is_beta":false,"boss_relics":[{"not_picked":["expansioncontent:StudyCardRelic","ReplayTheSpireMod:SealedPack"],"picked":"hubris:HollowSoul"},{"not_picked":["ReplayTheSpireMod:DimensionalGlitch","reliquary:WritOfMandamus"],"picked":"Sozu"}],"items_purged_floors":[5],"is_endless":false,"potions_floor_spawned":[8,13,16,25,29,32,37,47,48],"ascension_level":0}}