{"host":"syozzdlzcqop4jia","time":1611985999,"event":{"mods":["BaseMod","Colored Map","Colored Powertips","Minty Spire (QoL Compilation)","Quick Restart"],"gold_per_floor":[117,127,147,160,172,172,204,224,249,264,264,264,277,289,289,289,289],"floor_reached":16,"language":"ENG","playtime":945,"items_purged":[],"score":182,"play_id":"6d36a313-30f7-40bd-8fc9-d1234af84b04","local_time":"20210130065319","is_ascension_mode":true,"campfire_choices":[{"data":"Pummel","floor":6,"key":"SMITH"},{"floor":11,"key":"REST"},{"data":"Wild Strike","floor":15,"key":"SMITH"}],"circlet_count":0,"master_deck":["Strike_R","Strike_R","Strike_R","Strike_R","Strike_R","Defend_R","Defend_R","Defend_R","Defend_R","Bash","Perfected Strike","Pummel+1","Clothesline","Cleave","Twin Strike","Headbutt","Flex","Wild Strike","Wild Strike+1","Pummel","Berserk"],"relics":["Burning Blood","Gremlin Horn","Blood Vial"],"acts_visited":["Exordium"],"potions_floor_usage":[7,13,16,16],"damage_taken":[{"damage":6,"enemies":"Cultist","floor":1,"turns":3},{"damage":12,"enemies":"Small Slimes","floor":2,"turns":3},{"damage":0,"enemies":"2 Louse","floor":3,"turns":2},{"damage":1,"enemies":"2 Fungi Beasts","floor":4,"turns":3},{"damage":9,"enemies":"Looter","floor":5,"turns":3},{"damage":12,"enemies":"Gremlin Nob","floor":7,"turns":3},{"damage":21,"enemies":"Large Slime","floor":8,"turns":4},{"damage":5,"enemies":"Red Slaver","floor":10,"turns":2},{"damage":5,"enemies":"Gremlin Gang","floor":13,"turns":2},{"damage":1,"enemies":"Exordium Wildlife","floor":14,"turns":2}],"seed_played":"-7441611780073126256","potions_obtained":[{"floor":3,"key":"LiquidBronze"},{"floor":4,"key":"Energy Potion"},{"floor":10,"key":"Explosive Potion"},{"floor":13,"key":"Weak Potion"}],"is_trial":false,"path_per_floor":["M","M","M","M","M","R","E","M","T","M","R","?","M","M","R","B"],"character_chosen":"IRONCLAD","items_purchased":[],"campfire_rested":1,"item_purchase_floors":[],"current_hp_per_floor":[80,74,80,80,77,77,71,56,56,59,80,80,80,80,80,0,0],"gold":289,"neow_bonus":"THREE_CARDS","is_daily":false,"chose_seed":false,"campfire_upgraded":2,"win_rate":0.0,"timestamp":1611985999,"path_taken":["M","M","M","M","M","R","E","M","T","M","R","?","?","M","R","BOSS"],"items_purchased_type":[],"build_version":"2020-12-22","purchased_purges":0,"victory":false,"max_hp_per_floor":[80,80,80,80,80,80,80,80,80,80,80,80,80,80,80,80,80],"card_choices":[{"not_picked":["Armaments","Wild Strike"],"picked":"Perfected Strike","floor":0},{"not_picked":["Flex","Body Slam"],"picked":"Pummel","floor":1},{"not_picked":["Perfected Strike","Body Slam"],"picked":"Clothesline","floor":2},{"not_picked":["Havoc","Thunderclap"],"picked":"Cleave","floor":3},{"not_picked":["Dual Wield","Armaments"],"picked":"Twin Strike","floor":4},{"not_picked":["Juggernaut","True Grit"],"picked":"Headbutt","floor":5},{"not_picked":["Hemokinesis","Cleave"],"picked":"Flex","floor":7},{"not_picked":["Armaments","Sword Boomerang"],"picked":"Wild Strike","floor":8},{"not_picked":["Shockwave","Iron Wave"],"picked":"Wild Strike","floor":10},{"not_picked":["Cleave","Feel No Pain"],"picked":"Pummel","floor":13},{"not_picked":["Dropkick","Cleave"],"picked":"Berserk","floor":14}],"player_experience":434288,"relics_obtained":[{"floor":7,"key":"Gremlin Horn"},{"floor":9,"key":"Blood Vial"}],"event_choices":[{"damage_healed":0,"gold_gain":0,"player_choice":"Leave","damage_taken":0,"max_hp_gain":0,"max_hp_loss":0,"event_name":"FaceTrader","floor":12,"gold_loss":0}],"is_beta":false,"boss_relics":[],"items_purged_floors":[],"is_endless":false,"potions_floor_spawned":[3,4,10,13],"killed_by":"The Guardian","ascension_level":3}}