{"host":"fdshyddtzqm8gey2","time":1611983770,"event":{"mods":["AchievementEnabler","Act Like it!","Arknights The Spire","BaseMod","Colored Map","Colored Powertips","Decade(王小明)","Downfall","Friendly Minions","Kiyohime（清姬）","Koishi","LagranYue(拉格朗・月)","Marisa（F雨　魔理沙）","Minty Spire (QoL Compilation)","Prisma Mod","Reimu（博丽灵梦）","Remilia（蕾米莉亚）","Replay The Spire","StSLib","The Alterego","The Servant 0.9.4","TheSwordswoman","WarShipGirlsR/战舰少女R mod","Yakumo Yukari mod","Youmu（魂魄妖梦）","Yuyuko"],"gold_per_floor":[118,118,118,129,129,163,163,187,187,39,64,99,99,123,123,242,242,257,313,338,358,358,358,358],"floor_reached":23,"language":"ZHS","playtime":3360,"items_purged":[],"score":226,"play_id":"cb721b11-f8be-49d2-b836-da32ab2daf2c","local_time":"20210130131610","is_ascension_mode":false,"campfire_choices":[{"floor":7.0,"key":"REST"},{"floor":13.0,"key":"REST"},{"floor":15.0,"key":"REST"}],"circlet_count":0,"master_deck":["ats:Strike C","ats:Strike G","ats:Strike S","ats:Strike V","ats:Armor Crushing Shot","ats:Defend+1","ats:Defend","ats:Defend","ats:Defend","ats:Emotion Absorption","ats:Closed Bolt Burst Fire+1","ats:Hammer On","ats:Healing Strengthening","ats:Red Shift","ats:Blood Oath","ats:Guard Mode","ats:Rapid Magazine","ats:Soul Rend","CurseOfTheBell","ats:Apocalypse+1","ats:Powerful Strike+1","ats:Revitalization+1","ats:Counter Healing Mode","ats:Automatic Cover"],"relics":["ats:Sanity","NeowsBlessing","Golden Idol","ats:Originium","Gambling Chip","ats:Cure","Regal Pillow","Calling Bell","Anchor","HornCleat","Replay:Towering Pillar of Hats","Mirror"],"acts_visited":["Exordium","TheCity"],"potions_floor_usage":[],"damage_taken":[{"damage":0.0,"enemies":"Jaw Worm","floor":1.0,"turns":1.0},{"damage":0.0,"enemies":"2 Louse","floor":4.0,"turns":1.0},{"damage":0.0,"enemies":"Replay:BlueRogue","floor":6.0,"turns":1.0},{"damage":6.0,"enemies":"Cultist","floor":8.0,"turns":3.0},{"damage":10.0,"enemies":"Looter","floor":11.0,"turns":3.0},{"damage":41.0,"enemies":"3 Sentries","floor":12.0,"turns":9.0},{"damage":12.0,"enemies":"Blue Slaver","floor":14.0,"turns":2.0},{"damage":43.0,"enemies":"The Guardian","floor":16.0,"turns":13.0},{"damage":66.0,"enemies":"3 Byrds","floor":18.0,"turns":8.0},{"damage":74.0,"enemies":"Spheric Guardian","floor":20.0,"turns":10.0},{"damage":24.0,"enemies":"Snake Plant","floor":21.0,"turns":7.0},{"damage":95,"enemies":"Book of Stabbing","floor":23,"turns":7}],"seed_played":"-6876910613758242775","potions_obtained":[{"floor":8.0,"key":"Guardian:BlockOnCardUsePotion"},{"floor":11.0,"key":"EssenceOfSteel"},{"floor":12.0,"key":"SkillPotion"},{"floor":16.0,"key":"Explosive Potion"},{"floor":20.0,"key":"FearPotion"}],"is_trial":false,"path_per_floor":["M","?","?","M","?","E","R","M","T","$","M","E","R","M","R","B",null,"M","?","M","M","?","E"],"character_chosen":"DOCTOR_CLASS","items_purchased":["ats:Cure"],"campfire_rested":3,"item_purchase_floors":[10],"current_hp_per_floor":[72,72,58,58,40,40,61,55,55,55,45,12,48,36,72,41,72,28,28,15,49,49,0,0],"gold":358,"neow_bonus":"THREE_ENEMY_KILL","is_daily":false,"chose_seed":false,"campfire_upgraded":0,"win_rate":0.0,"timestamp":1611983770,"path_taken":["M","?","?","M","?","E","R","?","T","?","M","E","R","M","R","BOSS","M","?","M","M","?","E"],"items_purchased_type":["Relic"],"build_version":"2020-12-22","purchased_purges":0,"victory":false,"max_hp_per_floor":[72,72,72,72,72,72,72,72,72,72,72,72,72,72,72,72,72,72,72,72,72,72,72,72],"card_choices":[{"not_picked":["ats:Shell Defense","ats:Curse Doll"],"picked":"ats:Closed Bolt Burst Fire","floor":1.0},{"not_picked":["ats:Powerful Strike","ats:Chain Hook"],"picked":"ats:Hammer On","floor":4.0},{"not_picked":["ats:Phantom","ats:Disruption Kick"],"picked":"ats:Healing Strengthening","floor":6.0},{"not_picked":["ats:Sword Rain","ats:Powerful Strike"],"picked":"ats:Red Shift","floor":8.0},{"not_picked":["ats:Closed Bolt Burst Fire","ats:Hammer On"],"picked":"ats:Blood Oath","floor":11.0},{"not_picked":["ats:Absolute Focus","ats:Mental Burst"],"picked":"ats:Guard Mode","floor":12.0},{"not_picked":["ats:Shadow Raid","ats:Flexible Camouflage"],"picked":"ats:Rapid Magazine","floor":14.0},{"not_picked":["ats:Disruption Kick","ats:Roar Of Ursus"],"picked":"ats:Soul Rend","floor":16.0},{"not_picked":["ats:Cat Scratch+1","ats:Powerful Strike"],"picked":"ats:Apocalypse+1","floor":18.0},{"not_picked":["ats:Spore Proliferation","ats:Encircling Forest"],"picked":"ats:Powerful Strike+1","floor":19.0},{"not_picked":["ats:Assault Order","ats:Cat Scratch"],"picked":"ats:Revitalization+1","floor":19.0},{"not_picked":["ats:Closed Bolt Burst Fire+1","ats:Shadow Assault"],"picked":"ats:Counter Healing Mode","floor":20.0},{"not_picked":["ats:Directed Diagnosis","ats:Blood Oath+1"],"picked":"ats:Automatic Cover","floor":21.0}],"player_experience":98656,"relics_obtained":[{"floor":6.0,"key":"ats:Originium"},{"floor":6.0,"key":"Gambling Chip"},{"floor":12.0,"key":"ats:Originium"},{"floor":12.0,"key":"Regal Pillow"},{"floor":17.0,"key":"Anchor"},{"floor":17.0,"key":"HornCleat"},{"floor":17.0,"key":"Replay:Towering Pillar of Hats"},{"floor":19.0,"key":"Mirror"}],"event_choices":[{"damage_healed":0.0,"max_hp_gain":0.0,"max_hp_loss":0.0,"gold_gain":0.0,"event_name":"The Cleric","player_choice":"Leave","floor":2.0,"gold_loss":0.0,"damage_taken":0.0},{"damage_healed":0.0,"max_hp_gain":0.0,"max_hp_loss":0.0,"gold_gain":0.0,"event_name":"Shining Light","player_choice":"Entered Light","floor":3.0,"gold_loss":0.0,"damage_taken":14.0,"cards_upgraded":["ats:Defend","ats:Closed Bolt Burst Fire"]},{"damage_healed":0.0,"max_hp_gain":0.0,"max_hp_loss":0.0,"gold_gain":0.0,"event_name":"Golden Idol","player_choice":"Take Damage","floor":5.0,"gold_loss":0.0,"damage_taken":18.0,"relics_obtained":["Golden Idol"]},{"cards_removed":["ReplayTheSpireMod:Splinters"],"damage_healed":0.0,"max_hp_gain":0.0,"max_hp_loss":0.0,"gold_gain":0.0,"event_name":"Fountain of Cleansing","player_choice":"Removed Curses","floor":22.0,"gold_loss":0.0,"damage_taken":0.0}],"is_beta":false,"boss_relics":[{"not_picked":["Ring of Chaos","Painkiller Herb"],"picked":"Calling Bell"}],"items_purged_floors":[],"is_endless":false,"potions_floor_spawned":[8,11,12,16,20],"killed_by":"Book of Stabbing","ascension_level":0}}