{"host":"tkinv8gv6hgcc58b","time":1611978235,"event":{"mods":["AchievementEnabler","BaseMod","BetterRewards","Colored Map","Downfall","Googly Eyes","Hermit","Minty Spire (QoL Compilation)","Rare Cards Sparkle","Relic Filter","StSLib","The Cursed","The Disciple"],"gold_per_floor":[118,128,203,203,203,231,241,257,283,283,283,25,98,136,149,149,244,244,257,257,257,277,192,192,207,232,258,273,287,287,38,62,62,62,158,158,181,514,514,529,548,548,573,573,573,603,616,121,131,44,44,44,44],"floor_reached":52,"language":"ENG","playtime":2582,"items_purged":["Pain"],"score":1163,"play_id":"395d7e57-f033-46d9-aedf-11941c3629fb","local_time":"20210129224355","is_ascension_mode":true,"campfire_choices":[{"floor":11.0,"key":"REST"},{"floor":16.0,"key":"REST"},{"data":"Storm of Steel","floor":24.0,"key":"SMITH"},{"data":"Infinite Blades","floor":30.0,"key":"SMITH"},{"floor":33.0,"key":"REST"},{"data":"Noxious Fumes","floor":34.0,"key":"SMITH"},{"data":"Storm of Steel","floor":42.0,"key":"SMITH"},{"floor":44.0,"key":"REST"},{"floor":51.0,"key":"REST"}],"circlet_count":0,"master_deck":["AscendersBane","Strike_G","Strike_G","Strike_G","Strike_G+1","Defend_G","Defend_G","Defend_G","Survivor","Neutralize+1","Cloak And Dagger","Blade Dance","Leg Sweep","Blade Dance","Flying Knee","Storm of Steel+1","Dash","Finisher","Infinite Blades+1","Corpse Explosion","Escape Plan+1","Distraction+1","Blade Dance","Writhe","Noxious Fumes+1","Calculated Gamble","Storm of Steel+1","Calculated Gamble+1","Sadistic Nature"],"relics":["Ring of the Snake","NeowsBlessing","Ancient Tea Set","hexamod:BolsterEngine","Whetstone","sneckomod:BabySnecko","HornCleat","Snake Skull","Astrolabe","Dead Branch","Bag of Preparation","Guardian:PocketSentry","Membership Card","Calipers","Sozu","Blue Candle","The Specimen","Prayer Wheel","Bottled Lightning","Singing Bowl","InkBottle","Cauldron","Happy Flower"],"acts_visited":["Exordium","TheCity","TheBeyond"],"potions_floor_usage":[52,52],"damage_taken":[{"damage":0.0,"enemies":"Cultist","floor":1.0,"turns":1.0},{"damage":0.0,"enemies":"Jaw Worm","floor":2.0,"turns":1.0},{"damage":0.0,"enemies":"Gremlin Nob","floor":6.0,"turns":1.0},{"damage":7.0,"enemies":"Small Slimes","floor":7.0,"turns":3.0},{"damage":18.0,"enemies":"Exordium Thugs","floor":8.0,"turns":6.0},{"damage":3.0,"enemies":"Gremlin Nob","floor":13.0,"turns":3.0},{"damage":1.0,"enemies":"Lagavulin","floor":14.0,"turns":3.0},{"damage":0.0,"enemies":"Looter","floor":15.0,"turns":2.0},{"damage":18.0,"enemies":"Hexaghost","floor":17.0,"turns":9.0},{"damage":6.0,"enemies":"3 Byrds","floor":19.0,"turns":2.0},{"damage":0.0,"enemies":"Chosen","floor":22.0,"turns":3.0},{"damage":12.0,"enemies":"Centurion and Healer","floor":25.0,"turns":2.0},{"damage":0.0,"enemies":"Shelled Parasite and Fungi","floor":26.0,"turns":1.0},{"damage":12.0,"enemies":"Snake Plant","floor":28.0,"turns":2.0},{"damage":1.0,"enemies":"Centurion and Healer","floor":29.0,"turns":4.0},{"damage":0.0,"enemies":"Snecko","floor":32.0,"turns":3.0},{"damage":21.0,"enemies":"Champ","floor":35.0,"turns":6.0},{"damage":0.0,"enemies":"Orb Walker","floor":37.0,"turns":3.0},{"damage":2.0,"enemies":"3 Shapes","floor":40.0,"turns":3.0},{"damage":1.0,"enemies":"3 Darklings","floor":41.0,"turns":2.0},{"damage":0.0,"enemies":"Mind Bloom Boss Battle","floor":43.0,"turns":1.0},{"damage":1.0,"enemies":"Nemesis","floor":46.0,"turns":3.0},{"damage":8.0,"enemies":"Maw","floor":47.0,"turns":5.0},{"damage":8.0,"enemies":"Jaw Worm Horde","floor":49.0,"turns":3.0},{"damage":82,"enemies":"Time Eater","floor":52,"turns":9}],"seed_played":"1505921086393874990","potions_obtained":[{"floor":2.0,"key":"Strength Potion"},{"floor":8.0,"key":"Swift Potion"},{"floor":14.0,"key":"Swift Potion"},{"floor":26.0,"key":"Energy Potion"},{"floor":32.0,"key":"Strength Potion"},{"floor":35.0,"key":"Ancient Potion"}],"is_trial":false,"path_per_floor":["M","M","?","T","?","E","M","M","T","?","R","$","?","E","M","R","B",null,"M","?","?","M","?","R","M","M","T","M","M","R","$","M","R","R","B",null,"M","?","?","M","M","R","?","R","T","E","M","$","M","$","R","B"],"character_chosen":"THE_SILENT","items_purchased":["sneckomod:BabySnecko","Storm of Steel","Membership Card","Calipers","Singing Bowl","InkBottle","Sadistic Nature","Cauldron","Happy Flower"],"campfire_rested":5,"item_purchase_floors":[12,12,31,31,48,48,48,48,50],"current_hp_per_floor":[59,59,48,48,48,48,41,23,23,23,42,42,39,38,38,57,39,59,53,53,66,66,66,66,54,54,54,42,41,41,41,41,60,60,39,59,59,59,54,52,51,51,51,66,66,65,57,57,53,53,70,0,0],"gold":44,"neow_bonus":"THREE_ENEMY_KILL","is_daily":false,"chose_seed":false,"campfire_upgraded":4,"win_rate":0.0,"timestamp":1611978235,"path_taken":["M","?","?","?","?","E","?","M","T","?","R","$","?","E","M","R","BOSS","M","?","?","M","?","R","M","M","T","M","M","R","$","M","R","R","BOSS","M","?","?","M","M","R","?","R","T","E","M","$","M","?","R","BOSS"],"items_purchased_type":["Relic","Card","Relic","Relic","Relic","Relic","Card","Relic","Relic"],"build_version":"2020-12-22","purchased_purges":1,"victory":false,"max_hp_per_floor":[66,66,66,66,66,66,66,66,66,66,66,66,66,66,66,66,66,66,66,66,66,66,66,66,66,66,66,66,66,66,66,66,66,66,66,66,66,66,66,66,66,66,66,66,66,66,66,66,70,70,70,70,70],"card_choices":[{"not_picked":["Tactician","Dagger Throw"],"picked":"Cloak And Dagger","floor":1.0},{"not_picked":["Deflect","Underhanded Strike"],"picked":"Blade Dance","floor":2.0},{"not_picked":["Flying Knee","Reflex"],"picked":"Leg Sweep","floor":6.0},{"not_picked":["Outmaneuver","Predator"],"picked":"Blade Dance","floor":7.0},{"not_picked":["Cloak And Dagger","Bane"],"picked":"Flying Knee","floor":8.0},{"not_picked":["PiercingWail","Dodge and Roll"],"picked":"Dash","floor":13.0},{"not_picked":["Backflip","Venomology"],"picked":"Finisher","floor":14.0},{"not_picked":["Dagger Throw","Blade Dance"],"picked":"Infinite Blades","floor":15.0},{"not_picked":["Malaise","Burst"],"picked":"Corpse Explosion","floor":17.0},{"not_picked":["Quick Slash","Prepared"],"picked":"Blade Dance","floor":19.0},{"not_picked":["Heel Hook","Prepared"],"picked":"Noxious Fumes","floor":22.0},{"not_picked":["Dagger Throw","Heel Hook","Slice"],"picked":"SKIP","floor":25.0},{"not_picked":["Crippling Poison","Dash"],"picked":"Calculated Gamble","floor":26.0},{"not_picked":["Flechettes","Sucker Punch","Poisoned Stab"],"picked":"SKIP","floor":28.0},{"not_picked":["Deadly Poison","Poisoned Stab","Blade Dance"],"picked":"SKIP","floor":29.0},{"not_picked":["Choke","Expertise","Dash"],"picked":"SKIP","floor":32.0},{"not_picked":["Phantasmal Killer","A Thousand Cuts"],"picked":"Storm of Steel","floor":35.0},{"not_picked":["Leg Sweep","Acrobatics"],"picked":"Calculated Gamble+1","floor":37.0},{"not_picked":["Quick Slash","Dagger Throw","Cloak And Dagger+1"],"picked":"SKIP","floor":40.0},{"not_picked":["Backflip","Acrobatics","Dodge and Roll"],"picked":"SKIP","floor":41.0},{"not_picked":["Masterful Stab","All Out Attack+1","Well Laid Plans"],"picked":"SKIP","floor":46.0},{"not_picked":["Terror","Flechettes","Choke"],"picked":"SKIP","floor":47.0},{"not_picked":["Terror","Bane","Dagger Throw"],"picked":"SKIP","floor":47.0},{"not_picked":["Bane","Acrobatics+1","Blur"],"picked":"Singing Bowl","floor":49.0},{"not_picked":["Acrobatics","Sucker Punch","PiercingWail+1"],"picked":"Singing Bowl","floor":49.0}],"player_experience":1095280,"relics_obtained":[{"floor":4.0,"key":"Ancient Tea Set"},{"floor":6.0,"key":"hexamod:BolsterEngine"},{"floor":9.0,"key":"Whetstone"},{"floor":13.0,"key":"HornCleat"},{"floor":14.0,"key":"Snake Skull"},{"floor":27.0,"key":"Guardian:PocketSentry"},{"floor":43.0,"key":"The Specimen"},{"floor":45.0,"key":"Prayer Wheel"},{"floor":46.0,"key":"Bottled Lightning"}],"event_choices":[{"damage_healed":0.0,"max_hp_gain":0.0,"max_hp_loss":0.0,"gold_gain":75.0,"event_name":"World of Goop","player_choice":"Gather Gold","floor":3.0,"gold_loss":0.0,"damage_taken":11.0},{"cards_removed":["Defend_G"],"damage_healed":0.0,"max_hp_gain":0.0,"max_hp_loss":0.0,"gold_gain":0.0,"event_name":"Purifier","player_choice":"Purged","floor":5.0,"gold_loss":0.0,"damage_taken":0.0},{"damage_healed":0.0,"max_hp_gain":0.0,"max_hp_loss":0.0,"gold_gain":0.0,"event_name":"Golden Idol","player_choice":"Take Wound","floor":10.0,"gold_loss":0.0,"damage_taken":0.0,"relics_obtained":["Golden Idol"],"cards_obtained":["Injury"]},{"damage_healed":0.0,"max_hp_gain":0.0,"max_hp_loss":0.0,"gold_gain":30.0,"event_name":"Dead Adventurer","player_choice":"Searched \u00273\u0027 times","floor":13.0,"gold_loss":0.0,"damage_taken":0.0},{"damage_healed":0.0,"max_hp_gain":0.0,"max_hp_loss":0.0,"gold_gain":0.0,"event_name":"The Mausoleum","player_choice":"Opened","floor":20.0,"gold_loss":0.0,"damage_taken":0.0,"relics_obtained":["Dead Branch"],"cards_obtained":["Writhe"]},{"damage_healed":13.0,"max_hp_gain":0.0,"max_hp_loss":0.0,"gold_gain":0.0,"event_name":"The Library","player_choice":"Heal","floor":21.0,"gold_loss":0.0,"damage_taken":0.0},{"damage_healed":0.0,"max_hp_gain":0.0,"max_hp_loss":0.0,"gold_gain":0.0,"event_name":"Addict","player_choice":"Obtained Relic","floor":23.0,"gold_loss":85.0,"damage_taken":0.0,"relics_obtained":["Bag of Preparation"]},{"damage_healed":0.0,"max_hp_gain":0.0,"max_hp_loss":0.0,"gold_gain":333.0,"event_name":"The Moai Head","player_choice":"Gave Idol","floor":38.0,"relics_lost":["Golden Idol"],"gold_loss":0.0,"damage_taken":0.0},{"damage_healed":0.0,"max_hp_gain":0.0,"max_hp_loss":0.0,"gold_gain":0.0,"event_name":"MindBloom","player_choice":"Fight","floor":43.0,"gold_loss":0.0,"damage_taken":0.0}],"is_beta":false,"boss_relics":[{"not_picked":["Black Star","Runic Dome"],"picked":"Astrolabe"},{"not_picked":["bronze:MakeshiftBattery","Pandora\u0027s Box"],"picked":"Sozu"}],"items_purged_floors":[48],"is_endless":false,"potions_floor_spawned":[2,8,14,26,32,35,43,46,49],"killed_by":"Time Eater","ascension_level":20}}