{"host":"i4yzoangb31cseo0","time":1611980975,"event":{"mods":["AchievementEnabler","BaseMod","ChefMod","Colored Powertips","Curses Come First","Downfall","Hermit","Marisa????????","Minty Spire (QoL Compilation)","Permanent Neow","Rare Cards Sparkle","StSLib","The Cursed","The Necromancer","The Senshi","The Servant 0.9.4"],"gold_per_floor":[0,13,13,13,25,25,25,48,81,101,49,66,66,91,116,245,245,245,270,294,312,437,437,437,164,205,228,247,247,138,138,161,287,287,287,310,331,199,199,199,223,246,286,302,327,34,34,49,67,67,67],"floor_reached":50,"language":"ENG","playtime":5289,"items_purged":["Defend_R","Strike_R","Strike_R"],"score":675,"play_id":"8b04c452-8940-4876-8711-78b61331dc1a","local_time":"20210130145935","is_ascension_mode":true,"campfire_choices":[{"floor":1,"key":"RECALL"},{"data":"Heavy Blade","floor":6,"key":"SMITH"},{"data":"Rupture","floor":18,"key":"SMITH"},{"floor":23,"key":"REST"},{"floor":29,"key":"REST"},{"data":"Seeing Red","floor":35,"key":"SMITH"},{"data":"Rupture","floor":47,"key":"SMITH"}],"circlet_count":0,"master_deck":["Strike_R","Strike_R","Strike_R","Defend_R","Defend_R","Defend_R","Bash","Ghostly Armor","Ghostly Armor","Heavy Blade+1","Blood for Blood","Warcry","Hemokinesis","Combust","Blood for Blood","Rupture+1","Injury","Seeing Red+1","Clash","Reaper","Warcry","Heavy Blade+1","Shrug It Off+1","Armaments+1","Inflame","Double Tap+1","Bloodletting+1","Shockwave+1","Inflame","Warcry+1","Dark Shackles+1","Shrug It Off+1","Offering+1","Spot Weakness+1","Bloodletting+1","Flex+1","Rupture+1","Rupture+1","Bandage Up+1","Blood for Blood","Blood for Blood","Thunderclap+1"],"relics":["Black Blood","Blue Candle","Self Forming Clay","Odd Mushroom","Toy Ornithopter","Golden Idol","Runic Cube","Magic Flower","Toxic Egg 2","Shuriken","Happy Flower","HandDrill","downfall:TeleportStone","Dream Catcher","Prayer Wheel"],"acts_visited":["Exordium","TheCity","TheBeyond"],"potions_floor_usage":[8,9,9,15,15,22,26,27,30,33,39,43,48,50,50],"damage_taken":[{"damage":6,"enemies":"Cultist","floor":2,"turns":3},{"damage":4,"enemies":"Jaw Worm","floor":5,"turns":5},{"damage":11,"enemies":"The Mushroom Lair","floor":8,"turns":6},{"damage":20,"enemies":"Lagavulin","floor":9,"turns":6},{"damage":2,"enemies":"2 Louse","floor":10,"turns":3},{"damage":2,"enemies":"downfall:FleeingMerchant","floor":11,"turns":4},{"damage":7,"enemies":"2 Fungi Beasts","floor":12,"turns":3},{"damage":15,"enemies":"Looter","floor":14,"turns":4},{"damage":17,"enemies":"Large Slime","floor":15,"turns":6},{"damage":63,"enemies":"The Guardian","floor":16,"turns":7},{"damage":29,"enemies":"Spheric Guardian","floor":19,"turns":6},{"damage":29,"enemies":"Snecko","floor":20,"turns":7},{"damage":13,"enemies":"Centurion and Healer","floor":21,"turns":7},{"damage":29,"enemies":"IC_STATUS_ARCHETYPE","floor":22,"turns":7},{"damage":8,"enemies":"downfall:FleeingMerchant","floor":25,"turns":4},{"damage":34,"enemies":"Book of Stabbing","floor":26,"turns":6},{"damage":28,"enemies":"Cultist and Chosen","floor":27,"turns":8},{"damage":13,"enemies":"Shelled Parasite and Fungi","floor":28,"turns":4},{"damage":25,"enemies":"downfall:FleeingMerchant","floor":30,"turns":4},{"damage":19,"enemies":"Centurion and Healer","floor":32,"turns":6},{"damage":67,"enemies":"DF_ARCHETYPE_CLAW","floor":33,"turns":6},{"damage":33,"enemies":"3 Shapes","floor":36,"turns":4},{"damage":17,"enemies":"Orb Walker","floor":37,"turns":4},{"damage":19,"enemies":"downfall:FleeingMerchant","floor":38,"turns":4},{"damage":27,"enemies":"2 Orb Walkers","floor":39,"turns":3},{"damage":12,"enemies":"4 Shapes","floor":42,"turns":7},{"damage":49,"enemies":"Reptomancer","floor":43,"turns":6},{"damage":13,"enemies":"Sphere and 2 Shapes","floor":44,"turns":4},{"damage":48,"enemies":"Maw","floor":45,"turns":7},{"damage":49,"enemies":"Transient","floor":48,"turns":5},{"damage":31,"enemies":"3 Darklings","floor":49,"turns":6},{"damage":100,"enemies":"WA_ARCHETYPE_DIVINITY","floor":50,"turns":5}],"seed_played":"-5742036230369579985","potions_obtained":[{"floor":2,"key":"DistilledChaos"},{"floor":5,"key":"EssenceOfSteel"},{"floor":8,"key":"Strength Potion"},{"floor":12,"key":"DuplicationPotion"},{"floor":14,"key":"FearPotion"},{"floor":20,"key":"Energy Potion"},{"floor":21,"key":"sneckomod:MuddlingPotion"},{"floor":26,"key":"Block Potion"},{"floor":28,"key":"SteroidPotion"},{"floor":31,"key":"CultistPotion"},{"floor":32,"key":"SmokeBomb"},{"floor":36,"key":"CultistPotion"},{"floor":42,"key":"ColorlessPotion"},{"floor":45,"key":"Weak Potion"},{"floor":49,"key":"Explosive Potion"}],"is_trial":false,"path_per_floor":["R","M","?","?","M","R","T","?","E","M","$","M","?","M","M","B",null,"R","M","M","M","?","R","T","$","E","M","M","R","$","?","M","B",null,"R","M","M","$","?","?","T","M","E","M","M","$","R","M","M","B"],"character_chosen":"IRONCLAD","items_purchased":["Blood for Blood","Inflame","Double Tap+1","Dark Shackles+1","Bloodletting+1","Happy Flower","HandDrill","Bandage Up+1","Blood for Blood"],"campfire_rested":2,"item_purchase_floors":[11,25,25,30,38,38,38,46,46],"current_hp_per_floor":[96,96,91,91,93,93,93,88,74,78,82,81,81,72,71,14,96,96,73,54,47,29,57,57,58,49,59,55,83,75,75,95,44,96,96,81,82,81,95,95,95,96,81,86,77,77,77,75,71,0,0],"gold":67,"neow_bonus":"TWENTY_PERCENT_HP_BONUS","is_daily":false,"chose_seed":false,"campfire_upgraded":4,"win_rate":0.0,"timestamp":1611980975,"path_taken":["R","?","?","?","?","R","T","?","E","M","$","M","?","M","M","BOSS","R","M","M","M","?","R","T","$","E","M","M","R","$","?","M","BOSS","R","M","M","$","?","?","T","?","E","M","M","$","R","M","M","BOSS"],"items_purchased_type":["Card","Card","Card","Card","Card","Relic","Relic","Card","Card"],"build_version":"2020-12-22","purchased_purges":3,"victory":false,"max_hp_per_floor":[96,96,96,96,96,96,96,96,96,96,96,96,96,96,96,96,96,96,96,96,96,96,96,96,96,96,96,96,96,96,96,96,96,96,96,96,96,96,96,96,96,96,96,96,96,96,96,96,96,96,96],"card_choices":[{"not_picked":["Shockwave","Cleave"],"picked":"Ghostly Armor","floor":2},{"not_picked":["True Grit","Clash"],"picked":"Heavy Blade","floor":5},{"not_picked":["Seeing Red","Body Slam"],"picked":"Blood for Blood","floor":8},{"not_picked":["Flame Barrier","Barricade"],"picked":"Warcry","floor":9},{"not_picked":["Dual Wield","Rampage"],"picked":"Hemokinesis","floor":10},{"not_picked":["Wild Strike","Rage"],"picked":"Combust","floor":11},{"not_picked":["Heavy Blade","Perfected Strike"],"picked":"Rupture","floor":12},{"not_picked":["Evolve","Warcry"],"picked":"Seeing Red","floor":14},{"not_picked":["Iron Wave","Sever Soul"],"picked":"Clash","floor":15},{"not_picked":["Offering","Demon Form"],"picked":"Reaper","floor":16},{"not_picked":["Dark Embrace+1","Battle Trance"],"picked":"Warcry","floor":19},{"not_picked":["Fire Breathing+1","Dark Embrace","Clothesline"],"picked":"SKIP","floor":20},{"not_picked":["Sever Soul+1","Rage"],"picked":"Heavy Blade+1","floor":21},{"not_picked":["Thunderclap","Clothesline+1"],"picked":"Shrug It Off+1","floor":22},{"not_picked":["Sword Boomerang","Double Tap+1"],"picked":"Armaments+1","floor":25},{"not_picked":["Rampage","Sword Boomerang"],"picked":"Bloodletting+1","floor":26},{"not_picked":["Whirlwind+1","Clothesline+1"],"picked":"Shockwave+1","floor":27},{"not_picked":["Heavy Blade","Pommel Strike+1"],"picked":"Inflame","floor":28},{"not_picked":["Twin Strike","Wild Strike"],"picked":"Warcry+1","floor":30},{"not_picked":["Anger","Pommel Strike+1"],"picked":"Shrug It Off+1","floor":32},{"not_picked":["Bludgeon","Immolate"],"picked":"Offering+1","floor":33},{"not_picked":["Flex+1","Pommel Strike+1"],"picked":"Spot Weakness+1","floor":36},{"not_picked":["Sword Boomerang+1","Heavy Blade","Cleave"],"picked":"SKIP","floor":37},{"not_picked":["Ghostly Armor+1","Iron Wave+1","Whirlwind"],"picked":"SKIP","floor":38},{"not_picked":["Sword Boomerang","Iron Wave"],"picked":"Flex+1","floor":42},{"not_picked":["Sword Boomerang+1","Clothesline+1","Wild Strike+1"],"picked":"SKIP","floor":43},{"not_picked":["Whirlwind","Pummel+1"],"picked":"Rupture+1","floor":44},{"not_picked":["Sword Boomerang+1","Iron Wave+1","Headbutt+1"],"picked":"SKIP","floor":44},{"not_picked":["Metallicize+1","Sword Boomerang"],"picked":"Rupture","floor":45},{"not_picked":["Perfected Strike","Sword Boomerang+1","Rampage+1"],"picked":"SKIP","floor":45},{"not_picked":["Flex+1","Sword Boomerang+1"],"picked":"Blood for Blood","floor":48},{"not_picked":["Perfected Strike+1","Berserk","Anger+1"],"picked":"SKIP","floor":48},{"not_picked":["Cleave","Wild Strike+1"],"picked":"Thunderclap+1","floor":49},{"not_picked":["Headbutt","Cleave","Rage+1"],"picked":"SKIP","floor":49}],"player_experience":155486,"relics_obtained":[{"floor":7,"key":"Self Forming Clay"},{"floor":8,"key":"Odd Mushroom"},{"floor":9,"key":"Toy Ornithopter"},{"floor":22,"key":"Magic Flower"},{"floor":22,"key":"Toxic Egg 2"},{"floor":26,"key":"Shuriken"},{"floor":41,"key":"Dream Catcher"},{"floor":43,"key":"Prayer Wheel"}],"event_choices":[{"damage_healed":0,"gold_gain":0,"player_choice":"Fought Mushrooms","damage_taken":0,"max_hp_gain":0,"max_hp_loss":0,"event_name":"Mushrooms","floor":8,"gold_loss":0},{"damage_healed":0,"gold_gain":0,"player_choice":"Take Wound","damage_taken":0,"relics_obtained":["Golden Idol"],"max_hp_gain":0,"max_hp_loss":0,"event_name":"Golden Idol","floor":13,"gold_loss":0,"cards_obtained":["Injury"]},{"damage_healed":0,"gold_gain":0,"player_choice":"Fight","damage_taken":0,"max_hp_gain":0,"max_hp_loss":0,"event_name":"Mysterious Sphere","floor":39,"gold_loss":0}],"is_beta":false,"boss_relics":[{"not_picked":["Mark of Pain","Sozu"],"picked":"Runic Cube"},{"not_picked":["SacredBark","bronze:MakeshiftBattery"],"picked":"Black Blood"}],"items_purged_floors":[25,38,46],"is_endless":false,"potions_floor_spawned":[2,5,8,12,14,20,21,26,28,32,36,42,45,49],"killed_by":"WA_ARCHETYPE_DIVINITY","ascension_level":2}}