{"host":"zlryddw6xv0ljf8b","time":1611982509,"event":{"mods":["AchievementEnabler","BaseMod","Colored Map","Colored Powertips","Downfall","Highlight Path","Minty Spire (QoL Compilation)","Permanent Neow","Quick Restart","StSLib","UnlockEverythingMod"],"gold_per_floor":[99,113,129,139,18,35,35,35,67,86,112,127,27,102,117,220,220,220,239,252,112,126,138,138,152,302,313,313,17,17,2,17,119,119,19,34,52,412,427,427,453,488,388,402,402,402,432,310,329,329,329,329],"floor_reached":50,"language":"ENG","playtime":5787,"items_purged":[],"score":593,"play_id":"d99115b8-6c8f-4f62-8933-58b8cebe9218","local_time":"20210129225509","is_ascension_mode":false,"campfire_choices":[{"floor":1,"key":"RECALL"},{"data":"Slimebound:LevelUp","floor":13,"key":"SMITH"},{"data":"Slimebound:WasteNot","floor":18,"key":"SMITH"},{"data":"Slimebound:MassRepurpose","floor":28,"key":"SMITH"},{"data":"Slimebound:Gluttony","floor":30,"key":"SMITH"},{"data":"Slimebound:Teamwork","floor":35,"key":"SMITH"},{"floor":43,"key":"REST"},{"floor":46,"key":"REST"}],"circlet_count":0,"master_deck":["Slimebound:Defend_Slimebound","Slimebound:Defend_Slimebound","Slimebound:Defend_Slimebound","Slimebound:Defend_Slimebound","Slimebound:Split+1","Slimebound:CorrosiveSpit","Slimebound:DisruptingSlam","Slimebound:Schlurp","Slimebound:SamplingLick","Slimebound:LevelUp+1","Slimebound:RainOfGoop","Slimebound:RejuvenatingLick","Slimebound:SlimeSpikes","Slimebound:PressTheAttack","Slimebound:SplitLeeching","Slimebound:LivingWall","Slimebound:Equalize","Slimebound:Schlurp","Slimebound:WasteNot+1","Slimebound:Prepare+1","Slimebound:LevelUp+1","Slimebound:TagTeam+1","Slimebound:LeechingTouch","Slimebound:GoopSpray+1","Slimebound:SplitAcid+1","Slimebound:MassRepurpose+1","Slimebound:Repurpose","Slimebound:Recycling","Slimebound:SlimeTap+1","Slimebound:Schlurp","Slimebound:Gluttony+1","Slimebound:AcidTongue","Slimebound:Teamwork+1","Slimebound:Nibble+1","Slimebound:LevelUp+1","Slimebound:LeechEnergy+1"],"relics":["Slimebound:AbsorbEndCombat","The Courier","downfall:HeartBlessingGreen","Astrolabe","StoneCalendar","Slimebound:MaxSlimesRelic","expansioncontent:StudyCardRelic","downfall:HeartBlessingBlue","Omamori","Juzu Bracelet","downfall:HeartBlessingRed","CeramicFish","Lee\u0027s Waffle"],"acts_visited":["Exordium","TheCity","TheBeyond"],"potions_floor_usage":[16,16,22,33,38,42,47],"damage_taken":[{"damage":0,"enemies":"2 Louse","floor":2,"turns":2},{"damage":0,"enemies":"Cultist","floor":3,"turns":4},{"damage":0,"enemies":"Jaw Worm","floor":4,"turns":3},{"damage":0,"enemies":"downfall:FleeingMerchant","floor":5,"turns":4},{"damage":8,"enemies":"Lots of Slimes","floor":6,"turns":4},{"damage":16,"enemies":"3 Sentries","floor":9,"turns":7},{"damage":0,"enemies":"Red Slaver","floor":10,"turns":3},{"damage":5,"enemies":"Lagavulin","floor":11,"turns":7},{"damage":0,"enemies":"Exordium Wildlife","floor":12,"turns":4},{"damage":0,"enemies":"Large Slime","floor":15,"turns":4},{"damage":32,"enemies":"SI_SHIV_ARCHETYPE","floor":16,"turns":9},{"damage":6,"enemies":"3 Byrds","floor":19,"turns":5},{"damage":7,"enemies":"Chosen","floor":20,"turns":6},{"damage":0,"enemies":"downfall:FleeingMerchant","floor":21,"turns":4},{"damage":0,"enemies":"Snake Plant","floor":22,"turns":4},{"damage":0,"enemies":"Shelled Parasite and Fungi","floor":23,"turns":6},{"damage":0,"enemies":"3 Cultists","floor":25,"turns":6},{"damage":0,"enemies":"Snecko","floor":27,"turns":5},{"damage":1,"enemies":"downfall:FleeingMerchant","floor":29,"turns":4},{"damage":0,"enemies":"downfall:FleeingMerchant","floor":31,"turns":4},{"damage":12,"enemies":"Centurion and Healer","floor":32,"turns":5},{"damage":31,"enemies":"DF_ARCHETYPE_CLAW","floor":33,"turns":7},{"damage":6,"enemies":"Orb Walker","floor":36,"turns":6},{"damage":12,"enemies":"3 Darklings","floor":37,"turns":4},{"damage":0,"enemies":"downfall:FleeingMerchant","floor":38,"turns":4},{"damage":0,"enemies":"Sphere and 2 Shapes","floor":39,"turns":3},{"damage":60,"enemies":"Reptomancer","floor":42,"turns":7},{"damage":23,"enemies":"Transient","floor":44,"turns":5},{"damage":42,"enemies":"Giant Head","floor":47,"turns":10},{"damage":0,"enemies":"Spire Growth","floor":49,"turns":4},{"damage":102,"enemies":"IC_BLOCK_ARCHETYPE","floor":50,"turns":6}],"seed_played":"-1477095523473905207","potions_obtained":[{"floor":2,"key":"BlessingOfTheForge"},{"floor":6,"key":"Regen Potion"},{"floor":9,"key":"LiquidMemories"},{"floor":11,"key":"GamblersBrew"},{"floor":19,"key":"sneckomod:MuddlingPotion"},{"floor":20,"key":"Slimebound:SlimyTonguePotion"},{"floor":27,"key":"ColorlessPotion"},{"floor":33,"key":"Block Potion"},{"floor":39,"key":"champ:CounterPotion"},{"floor":42,"key":"FearPotion"},{"floor":49,"key":"BlessingOfTheForge"}],"is_trial":false,"path_per_floor":["R","M","M","M","$","M","T","?","E","M","E","M","R","?","M","B",null,"R","M","M","$","M","M","T","M","?","M","R","$","R","$","M","B",null,"R","M","M","$","M","?","T","E","R","M","?","R","E","$","M","B"],"character_chosen":"SLIMEBOUND","items_purchased":["Slimebound:RainOfGoop","Slimebound:RejuvenatingLick","Slimebound:MassRepurpose","Slimebound:MaxSlimesRelic","Slimebound:Schlurp","Slimebound:Gluttony","Lee\u0027s Waffle"],"campfire_rested":2,"item_purchase_floors":[5,5,21,29,29,29,48],"current_hp_per_floor":[65,65,65,65,65,61,61,61,51,53,52,60,60,60,65,43,65,65,61,56,65,65,65,65,65,65,65,65,65,65,65,65,54,65,75,69,63,67,75,75,75,31,53,38,38,60,30,82,82,0,0,0],"gold":329,"neow_bonus":"UPGRADE_CARD","is_daily":false,"chose_seed":false,"campfire_upgraded":5,"win_rate":0.0,"timestamp":1611982509,"path_taken":["R","M","M","M","$","M","T","?","E","M","E","?","R","?","M","BOSS","R","M","M","$","M","M","T","M","?","?","R","?","R","$","M","BOSS","R","M","M","$","M","?","T","E","R","M","?","R","E","$","M","BOSS"],"items_purchased_type":["Card","Card","Card","Relic","Card","Card","Relic"],"build_version":"2020-12-22","purchased_purges":0,"victory":false,"max_hp_per_floor":[65,65,65,65,65,65,65,65,65,65,65,65,65,65,65,65,65,65,65,65,65,65,65,65,65,65,65,65,65,65,65,65,65,65,75,75,75,75,75,75,75,75,75,75,75,75,75,82,82,82,82,82],"card_choices":[{"not_picked":["Slimebound:ItLooksTasty","Slimebound:GoopTackle"],"picked":"Slimebound:DisruptingSlam","floor":2},{"not_picked":["Slimebound:GoopTackle","Slimebound:ForwardTackle"],"picked":"Slimebound:Schlurp","floor":3},{"not_picked":["Slimebound:HauntingLick","Slimebound:ForwardTackle"],"picked":"Slimebound:SamplingLick","floor":4},{"not_picked":["Slimebound:FlameTackle","Slimebound:ComboTackle"],"picked":"Slimebound:LevelUp","floor":5},{"not_picked":["Slimebound:SplitAcid","Slimebound:SlimeBrawl"],"picked":"Slimebound:SlimeSpikes","floor":6},{"not_picked":["Slimebound:SamplingLick","Slimebound:SplitBruiser"],"picked":"Slimebound:SplitLeeching","floor":9},{"not_picked":["Slimebound:Recollect","Slimebound:ServeAndProtect"],"picked":"Slimebound:LivingWall","floor":10},{"not_picked":["Slimebound:SlimeBarrage","Slimebound:SlimeBrawl","Slimebound:LeechingTouch"],"picked":"SKIP","floor":11},{"not_picked":["Slimebound:LeechingTouch","Slimebound:SplitAcid"],"picked":"Slimebound:Equalize","floor":12},{"not_picked":["Slimebound:LivingWall","Slimebound:SplitBruiser"],"picked":"Slimebound:Schlurp","floor":15},{"not_picked":["Slimebound:SlimeSlap","Slimebound:Overexert"],"picked":"Slimebound:WasteNot","floor":16},{"not_picked":["Slimebound:Prepare","Slimebound:HungryTackle"],"picked":"Slimebound:LeechingTouch","floor":19},{"not_picked":["Slimebound:LevelUp","Slimebound:SplitLeeching"],"picked":"Slimebound:GoopSpray+1","floor":20},{"not_picked":["Slimebound:FlameTackle","Slimebound:Grow+1"],"picked":"Slimebound:SplitAcid+1","floor":21},{"not_picked":["Slimebound:HauntingLick","Slimebound:FinishingTackle"],"picked":"Slimebound:Repurpose","floor":22},{"not_picked":["Slimebound:SplitLeeching","Slimebound:GoopTackle+1","Slimebound:ItLooksTasty"],"picked":"SKIP","floor":23},{"not_picked":["Slimebound:SplitBruiser","Slimebound:GrowthPunch"],"picked":"Slimebound:Recycling","floor":25},{"not_picked":["Slimebound:GoopTackle","Slimebound:SplitLeeching","Slimebound:SplitAcid"],"picked":"SKIP","floor":27},{"not_picked":["Slimebound:DivideAndConquer+1","Slimebound:ServeAndProtect"],"picked":"Slimebound:SlimeTap+1","floor":29},{"not_picked":["Slimebound:SelfFormingGoo","Slimebound:SplitLeeching"],"picked":"Slimebound:AcidTongue","floor":31},{"not_picked":["Slimebound:RollThrough","Slimebound:ItLooksTasty","Slimebound:ComboTackle"],"picked":"SKIP","floor":32},{"not_picked":["Slimebound:SlimeSlap","Slimebound:Overexert"],"picked":"Slimebound:Teamwork","floor":33},{"not_picked":["Slimebound:PressTheAttack","Slimebound:SplitLeeching","Slimebound:DivideAndConquer"],"picked":"SKIP","floor":36},{"not_picked":["Slimebound:SamplingLick","Slimebound:RollThrough"],"picked":"Slimebound:Nibble+1","floor":37},{"not_picked":["Slimebound:DuplicatedForm","Slimebound:RejuvenatingLick"],"picked":"Slimebound:LevelUp+1","floor":38},{"not_picked":["Slimebound:ItLooksTasty","Slimebound:GoopTackle+1","Slimebound:SplitBruiser"],"picked":"SKIP","floor":39},{"not_picked":["Slimebound:PressTheAttack+1","Slimebound:Equalize","Slimebound:SplitMire"],"picked":"SKIP","floor":42},{"not_picked":["Slimebound:GoopTackle+1","Slimebound:RainOfGoop+1","Slimebound:SplitLeeching+1"],"picked":"SKIP","floor":44},{"not_picked":["Slimebound:ServeAndProtect","Slimebound:GoopSpray+1","Slimebound:SplitLeeching+1"],"picked":"SKIP","floor":47},{"not_picked":["Slimebound:LeechingTouch+1","Slimebound:ProtectTheBoss+1"],"picked":"Slimebound:LeechEnergy+1","floor":49}],"player_experience":34520,"relics_obtained":[{"floor":9,"key":"Bottled Lightning"},{"floor":11,"key":"The Courier"},{"floor":24,"key":"StoneCalendar"},{"floor":41,"key":"Omamori"},{"floor":42,"key":"Juzu Bracelet"},{"floor":47,"key":"CeramicFish"}],"event_choices":[],"is_beta":false,"boss_relics":[{"not_picked":["Velvet Choker","Pandora\u0027s Box"],"picked":"Astrolabe"},{"not_picked":["Empty Cage","Runic Pyramid"],"picked":"expansioncontent:StudyCardRelic"}],"items_purged_floors":[],"is_endless":false,"potions_floor_spawned":[2,6,9,11,12,15,19,20,27,33,39,42,49],"killed_by":"IC_BLOCK_ARCHETYPE","ascension_level":0}}