{"host":"uu8qcv8llpcbwyus","time":1611994185,"event":{"mods":["100% Spire Juice","BaseMod","CapriCore","Conspire","Downfall","HololiveMod","Hubris","Marisa（霧雨　魔理沙）","Minty Spire (QoL Compilation)","Reimu（博??梦）","Remilia（蕾米莉?）","Replay The Spire","StSLib","The Administrix","The Animator","The Gatherer","The Immortal","The Servant 0.9.4","TheSwordswoman","WarShipGirlsR/??少女R mod","Yakumo Yukari mod"],"gold_per_floor":[80,94,94,107,38,38,48,48,103,136,155,172,26,58,58,160,160,175,175,175,175,191,191,191,218,218,238,238,251,251,262,262,363,363,380,399,416,416,188,188,214,214,285,305,343,355,120,120,120,120],"floor_reached":51,"language":"ENG","playtime":1651,"items_purged":[],"score":1416,"play_id":"ccb9efdd-d738-4d2e-a786-53da2bf38924","local_time":"20210130000945","is_ascension_mode":true,"campfire_choices":[{"data":"Hololive_Watashimo","floor":6.0,"key":"SMITH"},{"data":"Hololive_Drill","floor":8.0,"key":"SMITH"},{"data":"Hololive_CallAkiRosenthal","floor":15.0,"key":"SMITH"},{"data":"Pot Of Greed","floor":23.0,"key":"SMITH"},{"data":"Hololive_Sequa","floor":28.0,"key":"PURGE"},{"data":"Pot Of Greed","floor":30.0,"key":"SMITH"},{"data":"Hololive_CallNatsuiroMatsuri","floor":32.0,"key":"PURGE"},{"data":"Hololive_Thief","floor":40,"key":"SMITH"},{"data":"Hololive_CallDoris","floor":42,"key":"PURGE"},{"data":"Hololive_Thief","floor":49,"key":"SMITH"}],"circlet_count":0,"master_deck":["Hololive_Strike","Hololive_Strike","Hololive_Defend","Hololive_CallInugamiKorone+1","Hololive_CallYozoraMel","Hololive_CallMurasakiShion","Hololive_Drill+1","Hololive_StrengthChampion","Hololive_Watashimo+1","Hololive_CocoNews","Hololive_CallAkiRosenthal+1","Pot Of Greed+1","Pot Of Greed+1","Hololive_Thief+1","Hololive_CocoNews+1","Hololive_CallYozoraMel","Hololive_Spy+1","Hololive_Spy","Hololive_FlyingPonyTail","Hololive_Drill+1","Hololive_CallYozoraMel","Hololive_Thief+1"],"relics":["Hololive_TheStar","Vajra","PreservedInsect","Incense Burner","Grinning Jar","Gremlin Food","hubris:TerracottaHorce","hubris:Towel","Regal Pillow","hubris:64BitClover","Peace Pipe","Garlic","hubris:BlackHole","hubris:SphereOfDissonance","Orrery","Smiling Mask","hubris:TinFlute","The Courier","Pet Ghost"],"acts_visited":["Exordium","TheCity","TheBeyond"],"potions_floor_usage":[],"damage_taken":[{"damage":0.0,"enemies":"Cultist","floor":1.0,"turns":2.0},{"damage":0.0,"enemies":"Jaw Worm","floor":2.0,"turns":3.0},{"damage":0.0,"enemies":"2 Louse","floor":4.0,"turns":2.0},{"damage":0.0,"enemies":"Lots of Slimes","floor":7.0,"turns":3.0},{"damage":0.0,"enemies":"Gremlin Nob","floor":10.0,"turns":3.0},{"damage":0.0,"enemies":"2 Fungi Beasts","floor":11.0,"turns":3.0},{"damage":0.0,"enemies":"Looter","floor":12.0,"turns":2.0},{"damage":0.0,"enemies":"Lagavulin","floor":14.0,"turns":3.0},{"damage":0.0,"enemies":"Hexaghost","floor":16.0,"turns":4.0},{"damage":0.0,"enemies":"3 Byrds","floor":18.0,"turns":3.0},{"damage":0.0,"enemies":"2 Thieves","floor":22.0,"turns":2.0},{"damage":0.0,"enemies":"Slavers","floor":25.0,"turns":3.0},{"damage":0.0,"enemies":"3 Cultists","floor":27.0,"turns":2.0},{"damage":0.0,"enemies":"Cultist and Chosen","floor":29.0,"turns":3.0},{"damage":0.0,"enemies":"Chosen and Byrds","floor":31.0,"turns":2.0},{"damage":0.0,"enemies":"Automaton","floor":33.0,"turns":5.0},{"damage":0.0,"enemies":"Orb Walker","floor":35.0,"turns":1.0},{"damage":0.0,"enemies":"3 Darklings","floor":36.0,"turns":3.0},{"damage":0.0,"enemies":"Spire Growth","floor":37.0,"turns":2.0},{"damage":0,"enemies":"Giant Head","floor":41,"turns":3},{"damage":0,"enemies":"Transient","floor":44,"turns":5},{"damage":0,"enemies":"R_Hoarder","floor":45,"turns":3},{"damage":0,"enemies":"4 Shapes","floor":46,"turns":3},{"damage":0,"enemies":"Donu and Deca","floor":50,"turns":7}],"seed_played":"7194167419065057803","potions_obtained":[{"floor":1.0,"key":"ZuzhouPotion:ReiMu"},{"floor":10.0,"key":"Guardian:BlockOnCardUsePotion"},{"floor":12.0,"key":"ZuzhouPotion:ReiMu"}],"is_trial":false,"path_per_floor":["M","M","?","M","$","R","M","R","T","E","M","M","$","E","R","B",null,"M","?","?","?","M","R","T","E","T","M","R","M","R","M","R","B",null,"M","M","M","?","$","R","E","R","T","M","E","M","$","?","R","B",null],"character_chosen":"Hololive_HololiveCharacter","items_purchased":["Hololive_Watashimo","Grinning Jar","Hololive_Spy","Orrery","Hololive_Thief","Pet Ghost"],"campfire_rested":0,"item_purchase_floors":[5,13,39,39,47,47],"current_hp_per_floor":[32,32,32,32,32,32,32,32,32,32,32,32,32,32,32,32,34,34,34,34,34,34,34,34,34,34,34,34,34,34,34,34,34,35,35,35,35,35,35,35,35,35,35,35,35,35,35,33,33,33],"gold":120,"neow_bonus":"UPGRADE_CARD","is_daily":false,"chose_seed":false,"campfire_upgraded":7,"win_rate":0.0,"timestamp":1611994185,"path_taken":["M","?","?","?","?","R","?","R","T","E","M","M","$","E","R","BOSS","M","?","?","?","M","R","?","E","T","?","R","M","R","M","R","BOSS","M","?","M","?","$","R","E","R","T","M","E","M","$","?","R","BOSS"],"items_purchased_type":["Card","Relic","Card","Relic","Card","Relic"],"build_version":"2020-12-22","purchased_purges":0,"victory":true,"max_hp_per_floor":[35,35,35,35,35,35,35,35,35,35,35,35,35,35,35,35,35,35,35,35,35,35,35,35,35,35,35,35,35,35,35,35,35,35,35,35,35,35,35,35,35,35,35,35,35,35,35,33,33,33],"card_choices":[{"not_picked":["Hololive_CallArtia","Hololive_SummonFox","Hololive_HuntDinosaur"],"picked":"Hololive_Drill","floor":1.0},{"not_picked":["Hololive_Breathe","Hololive_RevenueBasedLive","Hololive_AWSL","Hololive_Rebound"],"picked":"SKIP","floor":2.0},{"not_picked":["Hololive_HuntDinosaur","Hololive_FlyingPonyTail","Hololive_Breathe"],"picked":"Hololive_StrengthChampion","floor":4.0},{"not_picked":["Hololive_LuckPotion","Hololive_Psychosis","Hololive_CallMomosuzuNene","Hololive_CallManoAloe"],"picked":"SKIP","floor":7.0},{"not_picked":["Hololive_OvertimeWork","Hololive_CallFriendA","Hololive_Sequa"],"picked":"Hololive_CocoNews","floor":10.0},{"not_picked":["Hololive_LuckPotion","Hololive_Yoholoon","Hololive_OvertimeWork"],"picked":"Hololive_CallAkiRosenthal","floor":11.0},{"not_picked":["Hololive_LuckPotion","Hololive_OpenUp","Hololive_RevenueBasedLive","Hololive_HuntDinosaur"],"picked":"SKIP","floor":12.0},{"not_picked":["Hololive_CallAZKi","Hololive_CallSpadeEcho","Hololive_CallYukihanaLamy","Hololive_Sequa"],"picked":"SKIP","floor":14.0},{"not_picked":["Hololive_Recruit","Hololive_WolfAndLamb","Hololive_IdolExercise"],"picked":"Hololive_Thief","floor":16.0},{"not_picked":["Hololive_StrengthChampion","Hololive_Breathe+1","Hololive_CallMurasakiShion"],"picked":"Hololive_CocoNews+1","floor":18.0},{"not_picked":["Hololive_Breathe","Hololive_RevenueBasedLive+1","Hololive_Sequa"],"picked":"Hololive_CallYozoraMel","floor":22.0},{"not_picked":["Hololive_CallTokinoSora","Hololive_CallSpadeEcho","Hololive_CallAkaiHaato","Hololive_Breathe"],"picked":"SKIP","floor":25.0},{"not_picked":["Hololive_MaximGun","Hololive_Rebound","Hololive_CallOzoraSubaru+1"],"picked":"Hololive_Spy+1","floor":27.0},{"not_picked":["Hololive_CocoNews","Hololive_Trident","Hololive_SoulCatcher","Hololive_CallMoonaHoshinova"],"picked":"SKIP","floor":29.0},{"not_picked":["Hololive_CallOzoraSubaru","Hololive_Rebound","Hololive_DiamondStrike","Hololive_HuntDinosaur"],"picked":"SKIP","floor":31.0},{"not_picked":["Hololive_StrengthChampion+1","Hololive_Sequa","Hololive_HuntDinosaur","Hololive_CallYuzukiChoco"],"picked":"SKIP","floor":35.0},{"not_picked":["Hololive_IdolExercise","Hololive_OvertimeWork","Hololive_HuntDinosaur","Hololive_CallOkamiMio"],"picked":"SKIP","floor":36.0},{"not_picked":["Hololive_Psychosis+1","Hololive_LuckPotion","Hololive_Breathe","Hololive_RevenueBasedLive"],"picked":"SKIP","floor":37.0},{"not_picked":["Hololive_CallInugamiKorone+1","Hololive_Sequa","Hololive_Rebound"],"picked":"Hololive_FlyingPonyTail","floor":39},{"not_picked":["Hololive_CallRosalyn","Hololive_Breathe","Hololive_ScarfAndHalo","Hololive_CallMurasakiShion"],"picked":"SKIP","floor":41},{"not_picked":["Hololive_Drill+1","Hololive_CallMomosuzuNene","Hololive_HuntDinosaur","Hololive_CallNekomataOkayu"],"picked":"SKIP","floor":44},{"not_picked":["Hololive_LuckPotion+1","Hololive_Rebound","Hololive_CallAZKi+1"],"picked":"Hololive_Drill+1","floor":45},{"not_picked":["Hololive_Drill","Hololive_StrengthChampion+1","Hololive_FlyingPonyTail"],"picked":"Hololive_CallYozoraMel","floor":46}],"player_experience":1155982,"relics_obtained":[{"floor":9.0,"key":"PreservedInsect"},{"floor":10.0,"key":"Incense Burner"},{"floor":14.0,"key":"Gremlin Food"},{"floor":24.0,"key":"hubris:64BitClover"},{"floor":25.0,"key":"Peace Pipe"},{"floor":26.0,"key":"Garlic"},{"floor":37.0,"key":"hubris:SphereOfDissonance"},{"floor":41,"key":"Smiling Mask"},{"floor":43,"key":"hubris:TinFlute"},{"floor":45,"key":"The Courier"}],"event_choices":[{"cards_removed":["Hololive_Defend"],"damage_healed":0.0,"max_hp_gain":0.0,"max_hp_loss":0.0,"gold_gain":0.0,"event_name":"WeMeetAgain","player_choice":"Gave Card","floor":3.0,"gold_loss":0.0,"damage_taken":0.0,"relics_obtained":["Vajra"]},{"damage_healed":0.0,"max_hp_gain":0.0,"max_hp_loss":0.0,"gold_gain":0.0,"event_name":"The Mausoleum","player_choice":"Opened","floor":20.0,"gold_loss":0.0,"damage_taken":0.0,"relics_obtained":["Regal Pillow"]},{"damage_healed":0,"gold_gain":0,"player_choice":"Max HP","damage_taken":0,"max_hp_gain":0,"max_hp_loss":2,"event_name":"Winding Halls","floor":48,"gold_loss":0}],"is_beta":false,"boss_relics":[{"not_picked":["Replay:Drink Me","Pandora\u0027s Box"],"picked":"hubris:TerracottaHorce"},{"not_picked":["conspire:RoyalGoblet","hubris:Stopwatch"],"picked":"hubris:BlackHole"}],"items_purged_floors":[],"is_endless":false,"potions_floor_spawned":[1,10,12,16,18,29,37,44,45],"ascension_level":7}}