{"host":"8srk5r1dwtmjotwd","time":1611982307,"event":{"mods":["AchievementEnabler","Act Like it!","BaseMod","Beaked The Cultist","Bestiary","Better Note","Better Third Choice","Colored Map","Colored Powertips","Friendly Minions","GifTheSpireLib","Halation","Hallownest","Hermit","Hubris","Minty Spire (QoL Compilation)","Quick Restart","Rare Cards Sparkle","Replay The Spire","Shop Mod","StSLib","SuperFastMode","Synergy Search","The Bug Knight","The Construct","The Cursed","The Jungle","Thieving Mod","Yohane!","everything is the same but u backflip on backflip","slay the spire mod where everything is the same but ironclad has a cowboy hat"],"gold_per_floor":[118,118,118,32,70,70,22,22,22,47,47,62,80,5,5,104,104,123,140,140,151,163,163,180,198,276,276,306,306,325,325,325,325,325],"floor_reached":33,"language":"ENG","playtime":1915,"items_purged":[],"score":265,"play_id":"0d075836-4587-423b-b897-ad86570ce13a","local_time":"20210129235147","is_ascension_mode":false,"campfire_choices":[{"data":"Strike_G+2","floor":6,"key":"SMITH"},{"data":"Strike_G+3","floor":8,"key":"SMITH"},{"data":"Strike_G+4","floor":11,"key":"SMITH"},{"floor":15,"key":"REST"},{"data":"Strike_G+5","floor":23,"key":"SMITH"},{"data":"Strike_G+6","floor":29,"key":"SMITH"},{"floor":32,"key":"DIG"}],"circlet_count":0,"master_deck":["Strike_G","Strike_G","Strike_G+7","Strike_G","Strike_G","Defend_G","Defend_G","Defend_G+1","Defend_G","Defend_G","Survivor","Neutralize","Outmaneuver","Blade Dance","hubris:Counter","Die Die Die","After Image","Flying Knee+1","Flechettes","Dash","Deflect","Deflect","hubris:SlightOfHand+1","Dodge and Roll"],"relics":["Ring of the Snake","Simple Rune","Dead Branch","hubris:GlazedTorus","ReplayTheSpireMod:TigerMarble","Hallownest:BankAccountRelic","halation:LoveArrow","Replay:Ringing Soul","hubris:AncientText","Chameleon Ring"],"acts_visited":["Hallownest:Greenpath","TheCity"],"potions_floor_usage":[10,16,16,16,18,18,24,25,28,30],"damage_taken":[{"damage":3,"enemies":"Hallownest:2_MossCreeps","floor":1,"turns":6},{"damage":12,"enemies":"Hallownest:eliteCrystalGuardian","floor":10,"turns":4},{"damage":0,"enemies":"Hallownest:monsterHuskWarrior","floor":12,"turns":2},{"damage":0,"enemies":"Hallownest:monsterHuskGuard","floor":13,"turns":1},{"damage":21,"enemies":"Hallownest:BossBrokenVessel","floor":16,"turns":5},{"damage":12,"enemies":"Shell Parasite","floor":18,"turns":3},{"damage":0,"enemies":"Spheric Guardian","floor":19,"turns":3},{"damage":17,"enemies":"Cultist and Chosen","floor":21,"turns":5},{"damage":0,"enemies":"Centurion and Healer","floor":22,"turns":5},{"damage":8,"enemies":"Chosen and Byrds","floor":24,"turns":4},{"damage":12,"enemies":"Snake Plant","floor":25,"turns":4},{"damage":14,"enemies":"Book of Stabbing","floor":28,"turns":6},{"damage":17,"enemies":"Sentry and Sphere","floor":30,"turns":5},{"damage":10,"enemies":"Pondfish","floor":33,"turns":2}],"seed_played":"7948478159450480552","potions_obtained":[{"floor":10,"key":"CunningPotion"},{"floor":12,"key":"Weak Potion"},{"floor":16,"key":"Toxic Potion"},{"floor":21,"key":"SpeedPotion"},{"floor":22,"key":"SkillPotion"},{"floor":24,"key":"Energy Potion"},{"floor":28,"key":"SpeedPotion"}],"is_trial":false,"path_per_floor":["M","?","?","$","?","R","$","R","T","E","R","M","M","?","R","B",null,"M","M","?","M","M","R","M","M","T","?","E","R","M","?","R_BF","B"],"character_chosen":"THE_SILENT","items_purchased":["Death Potion","PowerPotion"],"campfire_rested":1,"item_purchase_floors":[4,7],"current_hp_per_floor":[67,67,67,67,50,50,50,50,50,38,38,42,42,42,63,42,70,58,58,70,53,53,53,45,33,33,33,22,22,8,8,8,0,0],"gold":325,"neow_bonus":"RANDOM_COMMON_RELIC","is_daily":false,"chose_seed":false,"campfire_upgraded":5,"win_rate":0.0,"timestamp":1611982307,"path_taken":["M","?","?","$","?","R","$","R","T","E","R","M","?","?","R","BOSS","M","M","?","?","M","R","M","M","T","?","E","R","M","?","R_BF","BOSS"],"items_purchased_type":["Potion","Potion"],"build_version":"2020-12-22","purchased_purges":0,"victory":false,"max_hp_per_floor":[70,70,70,70,70,70,70,70,70,70,70,70,70,70,70,70,70,70,70,70,70,70,70,70,70,70,70,73,73,76,76,76,76,76],"card_choices":[{"not_picked":["Sucker Punch","Endless Agony"],"picked":"Outmaneuver","floor":1},{"not_picked":["Poisoned Stab","Dagger Throw"],"picked":"Blade Dance","floor":5},{"not_picked":["Deadly Poison","Skewer","Sucker Punch"],"picked":"SKIP","floor":10},{"not_picked":["Predator","Crippling Poison"],"picked":"hubris:Counter","floor":12},{"not_picked":["Prepared","Outmaneuver"],"picked":"Die Die Die","floor":13},{"not_picked":["Unload","Die Die Die"],"picked":"After Image","floor":16},{"not_picked":["Riddle With Holes","PiercingWail"],"picked":"Flying Knee+1","floor":18},{"not_picked":["ReplayTheSpireMod:Tripwire","Prepared+1"],"picked":"Flechettes","floor":19},{"not_picked":["hubris:TrickCloak","Acrobatics+1"],"picked":"Dash","floor":21},{"not_picked":["Flechettes","After Image"],"picked":"Deflect","floor":22},{"not_picked":["Blade Dance","Outmaneuver"],"picked":"Deflect","floor":24},{"not_picked":["Bane","All Out Attack+1"],"picked":"hubris:SlightOfHand","floor":25},{"not_picked":["All Out Attack+1","Dagger Throw+1"],"picked":"hubris:SlightOfHand+1","floor":28},{"not_picked":["Toxin Wave","Prepared"],"picked":"Dodge and Roll","floor":30}],"player_experience":79990,"relics_obtained":[{"floor":5,"key":"Dead Branch"},{"floor":9,"key":"hubris:GlazedTorus"},{"floor":10,"key":"ReplayTheSpireMod:TigerMarble"},{"floor":26,"key":"Replay:Ringing Soul"},{"floor":28,"key":"hubris:AncientText"},{"floor":32,"key":"Chameleon Ring"}],"event_choices":[{"damage_healed":12,"gold_gain":0,"player_choice":"Full Heal","damage_taken":0,"max_hp_gain":0,"max_hp_loss":0,"event_name":"Wheel of Change","floor":20,"gold_loss":0},{"damage_healed":0,"gold_gain":0,"player_choice":"Ignored","damage_taken":0,"max_hp_gain":0,"max_hp_loss":0,"event_name":"Ghosts","floor":27,"gold_loss":0},{"cards_removed":["hubris:SlightOfHand"],"damage_healed":0,"gold_gain":0,"player_choice":"Purged","damage_taken":0,"max_hp_gain":0,"max_hp_loss":0,"event_name":"Purifier","floor":31,"gold_loss":0}],"is_beta":false,"boss_relics":[{"not_picked":["halation:PlatinumPhoenix","Replay:Wanted Poster"],"picked":"halation:LoveArrow"}],"items_purged_floors":[],"is_endless":false,"potions_floor_spawned":[10,12,16,21,22,24,28],"killed_by":"Pondfish","ascension_level":0}}