{"host":"0mf7robgulk01ko7","time":1611974172,"event":{"mods":["AchievementEnabler","BaseMod","Colored Map","DeckTracker","Minty Spire (QoL Compilation)","Quick Restart","Rare Cards Sparkle","Relic Stats","SuperFastMode","everything is the same but u backflip on backflip"],"gold_per_floor":[110,130,130,130,205,205,240,240,240,261,15,15,46,46,46,145,145,158,179,229,229,154,154,198,222,245,245,245],"floor_reached":27,"language":"KOR","playtime":1992,"items_purged":["Strike_B"],"score":574,"play_id":"9a167668-ccc2-4ff1-8aaa-d9df06c6439d","local_time":"20210130113612","is_ascension_mode":true,"campfire_choices":[{"data":"Zap","floor":6.0,"key":"SMITH"},{"data":"Turbo","floor":8.0,"key":"SMITH"},{"floor":12.0,"key":"REST"},{"data":"Creative AI","floor":15.0,"key":"SMITH"},{"floor":23,"key":"REST"}],"circlet_count":0,"master_deck":["AscendersBane","Strike_B","Strike_B","Strike_B","Defend_B","Defend_B","Defend_B","Defend_B","Zap+1","Dualcast","Cold Snap","Ball Lightning","Turbo+1","Conserve Battery","Self Repair","Creative AI+1","Electrodynamics","Storm+1","Hologram","Pain","Reinforced Body","Capacitor"],"relics":["Cracked Core","NeowsBlessing","Golden Idol","White Beast Statue","Lantern","Matryoshka","Snecko Eye","WarpedTongs","Singing Bowl","The Courier","Omamori"],"acts_visited":["Exordium","TheCity"],"potions_floor_usage":[19,24,27,27,27,27],"damage_taken":[{"damage":0.0,"enemies":"Cultist","floor":1.0,"turns":1.0},{"damage":0.0,"enemies":"Small Slimes","floor":2.0,"turns":1.0},{"damage":0.0,"enemies":"3 Sentries","floor":7.0,"turns":1.0},{"damage":2.0,"enemies":"2 Louse","floor":10.0,"turns":3.0},{"damage":22.0,"enemies":"Lagavulin","floor":13.0,"turns":7.0},{"damage":29.0,"enemies":"Hexaghost","floor":16.0,"turns":10.0},{"damage":19.0,"enemies":"Spheric Guardian","floor":18.0,"turns":4.0},{"damage":32,"enemies":"2 Thieves","floor":19,"turns":3},{"damage":4,"enemies":"Gremlin Leader","floor":24,"turns":6},{"damage":33,"enemies":"Sentry and Sphere","floor":25,"turns":5},{"damage":33,"enemies":"Chosen and Byrds","floor":27,"turns":4}],"seed_played":"-3432784842994565674","potions_obtained":[{"floor":7.0,"key":"Fire Potion"},{"floor":10.0,"key":"FocusPotion"},{"floor":13.0,"key":"Block Potion"},{"floor":16.0,"key":"Fruit Juice"},{"floor":18.0,"key":"DuplicationPotion"},{"floor":19,"key":"Ancient Potion"},{"floor":24,"key":"FearPotion"},{"floor":25,"key":"EntropicBrew"}],"is_trial":false,"path_per_floor":["M","M","?","?","?","R","E","R","T","M","$","R","E","?","R","B",null,"M","M","?","?","$","R","E","M","T","M"],"character_chosen":"DEFECT","items_purchased":["Lantern","Self Repair"],"campfire_rested":2,"item_purchase_floors":[11,11],"current_hp_per_floor":[64,64,40,40,29,29,29,29,29,27,27,48,33,38,38,16,61,49,24,24,24,24,46,47,24,24,0,0],"gold":245,"neow_bonus":"THREE_ENEMY_KILL","is_daily":false,"chose_seed":false,"campfire_upgraded":3,"win_rate":0.0,"timestamp":1611974172,"path_taken":["M","?","?","?","?","R","E","R","T","M","$","R","E","?","R","BOSS","M","M","?","?","$","R","E","M","T","M"],"items_purchased_type":["Relic","Card"],"build_version":"2020-12-22","purchased_purges":1,"victory":false,"max_hp_per_floor":[71,71,71,71,71,71,71,71,71,71,71,71,71,76,76,76,76,76,76,76,76,76,76,81,81,81,81,81],"relic_stats":{"Singing Bowl":0,"counters":[11,45],"Golden Idol":65,"Snecko Eye":[28,24,32,48],"obtain_stats":[{"Lantern":11,"Matryoshka":13,"NeowsBlessing":0,"Singing Bowl":24,"Golden Idol":3,"Snecko Eye":17,"The Courier":26,"Omamori":26,"Cracked Core":0,"White Beast Statue":9,"WarpedTongs":21},{"Lantern":4,"Matryoshka":5,"NeowsBlessing":0,"Singing Bowl":9,"Golden Idol":2,"Snecko Eye":6,"The Courier":10,"Omamori":10,"Cracked Core":0,"White Beast Statue":3,"WarpedTongs":8},{"Lantern":6,"Matryoshka":13,"NeowsBlessing":0,"Singing Bowl":36,"Golden Idol":2,"Snecko Eye":23,"The Courier":41,"Omamori":41,"Cracked Core":0,"White Beast Statue":3,"WarpedTongs":30}],"WarpedTongs":[15]},"card_choices":[{"not_picked":["Leap","Streamline"],"picked":"Cold Snap","floor":1.0},{"not_picked":["Leap","Force Field"],"picked":"Ball Lightning","floor":2.0},{"not_picked":["Double Energy","Go for the Eyes"],"picked":"Turbo","floor":7.0},{"not_picked":["Force Field","Hologram"],"picked":"Conserve Battery","floor":10.0},{"not_picked":["Steam","Self Repair"],"picked":"Creative AI","floor":13.0},{"not_picked":["Multi-Cast","Seek"],"picked":"Electrodynamics","floor":16.0},{"not_picked":["Hologram","Undo"],"picked":"Storm+1","floor":18.0},{"not_picked":["Beam Cell","Ball Lightning"],"picked":"Hologram","floor":19},{"not_picked":["Turbo","Steam Power"],"picked":"Reinforced Body","floor":24},{"not_picked":["Barrage","Turbo+1"],"picked":"Capacitor","floor":25}],"player_experience":412608,"relics_obtained":[{"floor":9.0,"key":"White Beast Statue"},{"floor":13.0,"key":"Matryoshka"},{"floor":24,"key":"Singing Bowl"},{"floor":26,"key":"The Courier"},{"floor":26,"key":"Omamori"}],"event_choices":[{"damage_healed":0.0,"max_hp_gain":0.0,"max_hp_loss":0.0,"gold_gain":0.0,"event_name":"Golden Idol","player_choice":"Take Damage","floor":3.0,"gold_loss":0.0,"damage_taken":24.0,"relics_obtained":["Golden Idol"]},{"damage_healed":0.0,"max_hp_gain":0.0,"max_hp_loss":0.0,"gold_gain":0.0,"event_name":"Liars Game","player_choice":"Ignored","floor":4.0,"gold_loss":0.0,"damage_taken":0.0},{"damage_healed":0.0,"max_hp_gain":0.0,"max_hp_loss":0.0,"gold_gain":75.0,"event_name":"World of Goop","player_choice":"Gather Gold","floor":5.0,"gold_loss":0.0,"damage_taken":11.0},{"damage_healed":0.0,"max_hp_gain":5.0,"max_hp_loss":0.0,"gold_gain":0.0,"event_name":"Big Fish","player_choice":"Donut","floor":14.0,"gold_loss":0.0,"damage_taken":0.0},{"damage_healed":0,"gold_gain":50,"player_choice":"Stole From Cult","damage_taken":0,"max_hp_gain":0,"max_hp_loss":0,"event_name":"Nest","floor":20,"gold_loss":0},{"damage_healed":0,"gold_gain":0,"player_choice":"Rummage","damage_taken":0,"relics_obtained":["WarpedTongs"],"max_hp_gain":0,"max_hp_loss":0,"event_name":"Accursed Blacksmith","floor":21,"gold_loss":0,"cards_obtained":["Pain"]}],"is_beta":false,"boss_relics":[{"not_picked":["Tiny House","Velvet Choker"],"picked":"Snecko Eye"}],"items_purged_floors":[22],"is_endless":false,"potions_floor_spawned":[7,10,13,16,18,19,24,25],"killed_by":"Chosen and Byrds","ascension_level":20}}