{"host":"ijtyqc57s6c9mbij","time":1611988885,"event":{"mods":["BaseMod","Colored Map","Downfall","Minty Spire (QoL Compilation)","StSLib"],"gold_per_floor":[99,112,127,145,161,161,188,88,100,118,153,170,170,118,131,233,233,233,246,246,246,246,246],"floor_reached":21,"language":"ENG","playtime":1783,"items_purged":[],"score":217,"play_id":"e870625c-3836-4bae-817b-dcbc416fd948","local_time":"20210129224125","is_ascension_mode":true,"campfire_choices":[{"floor":1,"key":"RECALL"},{"data":"sneckomod:SnekBite","floor":8,"key":"SMITH"},{"floor":13,"key":"REST"},{"data":"sneckomod:SnakeSap","floor":18,"key":"SMITH"}],"circlet_count":0,"master_deck":["sneckomod:Strike","sneckomod:Strike","sneckomod:Strike","sneckomod:Defend","sneckomod:Defend","sneckomod:Defend","sneckomod:TailWhip","sneckomod:SnekBite+1","sneckomod:Unknown","sneckomod:Unknown","sneckomod:SerpentIdol","sneckomod:QuickMove","sneckomod:MixItUp","sneckomod:TrashToTreasure","sneckomod:Rotation","sneckomod:WideSting","sneckomod:UnknownBoss","sneckomod:SnakeSap+1","sneckomod:UnknownUncommonPower","Guardian:TimeCapacitor","sneckomod:Transmogrify","sneckomod:UnknownClassGUARDIAN","sneckomod:UnknownClassGUARDIAN","sneckomod:UnknownClassGUARDIAN","sneckomod:UnknownClassGUARDIAN","sneckomod:UnknownClassGUARDIAN","Guardian:Gem_Red","sneckomod:SoulCleanse+1"],"relics":["Lantern","downfall:HeartBlessingRed","sneckomod:SneckoBoss","Runic Pyramid","Nilry\u0027s Codex"],"acts_visited":["Exordium","TheCity"],"potions_floor_usage":[9,10,19],"damage_taken":[{"damage":0,"enemies":"Cultist","floor":2,"turns":3},{"damage":2,"enemies":"2 Louse","floor":3,"turns":3},{"damage":13,"enemies":"Jaw Worm","floor":4,"turns":4},{"damage":17,"enemies":"2 Fungi Beasts","floor":5,"turns":3},{"damage":0,"enemies":"Blue Slaver","floor":9,"turns":2},{"damage":0,"enemies":"Lots of Slimes","floor":10,"turns":2},{"damage":9,"enemies":"3 Sentries","floor":11,"turns":5},{"damage":12,"enemies":"3 Louse","floor":12,"turns":3},{"damage":0,"enemies":"downfall:FleeingMerchant","floor":14,"turns":4},{"damage":5,"enemies":"Gremlin Gang","floor":15,"turns":2},{"damage":45,"enemies":"DF_ARCHETYPE_STREAMLINE","floor":16,"turns":11},{"damage":44,"enemies":"3 Byrds","floor":19,"turns":6},{"damage":32,"enemies":"SI_SHIV_ARCHETYPE","floor":21,"turns":7}],"seed_played":"-1743063677607424713","potions_obtained":[{"floor":2,"key":"DuplicationPotion"},{"floor":5,"key":"Strength Potion"},{"floor":16,"key":"ColorlessPotion"}],"is_trial":false,"path_per_floor":["R","M","M","M","M","?","T","R","M","M","E","M","R","$","M","B",null,"R","M","?","?"],"character_chosen":"THE_SNECKO","items_purchased":["sneckomod:Memorize"],"campfire_rested":1,"item_purchase_floors":[14],"current_hp_per_floor":[90,90,88,75,68,65,65,65,65,65,56,44,71,71,66,21,90,90,46,30,0,0,0],"gold":246,"neow_bonus":"BOSS_RELIC","is_daily":false,"chose_seed":false,"campfire_upgraded":2,"win_rate":0.0,"timestamp":1611988885,"path_taken":["R","M","M","M","?","?","T","R","M","M","E","M","R","$","M","BOSS","R","M","?","?"],"items_purchased_type":["Card"],"build_version":"2020-12-22","purchased_purges":0,"victory":false,"max_hp_per_floor":[90,90,90,90,90,90,90,90,90,90,90,90,90,90,90,90,90,90,90,90,90,90,90],"card_choices":[{"not_picked":["sneckomod:UnknownCommonAttack","sneckomod:IronFang"],"picked":"sneckomod:SerpentIdol","floor":2},{"not_picked":["sneckomod:Unknown1Cost","sneckomod:UnknownX"],"picked":"sneckomod:QuickMove","floor":3},{"not_picked":["sneckomod:ImprovisedGuard","sneckomod:Nope"],"picked":"sneckomod:MixItUp","floor":4},{"not_picked":["sneckomod:QuickBite","sneckomod:SoulDraw"],"picked":"sneckomod:TrashToTreasure","floor":5},{"not_picked":["sneckomod:UnknownCommonAttack","sneckomod:WideSting"],"picked":"sneckomod:Rotation","floor":9},{"not_picked":["sneckomod:MasterEye","sneckomod:UnknownUncommonSkill"],"picked":"sneckomod:WideSting","floor":10},{"not_picked":["sneckomod:UnknownCommonAttack","sneckomod:DefensiveFlair"],"picked":"sneckomod:UnknownUncommonPower","floor":11},{"not_picked":["sneckomod:UnknownDraw","sneckomod:Nope"],"picked":"sneckomod:UnknownBoss","floor":12},{"not_picked":["sneckomod:SoulDraw","sneckomod:UnknownX"],"picked":"sneckomod:SnakeSap","floor":14},{"not_picked":["sneckomod:ImprovisedAttack","sneckomod:UnknownUncommonAttack"],"picked":"sneckomod:UnknownUncommonPower","floor":15},{"not_picked":["sneckomod:UnknownRareAttack","sneckomod:UnknownRarePower"],"picked":"sneckomod:Transmogrify","floor":16},{"not_picked":["Guardian:Gem_Lightblue","Guardian:CurlUp"],"picked":"Guardian:Gem_Red","floor":19},{"not_picked":["sneckomod:Nope","sneckomod:Rotation+1"],"picked":"sneckomod:SoulCleanse+1","floor":19}],"player_experience":902065,"relics_obtained":[{"floor":11,"key":"Ginger"},{"floor":19,"key":"Runic Pyramid"},{"floor":20,"key":"Nilry\u0027s Codex"}],"event_choices":[{"damage_healed":0,"gold_gain":0,"player_choice":"Success","damage_taken":3,"relics_obtained":["Lantern"],"max_hp_gain":0,"max_hp_loss":0,"event_name":"Scrap Ooze","floor":6,"gold_loss":0}],"is_beta":false,"boss_relics":[{"not_picked":["Coffee Dripper","Calling Bell"],"picked":"sneckomod:SneckoBoss"}],"items_purged_floors":[],"is_endless":false,"potions_floor_spawned":[2,5,16],"killed_by":"SI_SHIV_ARCHETYPE","ascension_level":1}}