{"host":"coim2kcsdwzna1mk","time":1611989285,"event":{"mods":["100% Spire Juice","2.2 Compatiblity","AchievementEnabler","Act Like it!","AlwaysNeverKeys","Ascension Reborn","Aspiration","BaseMod","Beaked The Cultist","Bestiary","Better Match","Better Note","Better Skull","Better Third Choice","BetterRewards","Colored Map","Colored Powertips","Colorless Booster Pack","Conspire","Downfall","Ekko","Gensokyo","GifTheSpireLib","Gremlin Mod","GungeonMod","Halation","Hallownest","HexUI Lib","Highlight Path","Hubris","Hyrulean Relics","Infinite Spire","Ironclad Rager","Jorbs\u0027s Wanderer Trilogy","Menagerie","Minty Spire (QoL Compilation)","Pale of the Ancients","Quarter Circle Forward PUNCH!","RatMod","Reliquary","Replay The Spire","Retaliation","Robot Space Explorer","Shade Mod","Shop Mod","Spicy Shops","Spikes Relics","Spire Arcade","StSLib","Strawberry Spire","Stuff the Spire","SuperFastMode","The Animator","The Dragon Tamer","The Edgeheg","The Jungle","TheHero","TheVelvet","Wandering Minibosses","yUi"],"gold_per_floor":[113,113,218,230,249,283,302,302,302,302,302,321,196,231,231,231,231],"floor_reached":16,"language":"ENG","playtime":494,"items_purged":["conspire:NecroticWound"],"score":110,"play_id":"53734455-7319-47a9-ac80-cbd5cf838d77","local_time":"20210130014805","is_ascension_mode":true,"campfire_choices":[{"data":"RobotSpaceExplorer:Electropulse","floor":8,"key":"SMITH"},{"floor":11,"key":"REST"},{"floor":15,"key":"REST"}],"circlet_count":0,"master_deck":["RobotSpaceExplorer:Strike","RobotSpaceExplorer:Strike","RobotSpaceExplorer:Strike","RobotSpaceExplorer:Strike","RobotSpaceExplorer:Defend","RobotSpaceExplorer:Defend","RobotSpaceExplorer:Defend","RobotSpaceExplorer:Defend","RobotSpaceExplorer:Scan","RobotSpaceExplorer:MiniLasers","RobotSpaceExplorer:Pulsar","RobotSpaceExplorer:Electropulse+1","RobotSpaceExplorer:SurgingStrike+1","RobotSpaceExplorer:SurgingStrike","RobotSpaceExplorer:Electropulse+1","RobotSpaceExplorer:ScrapMissile+1","RobotSpaceExplorer:Blitz+1"],"relics":["RobotSpaceExplorer:RoboCore","hubris:Reverence","Golden Egg","aspiration:Nostalgia","DemoMod:Dog","ReplayTheSpireMod:CursedCoin","reliquary:Buckler"],"acts_visited":["Exordium"],"potions_floor_usage":[16],"damage_taken":[{"damage":2,"enemies":"2 Louse","floor":1,"turns":3},{"damage":0,"enemies":"Small Slimes","floor":4,"turns":2},{"damage":0,"enemies":"Jaw Worm","floor":5,"turns":2},{"damage":22,"enemies":"3 Sentries","floor":6,"turns":5},{"damage":0,"enemies":"2 Fungi Beasts","floor":7,"turns":2},{"damage":5,"enemies":"Looter","floor":12,"turns":2},{"damage":31,"enemies":"Lagavulin","floor":14,"turns":4},{"damage":51,"enemies":"The Guardian","floor":16,"turns":7}],"seed_played":"7695962462618801640","potions_obtained":[{"floor":4,"key":"Energy Potion"},{"floor":5,"key":"Ancient Potion"}],"is_trial":false,"path_per_floor":["M","?","?","M","M","E","M","R","T","?","R","M","$","E","R","B"],"character_chosen":"RobotSpaceExplorer","items_purchased":["aspiration:Nostalgia","ReplayTheSpireMod:CursedCoin","RobotSpaceExplorer:Blitz"],"campfire_rested":2,"item_purchase_floors":[13,13,13],"current_hp_per_floor":[80,80,60,60,60,38,38,38,38,38,62,57,57,26,50,0,0],"gold":231,"neow_bonus":"TEN_PERCENT_HP_BONUS","is_daily":false,"chose_seed":false,"campfire_upgraded":1,"win_rate":0.0,"timestamp":1611989285,"path_taken":["M","?","?","M","M","E","M","R","T","?","R","M","$","E","R","BOSS"],"items_purchased_type":["Relic","Relic","Card"],"build_version":"2020-12-22","purchased_purges":1,"victory":false,"max_hp_per_floor":[82,82,82,82,82,82,82,82,82,82,82,82,82,82,82,82,82],"card_choices":[{"not_picked":["RobotSpaceExplorer:TurboDodge","RobotSpaceExplorer:MetalStrike"],"picked":"RobotSpaceExplorer:Pulsar","floor":1},{"not_picked":["RobotSpaceExplorer:TurboDodge","RobotSpaceExplorer:MakeshiftVolley"],"picked":"RobotSpaceExplorer:Electropulse","floor":3},{"not_picked":["RobotSpaceExplorer:ImprovisedAttack","RobotSpaceExplorer:Counterblock"],"picked":"RobotSpaceExplorer:SurgingStrike","floor":3},{"not_picked":["RobotSpaceExplorer:MetalStrike","RobotSpaceExplorer:Ammunition"],"picked":"RobotSpaceExplorer:SurgingStrike","floor":3},{"not_picked":["RobotSpaceExplorer:SlimeMissile","RobotSpaceExplorer:ShockKick","RobotSpaceExplorer:MetalStrike"],"picked":"SKIP","floor":4},{"not_picked":["RobotSpaceExplorer:ShovelStrike","RobotSpaceExplorer:FranticSearch","RobotSpaceExplorer:BigMissile"],"picked":"SKIP","floor":5},{"not_picked":["RobotSpaceExplorer:Counterblock","RobotSpaceExplorer:FranticSearch","RobotSpaceExplorer:StarLightning"],"picked":"SKIP","floor":6},{"not_picked":["RobotSpaceExplorer:FrostMissile","RobotSpaceExplorer:GlueShot"],"picked":"RobotSpaceExplorer:Electropulse","floor":7},{"not_picked":["RobotSpaceExplorer:ImprovisedAttack","RobotSpaceExplorer:SwiftStep"],"picked":"RobotSpaceExplorer:ScrapMissile","floor":12},{"not_picked":["RobotSpaceExplorer:Probe","RobotSpaceExplorer:FranticSearch","RobotSpaceExplorer:Blitz"],"picked":"SKIP","floor":14}],"player_experience":141416,"relics_obtained":[{"floor":6,"key":"hubris:Reverence"},{"floor":9,"key":"Golden Egg"},{"floor":14,"key":"reliquary:Buckler"}],"event_choices":[{"damage_healed":0,"gold_gain":0,"player_choice":"Leave","damage_taken":0,"max_hp_gain":0,"max_hp_loss":0,"event_name":"conspire:Investor","floor":2,"gold_loss":0},{"damage_healed":0,"gold_gain":0,"player_choice":"Grow","damage_taken":0,"max_hp_gain":0,"max_hp_loss":0,"event_name":"Living Wall","floor":10,"gold_loss":0,"cards_upgraded":["RobotSpaceExplorer:Electropulse"]}],"is_beta":false,"boss_relics":[],"items_purged_floors":[13],"is_endless":false,"potions_floor_spawned":[4,5],"killed_by":"The Guardian","ascension_level":0}}