{"host":"9v3x998ddbx8o276","time":1611982522,"event":{"mods":["AchievementEnabler","BaseMod","Colored Map","Colored Powertips","Highlight Path","Minty Spire (QoL Compilation)","Quick Restart","Rare Cards Sparkle"],"gold_per_floor":[119,119,143,159,159,193,211,249,274,274,288,288,329,329,329,329,329],"floor_reached":16,"language":"ENG","playtime":392,"items_purged":[],"score":247,"play_id":"728d882e-deb9-4e41-bafa-598f4bb75105","local_time":"20210130152522","is_ascension_mode":true,"campfire_choices":[{"floor":12.0,"key":"REST"},{"floor":15.0,"key":"REST"}],"circlet_count":0,"master_deck":["AscendersBane","Strike_R","Strike_R","Strike_R","Strike_R","Strike_R","Defend_R","Defend_R","Defend_R","Defend_R","Bash+1","Flame Barrier","Bloodletting","Perfected Strike","Pommel Strike","Cleave","Second Wind","Clash","Barricade"],"relics":["Mark of Pain","Golden Idol","Juzu Bracelet","MealTicket","Omamori","Art of War"],"acts_visited":["Exordium"],"potions_floor_usage":[],"damage_taken":[{"damage":2.0,"enemies":"Jaw Worm","floor":1.0,"turns":3.0},{"damage":0.0,"enemies":"2 Louse","floor":3.0,"turns":4.0},{"damage":6.0,"enemies":"Cultist","floor":4.0,"turns":4.0},{"damage":37.0,"enemies":"Gremlin Nob","floor":6.0,"turns":4.0},{"damage":6.0,"enemies":"3 Louse","floor":7.0,"turns":4.0},{"damage":3.0,"enemies":"3 Sentries","floor":8.0,"turns":4.0},{"damage":6.0,"enemies":"Looter","floor":11.0,"turns":3.0},{"damage":8.0,"enemies":"Lagavulin","floor":13.0,"turns":5.0},{"damage":0,"enemies":"The Guardian","floor":16,"turns":1}],"seed_played":"-519419139114490807","potions_obtained":[{"floor":3.0,"key":"ColorlessPotion"},{"floor":4.0,"key":"SpeedPotion"},{"floor":5.0,"key":"Explosive Potion"},{"floor":5.0,"key":"PowerPotion"},{"floor":8.0,"key":"DuplicationPotion"},{"floor":13.0,"key":"Block Potion"}],"is_trial":false,"path_per_floor":["M","?","M","M","?","E","M","E","T","?","M","R","E","?","R","B"],"character_chosen":"IRONCLAD","items_purchased":[],"campfire_rested":2,"item_purchase_floors":[],"current_hp_per_floor":[66,66,66,60,60,23,17,14,14,14,8,28,20,25,47,47,47],"gold":329,"neow_bonus":"BOSS_RELIC","is_daily":false,"chose_seed":false,"campfire_upgraded":0,"win_rate":0.0,"timestamp":1611982522,"path_taken":["M","?","M","M","?","E","M","E","T","?","M","R","E","?","R","BOSS"],"items_purchased_type":[],"build_version":"2020-12-22","purchased_purges":0,"victory":false,"max_hp_per_floor":[75,69,69,69,69,69,69,69,69,69,69,69,69,74,74,74,74],"card_choices":[{"not_picked":["Perfected Strike","Cleave"],"picked":"Flame Barrier","floor":1.0},{"not_picked":["Warcry","Power Through"],"picked":"Bloodletting","floor":3.0},{"not_picked":["Sword Boomerang","Dropkick"],"picked":"Perfected Strike","floor":4.0},{"not_picked":["Sword Boomerang","Headbutt"],"picked":"Pommel Strike","floor":6.0},{"not_picked":["True Grit","Perfected Strike"],"picked":"Cleave","floor":7.0},{"not_picked":["Rage","Bludgeon"],"picked":"Second Wind","floor":8.0},{"not_picked":["Twin Strike","Cleave"],"picked":"Clash","floor":11.0},{"not_picked":["Searing Blow","Sever Soul"],"picked":"Barricade","floor":13.0}],"player_experience":1727278,"relics_obtained":[{"floor":6.0,"key":"Juzu Bracelet"},{"floor":8.0,"key":"MealTicket"},{"floor":9.0,"key":"Omamori"},{"floor":13.0,"key":"Art of War"}],"event_choices":[{"damage_healed":0.0,"max_hp_gain":0.0,"max_hp_loss":6.0,"gold_gain":0.0,"event_name":"Golden Idol","player_choice":"Lose Max HP","floor":2.0,"gold_loss":0.0,"damage_taken":0.0,"relics_obtained":["Golden Idol"]},{"damage_healed":0.0,"max_hp_gain":0.0,"max_hp_loss":0.0,"gold_gain":0.0,"event_name":"Lab","player_choice":"Got Potions","floor":5.0,"gold_loss":0.0,"damage_taken":0.0},{"damage_healed":0.0,"max_hp_gain":0.0,"max_hp_loss":0.0,"gold_gain":0.0,"event_name":"Living Wall","player_choice":"Grow","floor":10.0,"gold_loss":0.0,"damage_taken":0.0,"cards_upgraded":["Bash"]},{"damage_healed":0.0,"max_hp_gain":5.0,"max_hp_loss":0.0,"gold_gain":0.0,"event_name":"Big Fish","player_choice":"Donut","floor":14.0,"gold_loss":0.0,"damage_taken":0.0}],"is_beta":false,"boss_relics":[],"items_purged_floors":[],"is_endless":false,"potions_floor_spawned":[3,4,8,13],"killed_by":"The Guardian","ascension_level":14}}