{"host":"h7xtspmc2x3i8s2i","time":1611973032,"event":{"mods":["2.2 Compatiblity","AchievementEnabler","Act Like it!","AlwaysNeverKeys","Aspiration","Astrologer","BaseMod","Beaked The Cultist","Bestiary","Better Altar","Better Match","Better Note","Better Sensory Stone","Better Skull","Better Third Choice","Better Vampires","Better-Laid Plans","BetterRewards","Challenge The Spire","Colored Map","Colored Powertips","Colorless Booster Pack","Curses Come First","Defuse TimeMaze Blight","Dio Mod","Disable Question Mark Monsters","Dota2Spire","Downfall","Duelist Mod","EXCEPTION","Emptier Cage","Energized Spire","Evolution","Friendly Minions","GifTheSpireLib","Gold Saver","Gremlin Skip","Halation","Hubris","Ironclad Rager","Jedi Mod","Key Reminder","Marked Mod","Minty Spire (QoL Compilation)","Permanent Neow","Potion Indicator Mod","Quick Restart","Random Character Button","Random Character Mod","Rare Cards Sparkle","Relic Filter","Relic Stats","Reliquary","Replay The Spire","SacredBarkPlus","Shop Mod","Somnambulant","Spicy Shops","Spikes Relics","Spire Birthday Party","StSLib","Steal the Spire","Stuff the Spire","SuperFastMode","The Awakened One except there are too many feathers","The Blue Laboratory","The Cursed","The Death Knight","The Dragon Tamer","The Edgeheg","The Hierophant","The Problem Sleuth","The Runesmith","The Wild Card","TheVelvet","Transform Curses","Uncapped","Unceasing Turn Reminder","Virulent Crown","Wide Potions","everything is the same but u backflip on backflip","slay the spire mod where everything is the same but ironclad has a cowboy hat"],"gold_per_floor":[1460,1460,1460,1472,1539,1570,1570,1587,1614,1646,1626,830,830,849,849,849,849],"floor_reached":16,"language":"ENG","playtime":458,"items_purged":["theEdgeheg:StarterShootAttack"],"score":192,"play_id":"cb94a992-4eeb-4798-b921-27e19cbe150a","local_time":"20210129211712","is_ascension_mode":true,"campfire_choices":[{"floor":7,"key":"RECALL"},{"data":"theEdgeheg:CrazyGirlfriend","floor":15,"key":"SMITH"}],"circlet_count":0,"master_deck":["theEdgeheg:StarterShootAttack","theEdgeheg:StarterShootAttack","theEdgeheg:StarterShootAttack","theEdgeheg:StarterDodgeSkill","theEdgeheg:StarterDodgeSkill","theEdgeheg:StarterDodgeSkill+1","theEdgeheg:BloodyKatana","theEdgeheg:ChaosControlSkill","theEdgeheg:GatherChaos","theEdgeheg:PlayRandomCard","theEdgeheg:ChaosWhip","theEdgeheg:CrazyGirlfriend+1","theEdgeheg:KatanaGF"],"relics":["theEdgeheg:UltimateLifeformRelic","theEdgeheg:GreenEmeraldRelic","EVO:Axolotl","jedi:cryingmask","LugNut","keyreminder:keyreminder","StuffTheSpire:GrapeVine","Ornamental Fan","beaked:ShinyBauble","aspiration:EmptySkull","MerchantsRug"],"acts_visited":["Exordium"],"potions_floor_usage":[6,6,10],"damage_taken":[{"damage":0,"enemies":"Jaw Worm","floor":1,"turns":4},{"damage":0,"enemies":"2 Louse","floor":4,"turns":4},{"damage":0,"enemies":"Gremlin Nob","floor":6,"turns":5},{"damage":1,"enemies":"Small Slimes","floor":8,"turns":2},{"damage":0,"enemies":"Lagavulin","floor":10,"turns":8},{"damage":2,"enemies":"Exordium Thugs","floor":11,"turns":7},{"damage":0,"enemies":"2 Fungi Beasts","floor":14,"turns":3},{"damage":5,"enemies":"Hexaghost","floor":16,"turns":2}],"seed_played":"8203262647924597405","potions_obtained":[{"floor":4,"key":"blueLaboratory:BubblePotion"},{"floor":5,"key":"Regen Potion"},{"floor":8,"key":"ColorlessPotion"}],"is_trial":false,"path_per_floor":["M","?","?","M","?","E","R","M","T","E","M","$","?","M","R","B"],"character_chosen":"THE_DEFAULT","items_purchased":["theEdgeheg:KatanaGF","beaked:ShinyBauble","aspiration:EmptySkull","MerchantsRug"],"campfire_rested":0,"item_purchase_floors":[12,12,12,12],"current_hp_per_floor":[4,5,5,5,4,6,6,5,5,6,4,4,4,5,5,0,0],"gold":849,"neow_bonus":"RANDOM_EVENT","is_daily":false,"chose_seed":false,"campfire_upgraded":1,"win_rate":0.0,"timestamp":1611973032,"path_taken":["M","?","?","M","?","E","R","M","T","E","?","?","?","M","R","BOSS"],"items_purchased_type":["Card","Relic","Relic","Relic"],"build_version":"2020-12-22","purchased_purges":1,"victory":false,"max_hp_per_floor":[5,6,6,6,6,6,6,6,6,6,6,6,6,6,6,6,6],"relic_stats":{"counters":[8,35],"Ornamental Fan":[12],"obtain_stats":[{"keyreminder:keyreminder":7,"MerchantsRug":12,"beaked:ShinyBauble":12,"aspiration:EmptySkull":12,"theEdgeheg:UltimateLifeformRelic":0,"Ornamental Fan":10,"theEdgeheg:GreenEmeraldRelic":0,"jedi:cryingmask":5,"StuffTheSpire:GrapeVine":9,"EVO:Axolotl":0,"LugNut":6},{"keyreminder:keyreminder":3,"MerchantsRug":6,"beaked:ShinyBauble":6,"aspiration:EmptySkull":6,"theEdgeheg:UltimateLifeformRelic":0,"Ornamental Fan":5,"theEdgeheg:GreenEmeraldRelic":0,"jedi:cryingmask":2,"StuffTheSpire:GrapeVine":4,"EVO:Axolotl":0,"LugNut":3},{"keyreminder:keyreminder":13,"MerchantsRug":30,"beaked:ShinyBauble":30,"aspiration:EmptySkull":30,"theEdgeheg:UltimateLifeformRelic":0,"Ornamental Fan":23,"theEdgeheg:GreenEmeraldRelic":0,"jedi:cryingmask":8,"StuffTheSpire:GrapeVine":15,"EVO:Axolotl":0,"LugNut":13}]},"card_choices":[{"not_picked":["theEdgeheg:BetterDodge","theEdgeheg:Grr","theEdgeheg:EmeraldGirlfriend"],"picked":"SKIP","floor":1},{"not_picked":["theEdgeheg:MachineGun","theEdgeheg:BloodyKatana","theEdgeheg:Reload"],"picked":"SKIP","floor":4},{"not_picked":["theEdgeheg:ChaosControlSkill","theEdgeheg:BloodyKatana"],"picked":"theEdgeheg:PlayRandomCard","floor":5},{"not_picked":["theEdgeheg:BetterShoot","theEdgeheg:MachineGun"],"picked":"theEdgeheg:ChaosWhip","floor":6},{"not_picked":["theEdgeheg:Tsk","theEdgeheg:Grr","theEdgeheg:Shotgun"],"picked":"SKIP","floor":8},{"not_picked":["theEdgeheg:MachineGun","theEdgeheg:SuperDodge","theEdgeheg:ChaosWhip"],"picked":"SKIP","floor":10},{"not_picked":["theEdgeheg:BloodyKatana","theEdgeheg:BetterDodge"],"picked":"theEdgeheg:CrazyGirlfriend","floor":11},{"not_picked":["theEdgeheg:DashKatana","theEdgeheg:ChaosWhip","theEdgeheg:Heh"],"picked":"SKIP","floor":14}],"player_experience":632288,"relics_obtained":[{"floor":5,"key":"jedi:cryingmask"},{"floor":6,"key":"LugNut"},{"floor":9,"key":"StuffTheSpire:GrapeVine"},{"floor":10,"key":"Ornamental Fan"}],"event_choices":[],"is_beta":false,"boss_relics":[],"items_purged_floors":[12],"is_endless":false,"potions_floor_spawned":[4,8],"killed_by":"Hexaghost","ascension_level":4}}