{"host":"0ulgfg5uyx5zlmwg","time":1611991966,"event":{"mods":["Act Like it!","BaseMod","BetterRewards","Challenge The Spire","Custom Start","Grow up Mod","Marked Mod","Minty Spire (QoL Compilation)","RumiaBox-露米娅的神秘盒子","Spicy Shops","StSLib","TestMod","【功能Mod】混沌之环修复补丁","【遗物卡牌】REMEMod","篝火指南"],"gold_per_floor":[112,131,148,173,173,214,238,277,277,302,343,343,377,377,377,478,478,493,1492,1472,1490,1490,1527,1539,700,725,757,507,22,36,53,53,166,166,178,198,218,236,257,300,203,245,245,263,169,204,240,259,225,232,232,50,15,51,75],"floor_reached":56,"language":"ZHS","playtime":4186,"items_purged":["Normality","Writhe"],"score":2062,"play_id":"a9bb1f00-b18c-488a-8ec0-745273e4d626","local_time":"20210130153246","is_ascension_mode":true,"campfire_choices":[{"data":"Envenom","floor":12.0,"key":"SMITH"},{"floor":15.0,"key":"REST"},{"floor":32,"key":"RECALL"}],"circlet_count":0,"master_deck":["Strike_G","Strike_G","Strike_G","Strike_G","Strike_G","Defend_G","Defend_G","Defend_G","Defend_G","Survivor","Neutralize","Sadistic Nature","After Image","Choke","Distraction","Envenom+1","Cloak And Dagger","Bane","Deflect","Riddle With Holes","Dagger Spray","Dash","A Thousand Cuts","All Out Attack+1","PiercingWail","Slice","Dash","Bane","Panache+1","Bandage Up","Infinite Blades+1","Injury","PiercingWail+1","Panache+1","Cloak And Dagger","Blade Dance","Escape Plan","PiercingWail+1","Die Die Die","Slice+1","PiercingWail","Cloak And Dagger+1","Masterful Stab+1","Bouncing Flask+1","Choke","Dagger Spray","Envenom+1","testmod-TaurusBlackCat+1","Blade Dance","Poisoned Stab","Dagger Spray","Dodge and Roll+1","Dagger Spray","Accuracy+1","Caltrops+1","Dagger Spray+1"],"relics":["Ring of the Snake","testmod-TestBox","REME_ComplimentaryCards","testmod-DeterminationOfClimber","SecretRecord","SecretRecord","testmod-TestBox","Unceasing Top","Boot","testmod-InfectionSource","testmod-InfectionSource","Lantern","testmod-Brilliant","REME_HandOfSuture","Fusion Hammer","Frozen Egg 2","Membership Card","Shuriken","Bag of Marbles","GodSword4","testmod-Laevatain","testmod-BalancedPeriapt","TwistedFunnel","Vajra","Bottled Tornado","Mummified Hand","Strange Spoon","testmod-Prudence","testmod-Antiphasic","Snake Skull","REME_LimitBreaker","Kunai","Prayer Wheel","Akabeko","HandDrill","testmod-BouquetWithThorns","Bird Faced Urn"],"acts_visited":["Exordium","TheCity","TheBeyond","TheEnding"],"potions_floor_usage":[37,40,55,55,55],"damage_taken":[{"damage":0.0,"enemies":"Cultist","floor":1.0,"turns":4.0},{"damage":0.0,"enemies":"2 Louse","floor":2.0,"turns":3.0},{"damage":0.0,"enemies":"Jaw Worm","floor":3.0,"turns":2.0},{"damage":0.0,"enemies":"Looter","floor":4.0,"turns":2.0},{"damage":0.0,"enemies":"3 Sentries","floor":6.0,"turns":2.0},{"damage":0.0,"enemies":"Gremlin Gang","floor":7.0,"turns":1.0},{"damage":0.0,"enemies":"Lagavulin","floor":8.0,"turns":3.0},{"damage":0.0,"enemies":"Exordium Thugs","floor":10.0,"turns":1.0},{"damage":0.0,"enemies":"3 Sentries","floor":11.0,"turns":2.0},{"damage":0.0,"enemies":"Lagavulin","floor":13.0,"turns":2.0},{"damage":0.0,"enemies":"The Guardian","floor":16.0,"turns":1.0},{"damage":0.0,"enemies":"3 Byrds","floor":18.0,"turns":1.0},{"damage":0.0,"enemies":"Shell Parasite","floor":21.0,"turns":1.0},{"damage":0.0,"enemies":"Book of Stabbing","floor":23.0,"turns":1.0},{"damage":0.0,"enemies":"Snecko","floor":24.0,"turns":1.0},{"damage":0,"enemies":"Slavers","floor":27,"turns":1},{"damage":0,"enemies":"3 Cultists","floor":30,"turns":1},{"damage":0,"enemies":"Sentry and Sphere","floor":31,"turns":1},{"damage":0,"enemies":"Champ","floor":33,"turns":1},{"damage":0,"enemies":"3 Darklings","floor":35,"turns":1},{"damage":6,"enemies":"3 Shapes","floor":36,"turns":1},{"damage":0,"enemies":"Sphere and 2 Shapes","floor":37,"turns":1},{"damage":0,"enemies":"Spire Growth","floor":38,"turns":1},{"damage":0,"enemies":"Writhing Mass","floor":39,"turns":1},{"damage":0,"enemies":"Nemesis","floor":40,"turns":1},{"damage":0,"enemies":"Giant Head","floor":42,"turns":1},{"damage":0,"enemies":"Jaw Worm Horde","floor":44,"turns":1},{"damage":0,"enemies":"Nemesis","floor":46,"turns":1},{"damage":0,"enemies":"Transient","floor":47,"turns":1},{"damage":0,"enemies":"3 Darklings","floor":48,"turns":1},{"damage":0,"enemies":"Awakened One","floor":50,"turns":2},{"damage":0,"enemies":"Shield and Spear","floor":54,"turns":1},{"damage":0,"enemies":"The Heart","floor":55,"turns":3}],"seed_played":"-3916733978688912005","potions_obtained":[{"floor":2.0,"key":"Block Potion"},{"floor":3.0,"key":"testmod-SpacePotion"},{"floor":8.0,"key":"Strength Potion"},{"floor":16.0,"key":"SteroidPotion"},{"floor":20.0,"key":"Ancient Potion"},{"floor":35,"key":"Weak Potion"},{"floor":37,"key":"Explosive Potion"},{"floor":44,"key":"EssenceOfSteel"},{"floor":46,"key":"SkillPotion"},{"floor":48,"key":"Strength Potion"},{"floor":54,"key":"FearPotion"}],"is_trial":false,"path_per_floor":["M","M","M","M","?","E","M","E","T","M","E","R","E","?","R","B",null,"M","?","?","M","?","E","M","R","T","E","$","R","M","M","R","B",null,"M","M","M","M","M","E","R","E","T","M","R","E","M","M","R","B",null,"R","$","E","B",null],"character_chosen":"THE_SILENT","items_purchased":["Membership Card","Shuriken","Bag of Marbles","Bane","Panache+1","Bandage Up","GodSword4","Infinite Blades+1","testmod-Laevatain","TwistedFunnel","Panache+1","Cloak And Dagger","Blade Dance","Vajra","Bottled Tornado","Mummified Hand","Strange Spoon","Escape Plan","Snake Skull","Dagger Spray","testmod-TaurusBlackCat+1","Dagger Spray","Accuracy+1","Akabeko","HandDrill","testmod-BouquetWithThorns","Caltrops+1"],"campfire_rested":1,"item_purchase_floors":[25,25,25,25,25,25,25,25,25,28,28,28,28,29,29,29,29,29,41,41,45,49,52,52,52,53,53],"current_hp_per_floor":[90,100,110,120,130,140,150,160,170,180,190,200,210,187,230,240,250,260,270,280,290,300,310,320,330,340,350,360,370,380,390,400,410,420,430,440,450,460,470,480,490,500,510,520,530,540,550,560,570,580,590,600,610,620,640],"gold":75,"neow_bonus":"ONE_RANDOM_RARE_CARD","is_daily":false,"chose_seed":false,"campfire_upgraded":1,"win_rate":0.0,"timestamp":1611991966,"path_taken":["M","M","M","?","?","E","M","E","T","M","E","R","E","?","R","BOSS","M","?","?","?","?","E","M","R","T","E","$","R","M","M","R","BOSS","M","M","M","?","M","E","R","E","T","?","R","E","M","M","R","BOSS","R","$","E","BOSS"],"items_purchased_type":["Relic","Relic","Relic","Card","Card","Card","Relic","Card","Relic","Relic","Card","Card","Card","Relic","Relic","Relic","Relic","Card","Relic","Card","Card","Card","Card","Relic","Relic","Relic","Card"],"build_version":"2020-12-22","purchased_purges":2,"victory":true,"max_hp_per_floor":[90,100,110,120,130,140,150,160,170,180,190,200,210,220,230,240,250,260,270,280,290,300,310,320,330,340,350,360,370,380,390,400,410,420,430,440,450,460,470,480,490,500,510,520,530,540,550,560,570,580,590,600,610,620,640],"card_choices":[{"not_picked":["Dodge and Roll","Quick Slash"],"picked":"Choke","floor":1.0},{"not_picked":["Underhanded Strike","Sucker Punch"],"picked":"Distraction","floor":2.0},{"not_picked":["Acrobatics","Poisoned Stab"],"picked":"Envenom","floor":3.0},{"not_picked":["Dagger Throw","Concentrate","Sucker Punch"],"picked":"SKIP","floor":4.0},{"not_picked":["Quick Slash","Acrobatics"],"picked":"Cloak And Dagger","floor":6.0},{"not_picked":["Outmaneuver","Deadly Poison"],"picked":"Bane","floor":7.0},{"not_picked":["REME_ShadowStrike","Prepared"],"picked":"Deflect","floor":8.0},{"not_picked":["Backstab","REME_ShadowStrike"],"picked":"Riddle With Holes","floor":10.0},{"not_picked":["Prepared","Slice"],"picked":"Dagger Spray","floor":11.0},{"not_picked":["Eviscerate","Distraction"],"picked":"Dash","floor":13.0},{"not_picked":["Malaise","REME_ShadowForm"],"picked":"A Thousand Cuts","floor":16.0},{"not_picked":["Quick Slash+1","Caltrops"],"picked":"All Out Attack+1","floor":18.0},{"not_picked":["Leg Sweep","Poisoned Stab"],"picked":"PiercingWail","floor":21.0},{"not_picked":["Sucker Punch","Acrobatics+1"],"picked":"Slice","floor":23.0},{"not_picked":["Dagger Throw","REME_LeechingPoison"],"picked":"Dash","floor":24.0},{"not_picked":["Eviscerate","Flying Knee"],"picked":"PiercingWail+1","floor":27},{"not_picked":["Well Laid Plans+1","Finisher","Sucker Punch"],"picked":"SKIP","floor":30},{"not_picked":["Expertise","Concentrate"],"picked":"PiercingWail+1","floor":31},{"not_picked":["REME_ShadowForm+1","Doppelganger"],"picked":"Die Die Die","floor":33},{"not_picked":["Footwork+1","Deflect"],"picked":"Slice+1","floor":35},{"not_picked":["Outmaneuver+1","Dodge and Roll+1"],"picked":"PiercingWail","floor":36},{"not_picked":["Deflect","Quick Slash+1"],"picked":"Cloak And Dagger+1","floor":37},{"not_picked":["Tactician","Cloak And Dagger"],"picked":"Masterful Stab+1","floor":38},{"not_picked":["Sucker Punch","Outmaneuver+1"],"picked":"Bouncing Flask+1","floor":39},{"not_picked":["PiercingWail+1","Underhanded Strike"],"picked":"Choke","floor":40},{"not_picked":["Distraction+1","Expertise"],"picked":"Envenom+1","floor":42},{"not_picked":["Deflect+1","Sucker Punch+1","Dagger Throw"],"picked":"SKIP","floor":44},{"not_picked":["Reflex+1","Flechettes+1"],"picked":"Blade Dance","floor":46},{"not_picked":["Masterful Stab+1","Caltrops+1"],"picked":"Poisoned Stab","floor":47},{"not_picked":["Outmaneuver+1","Distraction","Underhanded Strike+1"],"picked":"SKIP","floor":47},{"not_picked":["Slice","Bane+1"],"picked":"Dagger Spray","floor":48},{"not_picked":["Unload","Calculated Gamble"],"picked":"Dodge and Roll+1","floor":48},{"not_picked":["Backflip","Cloak And Dagger+1"],"picked":"Dagger Spray+1","floor":54}],"player_experience":520104,"relics_obtained":[{"floor":1.0,"key":"AddBug"},{"floor":4.0,"key":"SecretRecord"},{"floor":6.0,"key":"testmod-TestBox"},{"floor":6.0,"key":"Unceasing Top"},{"floor":8.0,"key":"Boot"},{"floor":9.0,"key":"testmod-InfectionSource"},{"floor":11.0,"key":"testmod-InfectionSource"},{"floor":11.0,"key":"Lantern"},{"floor":13.0,"key":"testmod-Brilliant"},{"floor":23.0,"key":"Frozen Egg 2"},{"floor":27,"key":"testmod-BalancedPeriapt"},{"floor":40,"key":"testmod-Antiphasic"},{"floor":42,"key":"REME_LimitBreaker"},{"floor":43,"key":"Kunai"},{"floor":46,"key":"Prayer Wheel"},{"floor":54,"key":"Bird Faced Urn"}],"event_choices":[{"damage_healed":0.0,"max_hp_gain":0.0,"max_hp_loss":0.0,"gold_gain":0.0,"event_name":"给自己的盒子","player_choice":"Swap Relic","floor":5.0,"relics_lost":["AddBug"],"gold_loss":0.0,"damage_taken":0.0,"relics_obtained":["AddBug"]},{"damage_healed":0.0,"max_hp_gain":0.0,"max_hp_loss":0.0,"gold_gain":0.0,"event_name":"Scrap Ooze","player_choice":"Success","floor":14.0,"gold_loss":0.0,"damage_taken":33.0,"relics_obtained":["REME_HandOfSuture"]},{"damage_healed":0.0,"max_hp_gain":0.0,"max_hp_loss":0.0,"gold_gain":999.0,"event_name":"恩洛斯的盘子","player_choice":"Sell","floor":19.0,"relics_lost":["AddBug"],"gold_loss":0.0,"damage_taken":0.0},{"damage_healed":0.0,"max_hp_gain":0.0,"max_hp_loss":0.0,"gold_gain":0.0,"event_name":"The Woman in Blue","player_choice":"Bought 1 Potion","floor":20.0,"gold_loss":0.0,"damage_taken":0.0},{"cards_removed":["Defend_G"],"damage_healed":0.0,"max_hp_gain":0.0,"max_hp_loss":0.0,"gold_gain":0.0,"event_name":"Purifier","player_choice":"Purged","floor":22.0,"gold_loss":0.0,"damage_taken":0.0}],"is_beta":false,"boss_relics":[{"not_picked":["testmod-BloodSacrificeSpiritualization","Runic Dome"],"picked":"Fusion Hammer"},{"not_picked":["Cursed Key","testmod-CardMagician"],"picked":"testmod-Prudence"}],"items_purged_floors":[28,29],"is_endless":false,"potions_floor_spawned":[2,3,8,16,24,30,31,35,37,44,46,47,48,54],"ascension_level":1}}