{"host":"tq99ucv8ezzqzioe","time":1611994883,"event":{"mods":["BaseMod","Colored Map","Downfall","Highlight Path","Minty Spire (QoL Compilation)","StSLib"],"gold_per_floor":[119,8,183,183,183,183,199,199,199,224,224,255,330,340,340,438,438,451,451,451],"floor_reached":19,"language":"ENG","playtime":1708,"items_purged":[],"score":225,"play_id":"02e07182-1407-4fdf-adc2-051ade5232da","local_time":"20210130032123","is_ascension_mode":true,"campfire_choices":[{"data":"Bludgeon","floor":6,"key":"SMITH"},{"data":"Defend_R","floor":8,"key":"SMITH"},{"data":"Defend_R","floor":11,"key":"SMITH"},{"data":"Uppercut","floor":15,"key":"SMITH"}],"circlet_count":0,"master_deck":["Strike_R","Strike_R","Strike_R","Defend_R+1","Defend_R","Defend_R","Defend_R+1","Bash","Bludgeon+1","Feel No Pain","Pummel","Doubt","Regret","Disarm","Uppercut+1","Iron Wave","Double Tap","True Grit+1"],"relics":["Black Blood","Charon\u0027s Ashes","Omamori","Red Skull"],"acts_visited":["Exordium","TheCity"],"potions_floor_usage":[12,12,12,12,16],"damage_taken":[{"damage":0,"enemies":"Small Slimes","floor":1,"turns":3},{"damage":4,"enemies":"2 Louse","floor":7,"turns":4},{"damage":33,"enemies":"Lagavulin","floor":10,"turns":5},{"damage":12,"enemies":"Gremlin Nob","floor":12,"turns":4},{"damage":0,"enemies":"Jaw Worm","floor":14,"turns":2},{"damage":23,"enemies":"Hexaghost","floor":16,"turns":8},{"damage":42,"enemies":"Spheric Guardian","floor":18,"turns":6},{"damage":35,"enemies":"Shell Parasite","floor":19,"turns":5}],"seed_played":"-4102520733483011522","potions_obtained":[{"floor":7,"key":"Explosive Potion"},{"floor":10,"key":"EntropicBrew"}],"is_trial":false,"path_per_floor":["M","$","?","?","?","R","M","R","T","E","R","E","?","M","R","B",null,"M","M"],"character_chosen":"IRONCLAD","items_purchased":["Feel No Pain","Pummel"],"campfire_rested":0,"item_purchase_floors":[2,2],"current_hp_per_floor":[78,78,78,78,71,71,73,73,73,46,46,40,29,35,35,18,65,35,0,0],"gold":451,"neow_bonus":"TRANSFORM_CARD","is_daily":false,"chose_seed":false,"campfire_upgraded":4,"win_rate":0.0,"timestamp":1611994883,"path_taken":["M","$","?","?","?","R","M","R","T","E","R","E","?","M","R","BOSS","M","M"],"items_purchased_type":["Card","Card"],"build_version":"2020-12-22","purchased_purges":0,"victory":false,"max_hp_per_floor":[80,80,80,80,80,80,80,80,80,80,80,80,80,80,80,80,80,80,80,80],"card_choices":[{"not_picked":["Sword Boomerang","Anger","Clothesline"],"picked":"SKIP","floor":1},{"not_picked":["Cleave","Searing Blow","Perfected Strike"],"picked":"SKIP","floor":7},{"not_picked":["Sword Boomerang","Burning Pact"],"picked":"Disarm","floor":10},{"not_picked":["Combust","Heavy Blade"],"picked":"Uppercut","floor":12},{"not_picked":["Thunderclap","Power Through"],"picked":"Iron Wave","floor":14},{"not_picked":["Brutality","Berserk"],"picked":"Double Tap","floor":16},{"not_picked":["Armaments","Seeing Red"],"picked":"True Grit+1","floor":18}],"player_experience":825101,"relics_obtained":[{"floor":10,"key":"Omamori"},{"floor":12,"key":"Red Skull"}],"event_choices":[{"damage_healed":0,"gold_gain":175,"player_choice":"AGREE","damage_taken":0,"max_hp_gain":0,"max_hp_loss":0,"event_name":"Liars Game","floor":3,"gold_loss":0,"cards_obtained":["Doubt"]},{"damage_healed":0,"gold_gain":0,"player_choice":"Box","damage_taken":0,"relics_obtained":["Charon\u0027s Ashes"],"max_hp_gain":0,"max_hp_loss":0,"event_name":"Big Fish","floor":4,"gold_loss":0,"cards_obtained":["Regret"]},{"cards_removed":["Strike_R"],"damage_healed":0,"gold_gain":0,"player_choice":"Card Removal","damage_taken":7,"max_hp_gain":0,"max_hp_loss":0,"event_name":"Golden Wing","floor":5,"gold_loss":0},{"damage_healed":0,"gold_gain":75,"player_choice":"Gather Gold","damage_taken":11,"max_hp_gain":0,"max_hp_loss":0,"event_name":"World of Goop","floor":13,"gold_loss":0}],"is_beta":false,"boss_relics":[{"not_picked":["Snecko Eye","SlaversCollar"],"picked":"Black Blood"}],"items_purged_floors":[],"is_endless":false,"potions_floor_spawned":[7,10],"killed_by":"Shell Parasite","ascension_level":6}}