{"host":"r1c9rokeut2vel5g","time":1611978181,"event":{"mods":["BaseMod","Minty Spire (QoL Compilation)","Quick Restart","StSLib"],"gold_per_floor":[114,114,138,313,313,357,357,371,394,12,51,66,66,89,89,213,213,229,252,69,69,115,115,140,0,68,82,82,100,113,113,113,242,242,263,263,263,287,287,287,287],"floor_reached":40,"language":"ZHS","playtime":1538,"items_purged":["Doubt"],"score":471,"play_id":"b8e28147-108b-4e15-9b2c-17f6bd4ceaac","local_time":"20210130114301","is_ascension_mode":false,"campfire_choices":[{"data":"ClearTheMind","floor":7,"key":"SMITH"},{"data":"FlurryOfBlows","floor":13,"key":"SMITH"},{"floor":15,"key":"REST"},{"data":"Judgement","floor":23,"key":"SMITH"},{"data":"Vault","floor":28,"key":"SMITH"},{"floor":32,"key":"REST"}],"circlet_count":0,"master_deck":["Strike_P","Strike_P","Strike_P","Defend_P","Defend_P","Defend_P","Eruption","Vigilance","ClearTheMind+1","WaveOfTheHand+1","Weave","WindmillStrike","SandsOfTime","Judgement+1","Crescendo","SandsOfTime","FlurryOfBlows+1","TalkToTheHand+1","Vault+1","EmptyMind","FlurryOfBlows","DevaForm","Crescendo+1","Madness","Madness"],"relics":["PureWater","NeowsBlessing","Golden Idol","Lantern","Bag of Marbles","TungstenRod","Ginger","Empty Cage","DollysMirror","Vajra","InkBottle","Sozu"],"acts_visited":["Exordium","TheCity","TheBeyond"],"potions_floor_usage":[16,16,30,33],"damage_taken":[{"damage":0,"enemies":"Small Slimes","floor":1,"turns":1},{"damage":0,"enemies":"2 Louse","floor":3,"turns":1},{"damage":0,"enemies":"Gremlin Nob","floor":6,"turns":1},{"damage":0,"enemies":"Cultist","floor":8,"turns":2},{"damage":36,"enemies":"Lagavulin","floor":11,"turns":8},{"damage":0,"enemies":"2 Fungi Beasts","floor":12,"turns":3},{"damage":0,"enemies":"Exordium Wildlife","floor":14,"turns":2},{"damage":0,"enemies":"Slime Boss","floor":16,"turns":3},{"damage":0,"enemies":"Chosen","floor":18,"turns":4},{"damage":0,"enemies":"Spheric Guardian","floor":19,"turns":1},{"damage":4,"enemies":"Cultist and Chosen","floor":24,"turns":4},{"damage":0,"enemies":"Sentry and Sphere","floor":27,"turns":3},{"damage":15,"enemies":"Shelled Parasite and Fungi","floor":29,"turns":4},{"damage":5,"enemies":"3 Cultists","floor":30,"turns":4},{"damage":36,"enemies":"Automaton","floor":33,"turns":7},{"damage":13,"enemies":"3 Darklings","floor":35,"turns":4},{"damage":16,"enemies":"3 Shapes","floor":38,"turns":3},{"damage":54,"enemies":"Reptomancer","floor":40,"turns":3}],"seed_played":"1710824906393806400","potions_obtained":[{"floor":3,"key":"Strength Potion"},{"floor":6,"key":"Ambrosia"},{"floor":18,"key":"SmokeBomb"},{"floor":24,"key":"GamblersBrew"},{"floor":27,"key":"StancePotion"}],"is_trial":false,"path_per_floor":["M","?","M","?","?","E","R","M","T","$","E","M","R","M","R","B",null,"M","M","$","?","T","R","M","$","T","M","R","M","M","?","R","B",null,"M","?","?","M","?","E"],"character_chosen":"WATCHER","items_purchased":["TungstenRod","SandsOfTime","DollysMirror","Vault"],"campfire_rested":2,"item_purchase_floors":[10,20,20,25],"current_hp_per_floor":[72,67,67,67,67,67,67,67,67,67,31,31,31,31,51,51,67,67,67,67,67,67,67,63,63,63,63,63,48,43,43,63,27,67,54,54,54,38,31,0,0],"gold":287,"neow_bonus":"THREE_ENEMY_KILL","is_daily":false,"chose_seed":false,"campfire_upgraded":4,"win_rate":0.0,"timestamp":1611978181,"path_taken":["M","?","M","?","?","E","R","M","T","$","E","M","R","M","R","BOSS","M","?","$","?","?","R","M","$","T","M","R","M","?","?","R","BOSS","M","?","?","M","?","E"],"items_purchased_type":["Relic","Card","Relic","Card"],"build_version":"2020-12-22","purchased_purges":1,"victory":false,"max_hp_per_floor":[72,67,67,67,67,67,67,67,67,67,67,67,67,67,67,67,67,67,67,67,67,67,67,67,67,67,67,67,67,67,67,67,67,67,67,67,67,67,67,67,67],"card_choices":[{"not_picked":["PathToVictory","Sanctity"],"picked":"ClearTheMind","floor":1},{"not_picked":["Halt","Sanctity"],"picked":"WaveOfTheHand","floor":3},{"not_picked":["Collect","Consecrate"],"picked":"Weave","floor":6},{"not_picked":["FlyingSleeves","BowlingBash","CarveReality"],"picked":"SKIP","floor":8},{"not_picked":["Worship","Halt"],"picked":"WindmillStrike","floor":11},{"not_picked":["FlyingSleeves","Crescendo"],"picked":"FlurryOfBlows","floor":12},{"not_picked":["FlyingSleeves","Consecrate"],"picked":"SandsOfTime","floor":14},{"not_picked":["DeusExMachina","Devotion"],"picked":"Judgement","floor":16},{"not_picked":["Prostrate","Swivel"],"picked":"Crescendo","floor":18},{"not_picked":["CrushJoints","BowlingBash+1","Consecrate"],"picked":"SKIP","floor":19},{"not_picked":["Consecrate","Tantrum"],"picked":"TalkToTheHand+1","floor":24},{"not_picked":["ThirdEye+1","MasterReality"],"picked":"EmptyMind","floor":27},{"not_picked":["ClearTheMind","Evaluate","Halt"],"picked":"SKIP","floor":29},{"not_picked":["BowlingBash","EmptyFist+1","Halt"],"picked":"SKIP","floor":30},{"not_picked":["Establishment","DeusExMachina"],"picked":"DevaForm","floor":33},{"not_picked":["Collect","Protect","Consecrate+1"],"picked":"SKIP","floor":35},{"not_picked":["WindmillStrike","Pray+1"],"picked":"Crescendo+1","floor":38}],"player_experience":46157,"relics_obtained":[{"floor":6,"key":"Lantern"},{"floor":9,"key":"Bag of Marbles"},{"floor":11,"key":"Ginger"},{"floor":22,"key":"Vajra"},{"floor":26,"key":"InkBottle"}],"event_choices":[{"damage_healed":0,"gold_gain":0,"player_choice":"Lose Max HP","damage_taken":0,"relics_obtained":["Golden Idol"],"max_hp_gain":0,"max_hp_loss":5,"event_name":"Golden Idol","floor":2,"gold_loss":0},{"damage_healed":0,"gold_gain":175,"player_choice":"AGREE","damage_taken":0,"max_hp_gain":0,"max_hp_loss":0,"event_name":"Liars Game","floor":4,"gold_loss":0,"cards_obtained":["Doubt"]},{"damage_healed":0,"gold_gain":0,"player_choice":"Upgraded","damage_taken":0,"max_hp_gain":0,"max_hp_loss":0,"event_name":"Upgrade Shrine","floor":5,"gold_loss":0,"cards_upgraded":["WaveOfTheHand"]},{"damage_healed":0,"gold_gain":0,"player_choice":"Ignored","damage_taken":0,"max_hp_gain":0,"max_hp_loss":0,"event_name":"Vampires","floor":21,"gold_loss":0},{"damage_healed":0,"gold_gain":0,"player_choice":"Read","damage_taken":0,"max_hp_gain":0,"max_hp_loss":0,"event_name":"The Library","floor":31,"gold_loss":0,"cards_obtained":["FlurryOfBlows"]},{"damage_healed":0,"gold_gain":0,"player_choice":"Ignored","damage_taken":0,"max_hp_gain":0,"max_hp_loss":0,"event_name":"Tomb of Lord Red Mask","floor":36,"gold_loss":0},{"cards_removed":["FlurryOfBlows"],"damage_healed":0,"gold_gain":0,"player_choice":"Removed Attack","damage_taken":0,"max_hp_gain":0,"max_hp_loss":0,"event_name":"Falling","floor":37,"gold_loss":0},{"damage_healed":0,"gold_gain":0,"player_choice":"Embrace Madness","damage_taken":8,"max_hp_gain":0,"max_hp_loss":0,"event_name":"Winding Halls","floor":39,"gold_loss":0,"cards_obtained":["Madness","Madness"]}],"is_beta":false,"boss_relics":[{"not_picked":["SlaversCollar","Velvet Choker"],"picked":"Empty Cage"},{"not_picked":["Cursed Key","Runic Dome"],"picked":"Sozu"}],"items_purged_floors":[10],"is_endless":false,"potions_floor_spawned":[3,6,18,24,27,35],"killed_by":"Reptomancer","ascension_level":0}}