{"host":"6a9c3xws62y7efyw","time":1611978571,"event":{"mods":["BaseMod","Colored Map","Minty Spire (QoL Compilation)","Relic Stats","StSLib"],"gold_per_floor":[367,385,62,77,87,87,120,120,120,120,146,221,236,254,254,330,330,346,346,356,381,23,54,54,54],"floor_reached":24,"language":"ENG","playtime":1509,"items_purged":[],"score":452,"play_id":"864bdc9f-99da-47e1-a25e-78090c494439","local_time":"20210129194931","is_ascension_mode":true,"campfire_choices":[{"data":"Dash","floor":6.0,"key":"SMITH"},{"floor":8.0,"key":"REST"},{"floor":10.0,"key":"REST"},{"data":"Sucker Punch","floor":15.0,"key":"SMITH"}],"circlet_count":0,"master_deck":["AscendersBane","Strike_G","Strike_G","Strike_G","Strike_G","Strike_G","Defend_G","Defend_G","Defend_G","Defend_G","Defend_G","Survivor","Neutralize","Dash+1","Sucker Punch+1","Backflip","Terror","Die Die Die+1","Well Laid Plans","Flying Knee+1","Skewer+1","Die Die Die+1","Poisoned Stab+1","All Out Attack+1","Dash+1","Blade Dance","PiercingWail"],"relics":["Ring of the Serpent","Question Card","Molten Egg 2","Calipers","Red Mask","Pen Nib","Happy Flower","Bronze Scales"],"acts_visited":["Exordium","TheCity"],"potions_floor_usage":[],"damage_taken":[{"damage":8.0,"enemies":"2 Louse","floor":1.0,"turns":4.0},{"damage":4.0,"enemies":"Cultist","floor":2.0,"turns":5.0},{"damage":0.0,"enemies":"Small Slimes","floor":4.0,"turns":4.0},{"damage":0.0,"enemies":"2 Fungi Beasts","floor":5.0,"turns":4.0},{"damage":39.0,"enemies":"3 Sentries","floor":7.0,"turns":16.0},{"damage":15.0,"enemies":"Gremlin Nob","floor":11.0,"turns":4.0},{"damage":0.0,"enemies":"Blue Slaver","floor":13.0,"turns":4.0},{"damage":0.0,"enemies":"Lots of Slimes","floor":14.0,"turns":1.0},{"damage":19.0,"enemies":"Slime Boss","floor":16.0,"turns":11.0},{"damage":18.0,"enemies":"2 Thieves","floor":18.0,"turns":4.0},{"damage":6.0,"enemies":"Chosen","floor":20.0,"turns":5.0},{"damage":3.0,"enemies":"Masked Bandits","floor":21.0,"turns":3.0},{"damage":13.0,"enemies":"Book of Stabbing","floor":23.0,"turns":4.0},{"damage":21,"enemies":"Shelled Parasite and Fungi","floor":24,"turns":4}],"seed_played":"-3679516800884142893","potions_obtained":[{"floor":2.0,"key":"Strength Potion"},{"floor":5.0,"key":"Regen Potion"},{"floor":13.0,"key":"EssenceOfSteel"},{"floor":14.0,"key":"EssenceOfSteel"},{"floor":20.0,"key":"PowerPotion"},{"floor":21.0,"key":"Explosive Potion"}],"is_trial":false,"path_per_floor":["M","M","$","M","M","R","E","R","T","R","E","?","M","M","R","B",null,"M","?","M","?","$","E","M"],"character_chosen":"THE_SILENT","items_purchased":["Question Card","Block Potion","Pen Nib","Happy Flower","Blade Dance"],"campfire_rested":2,"item_purchase_floors":[3,3,22,22,22],"current_hp_per_floor":[36,32,32,32,32,32,8,27,27,46,31,20,20,20,20,1,50,32,32,26,23,23,10,0,0],"gold":54,"neow_bonus":"TWO_FIFTY_GOLD","is_daily":false,"chose_seed":false,"campfire_upgraded":2,"win_rate":0.0,"timestamp":1611978571,"path_taken":["M","M","$","M","M","R","E","R","T","R","E","?","M","M","R","BOSS","M","?","?","?","$","E","M"],"items_purchased_type":["Relic","Potion","Relic","Relic","Card"],"build_version":"2020-12-22","purchased_purges":0,"victory":false,"max_hp_per_floor":[66,66,66,66,66,66,66,66,66,66,66,66,66,66,66,66,66,66,66,66,66,66,66,66,66],"relic_stats":{"Happy Flower":[2],"counters":[14,73],"Bronze Scales":[15],"Pen Nib":[1],"Question Card":11,"obtain_stats":[{"Calipers":11,"Happy Flower":22,"Bronze Scales":23,"Molten Egg 2":7,"Pen Nib":22,"Red Mask":21,"Question Card":3,"Ring of the Serpent":17,"Ring of the Snake":0},{"Calipers":6,"Happy Flower":12,"Bronze Scales":13,"Molten Egg 2":5,"Pen Nib":12,"Red Mask":12,"Question Card":2,"Ring of the Serpent":9,"Ring of the Snake":0},{"Calipers":37,"Happy Flower":65,"Bronze Scales":69,"Molten Egg 2":33,"Pen Nib":65,"Red Mask":65,"Question Card":9,"Ring of the Serpent":53,"Ring of the Snake":0}]},"card_choices":[{"not_picked":["Dagger Spray","Quick Slash"],"picked":"Dash","floor":1.0},{"not_picked":["Accuracy","Underhanded Strike"],"picked":"Sucker Punch","floor":2.0},{"not_picked":["Sucker Punch","Dagger Throw","Dodge and Roll"],"picked":"Backflip","floor":4.0},{"not_picked":["Expertise","Outmaneuver","Reflex"],"picked":"Terror","floor":5.0},{"not_picked":["Cloak And Dagger","Masterful Stab+1","Bane+1"],"picked":"Die Die Die+1","floor":7.0},{"not_picked":["PiercingWail","Reflex","Cloak And Dagger"],"picked":"Well Laid Plans","floor":11.0},{"not_picked":["Underhanded Strike+1","Cloak And Dagger","Backflip"],"picked":"Flying Knee+1","floor":13.0},{"not_picked":["Poisoned Stab+1","Calculated Gamble","Dagger Throw+1"],"picked":"Skewer+1","floor":14.0},{"not_picked":["Unload+1","Phantasmal Killer","After Image"],"picked":"Die Die Die+1","floor":16.0},{"not_picked":["Flying Knee+1","Prepared","Dodge and Roll"],"picked":"Poisoned Stab+1","floor":18.0},{"not_picked":["Accuracy","Outmaneuver","Acrobatics"],"picked":"All Out Attack+1","floor":20.0},{"not_picked":["Catalyst","Tactician","Calculated Gamble"],"picked":"Dash+1","floor":21.0},{"not_picked":["All Out Attack+1","Flying Knee+1","Catalyst"],"picked":"PiercingWail","floor":23.0}],"player_experience":1439930,"relics_obtained":[{"floor":7.0,"key":"Molten Egg 2"},{"floor":11.0,"key":"Calipers"},{"floor":21.0,"key":"Red Mask"},{"floor":23.0,"key":"Bronze Scales"}],"event_choices":[{"damage_healed":0.0,"max_hp_gain":0.0,"max_hp_loss":0.0,"gold_gain":75.0,"event_name":"World of Goop","player_choice":"Gather Gold","floor":12.0,"gold_loss":0.0,"damage_taken":11.0},{"damage_healed":0.0,"max_hp_gain":0.0,"max_hp_loss":0.0,"gold_gain":0.0,"event_name":"Match and Keep!","player_choice":"0 cards matched","floor":19.0,"gold_loss":0.0,"damage_taken":0.0,"cards_obtained":[]},{"damage_healed":0.0,"max_hp_gain":0.0,"max_hp_loss":0.0,"gold_gain":0.0,"event_name":"Masked Bandits","player_choice":"Fought Bandits","floor":21.0,"gold_loss":0.0,"damage_taken":0.0}],"is_beta":false,"boss_relics":[{"not_picked":["SacredBark","Ectoplasm"],"picked":"Ring of the Serpent"}],"items_purged_floors":[],"is_endless":false,"potions_floor_spawned":[2,5,13,14,20,21],"killed_by":"Shelled Parasite and Fungi","ascension_level":20}}