{"host":"6imq2rpndqdiuake","time":1611972945,"event":{"mods":["BaseMod","Minty Spire (QoL Compilation)","Permanent Neow","Relic Stats","StSLib"],"gold_per_floor":[114,125,74,88,105,133,133,160,160,178,206,206,218,279,279,377,377,390,409,6,6,6,6,23,37,61,94,94,19,33,61,61,165,215,226,96,113,125,136,170,180,212,212,231,99,99,109,123,123,123,123,123,44,76,76],"floor_reached":56,"language":"ENG","playtime":3507,"items_purged":["Strike_B","Strike_B","Defend_B"],"score":1783,"play_id":"9788ec88-795f-4c10-8b3a-3990bbcf3e4f","local_time":"20210129181545","is_ascension_mode":true,"campfire_choices":[{"floor":7,"key":"REST"},{"data":"Coolheaded","floor":12,"key":"SMITH"},{"data":"Cold Snap","floor":15,"key":"SMITH"},{"data":"Dualcast","floor":23,"key":"SMITH"},{"data":"RitualDagger","floor":28,"key":"SMITH"},{"data":"Meteor Strike","floor":32,"key":"SMITH"},{"floor":46,"key":"RECALL"},{"data":"Seek","floor":49,"key":"SMITH"},{"data":"Skim","floor":52,"key":"SMITH"}],"circlet_count":0,"master_deck":["Strike_B+1","Defend_B","Defend_B","Defend_B","Zap","Dualcast+1","Cold Snap+1","Cold Snap","Coolheaded+1","Melter","Buffer+1","Doom and Gloom","Buffer+1","Meteor Strike+1","Self Repair+1","RitualDagger+1","Storm+1","Echo Form+1","Biased Cognition+1","Hologram+1","Defragment+1","Parasite","Reboot","White Noise","Undo+1","Coolheaded+1","Aggregate","Parasite","Skim+1","Seek+1","Defragment+1","Capacitor+1","Creative AI+1"],"relics":["Runic Dome","Frozen Egg 2","Eternal Feather","Symbiotic Virus","Meat on the Bone","Coffee Dripper","Bird Faced Urn","Strawberry","Smiling Mask","Shuriken","Tiny House","Torii","Lizard Tail","DataDisk"],"acts_visited":["Exordium","TheCity","TheBeyond","TheEnding"],"potions_floor_usage":[6,8,8,16,18,33,39,40,40,42,50,55],"damage_taken":[{"damage":1,"enemies":"Cultist","floor":1,"turns":4},{"damage":0,"enemies":"2 Louse","floor":2,"turns":1},{"damage":3,"enemies":"Jaw Worm","floor":4,"turns":4},{"damage":12,"enemies":"Exordium Thugs","floor":5,"turns":4},{"damage":8,"enemies":"3 Sentries","floor":6,"turns":6},{"damage":0,"enemies":"Gremlin Nob","floor":8,"turns":4},{"damage":0,"enemies":"2 Fungi Beasts","floor":10,"turns":3},{"damage":21,"enemies":"3 Sentries","floor":11,"turns":5},{"damage":0,"enemies":"Blue Slaver","floor":13,"turns":3},{"damage":28,"enemies":"Hexaghost","floor":16,"turns":10},{"damage":11,"enemies":"2 Thieves","floor":18,"turns":3},{"damage":5,"enemies":"Shell Parasite","floor":19,"turns":7},{"damage":0,"enemies":"Centurion and Healer","floor":24,"turns":11},{"damage":0,"enemies":"Shelled Parasite and Fungi","floor":25,"turns":5},{"damage":70,"enemies":"Book of Stabbing","floor":27,"turns":6},{"damage":22,"enemies":"Snake Plant","floor":30,"turns":4},{"damage":18,"enemies":"Gremlin Leader","floor":31,"turns":6},{"damage":0,"enemies":"Champ","floor":33,"turns":9},{"damage":0,"enemies":"3 Shapes","floor":35,"turns":4},{"damage":44,"enemies":"3 Darklings","floor":37,"turns":4},{"damage":5,"enemies":"Writhing Mass","floor":38,"turns":4},{"damage":11,"enemies":"Jaw Worm Horde","floor":39,"turns":4},{"damage":4,"enemies":"Reptomancer","floor":40,"turns":7},{"damage":10,"enemies":"3 Darklings","floor":41,"turns":4},{"damage":7,"enemies":"Nemesis","floor":42,"turns":9},{"damage":60,"enemies":"Writhing Mass","floor":44,"turns":5},{"damage":0,"enemies":"Sphere and 2 Shapes","floor":47,"turns":3},{"damage":9,"enemies":"Transient","floor":48,"turns":5},{"damage":83,"enemies":"Awakened One","floor":50,"turns":11},{"damage":109,"enemies":"Shield and Spear","floor":54,"turns":6},{"damage":81,"enemies":"The Heart","floor":55,"turns":8}],"seed_played":"5361824502484542426","potions_obtained":[{"floor":5,"key":"ColorlessPotion"},{"floor":6,"key":"ColorlessPotion"},{"floor":11,"key":"FocusPotion"},{"floor":16,"key":"DuplicationPotion"},{"floor":27,"key":"Fire Potion"},{"floor":30,"key":"FocusPotion"},{"floor":33,"key":"FearPotion"},{"floor":34,"key":"SteroidPotion"},{"floor":35,"key":"Energy Potion"},{"floor":40,"key":"Block Potion"},{"floor":41,"key":"BlessingOfTheForge"},{"floor":48,"key":"Energy Potion"}],"is_trial":false,"path_per_floor":["M","M","$","M","M","E","R","E","T","M","E","R","M","?","R","B",null,"M","M","$","?","?","R","M","M","T","E","R","?","M","E","R","B",null,"M","$","M","M","M","E","M","E","T","M","$","R","M","M","R","B",null,"R","$","E","B",null],"character_chosen":"DEFECT","items_purchased":["Strength Potion","Bird Faced Urn","Self Repair+1","Defragment+1","Skim","Capacitor+1"],"campfire_rested":1,"item_purchase_floors":[3,20,20,36,45,53],"current_hp_per_floor":[67,67,67,64,52,44,66,66,66,66,45,54,54,54,63,47,68,57,52,52,46,32,41,57,73,80,26,38,38,46,60,72,87,92,92,92,70,87,92,92,92,92,92,64,64,79,92,92,92,45,80,92,92,62,55],"gold":76,"neow_bonus":"BOSS_RELIC","is_daily":false,"chose_seed":false,"campfire_upgraded":7,"win_rate":0.0,"timestamp":1611972945,"path_taken":["M","M","$","M","M","E","R","E","T","M","E","R","M","?","R","BOSS","M","M","$","?","?","R","M","M","T","E","R","?","M","E","R","BOSS","M","$","M","M","M","E","M","E","T","M","$","R","M","M","R","BOSS","R","$","E","BOSS"],"items_purchased_type":["Potion","Relic","Card","Card","Card","Card"],"build_version":"2020-12-22","purchased_purges":3,"victory":true,"max_hp_per_floor":[75,75,75,75,75,75,75,75,75,75,75,75,75,75,75,75,75,75,75,75,75,80,80,80,80,87,87,87,87,87,87,87,87,92,92,92,92,92,92,92,92,92,92,92,92,92,92,92,92,92,92,92,92,92,92],"relic_stats":{"Lizard Tail":46,"Torii":6,"counters":[31,169],"Shuriken":[18],"Bird Faced Urn":[221],"Eternal Feather":78,"Smiling Mask":125,"obtain_stats":[{"Tiny House":34,"Torii":40,"Eternal Feather":8,"Frozen Egg 2":6,"Smiling Mask":27,"Runic Dome":0,"Lizard Tail":42,"DataDisk":54,"Shuriken":31,"Bird Faced Urn":20,"Strawberry":26,"Coffee Dripper":17,"Cracked Core":0,"Symbiotic Virus":9,"Meat on the Bone":11},{"Tiny House":18,"Torii":23,"Eternal Feather":6,"Frozen Egg 2":5,"Smiling Mask":15,"Runic Dome":0,"Lizard Tail":25,"DataDisk":30,"Shuriken":17,"Bird Faced Urn":12,"Strawberry":14,"Coffee Dripper":10,"Cracked Core":0,"Symbiotic Virus":6,"Meat on the Bone":8},{"Tiny House":95,"Torii":118,"Eternal Feather":23,"Frozen Egg 2":19,"Smiling Mask":76,"Runic Dome":0,"Lizard Tail":131,"DataDisk":161,"Shuriken":86,"Bird Faced Urn":54,"Strawberry":70,"Coffee Dripper":44,"Cracked Core":0,"Symbiotic Virus":23,"Meat on the Bone":31}],"Meat on the Bone":84},"card_choices":[{"not_picked":["Barrage","Conserve Battery"],"picked":"Cold Snap","floor":1},{"not_picked":["Conserve Battery","Sweeping Beam"],"picked":"Cold Snap","floor":2},{"not_picked":["Turbo","Compile Driver"],"picked":"Coolheaded","floor":4},{"not_picked":["Conserve Battery","Stack"],"picked":"Melter","floor":5},{"not_picked":["Turbo","Gash"],"picked":"Buffer+1","floor":6},{"not_picked":["Leap","Conserve Battery"],"picked":"Doom and Gloom","floor":8},{"not_picked":["Redo","Stack","Sweeping Beam"],"picked":"SKIP","floor":10},{"not_picked":["Redo","Sweeping Beam"],"picked":"Buffer+1","floor":11},{"not_picked":["Beam Cell","Stack","Recycle"],"picked":"SKIP","floor":13},{"not_picked":["Electrodynamics+1","Biased Cognition+1"],"picked":"Meteor Strike","floor":16},{"not_picked":["Beam Cell","Go for the Eyes","Chill"],"picked":"SKIP","floor":18},{"not_picked":["Leap","Steam","Sweeping Beam"],"picked":"SKIP","floor":19},{"not_picked":["Beam Cell","Stack","Barrage"],"picked":"SKIP","floor":24},{"not_picked":["Redo+1","Cold Snap","Streamline+1"],"picked":"SKIP","floor":25},{"not_picked":["Force Field+1","Doom and Gloom"],"picked":"Storm+1","floor":27},{"not_picked":["Steam","Defragment+1"],"picked":"Echo Form+1","floor":30},{"not_picked":["Conserve Battery","Barrage","Reprogram+1"],"picked":"SKIP","floor":31},{"not_picked":["Buffer+1","Hyperbeam"],"picked":"Biased Cognition+1","floor":33},{"not_picked":["Steam","Cold Snap+1"],"picked":"Hologram+1","floor":35},{"not_picked":["Stack","Cold Snap","Sweeping Beam"],"picked":"SKIP","floor":37},{"not_picked":["Glacier","Leap"],"picked":"Reboot","floor":38},{"not_picked":["Steam","Recycle"],"picked":"White Noise","floor":39},{"not_picked":["Conserve Battery+1","Beam Cell+1"],"picked":"Undo+1","floor":40},{"not_picked":["Stack","Go for the Eyes+1"],"picked":"Coolheaded+1","floor":41},{"not_picked":["Hologram","Glacier"],"picked":"Aggregate","floor":42},{"not_picked":["Stack","Conserve Battery+1","Streamline"],"picked":"SKIP","floor":44},{"not_picked":["Undo","Skim"],"picked":"Seek","floor":47},{"not_picked":["BootSequence+1","Coolheaded"],"picked":"Defragment+1","floor":48},{"not_picked":["Turbo+1","Self Repair+1"],"picked":"Creative AI+1","floor":54}],"player_experience":1073801,"relics_obtained":[{"floor":6,"key":"Frozen Egg 2"},{"floor":8,"key":"Eternal Feather"},{"floor":9,"key":"Symbiotic Virus"},{"floor":11,"key":"Meat on the Bone"},{"floor":26,"key":"Strawberry"},{"floor":27,"key":"Smiling Mask"},{"floor":31,"key":"Shuriken"},{"floor":40,"key":"Torii"},{"floor":42,"key":"Lizard Tail"},{"floor":54,"key":"DataDisk"}],"event_choices":[{"damage_healed":0,"gold_gain":61,"player_choice":"Gained Gold","damage_taken":0,"max_hp_gain":0,"max_hp_loss":0,"event_name":"Golden Wing","floor":14,"gold_loss":0},{"damage_healed":0,"gold_gain":0,"player_choice":"Joined the Cult","damage_taken":6,"max_hp_gain":0,"max_hp_loss":0,"event_name":"Nest","floor":21,"gold_loss":0,"cards_obtained":["RitualDagger"]},{"damage_healed":0,"gold_gain":0,"player_choice":"Shed Blood","damage_taken":19,"max_hp_gain":5,"max_hp_loss":0,"event_name":"Forgotten Altar","floor":22,"gold_loss":0},{"cards_removed":["Strike_B"],"damage_healed":0,"gold_gain":0,"player_choice":"Gave Gold","damage_taken":0,"max_hp_gain":0,"max_hp_loss":0,"event_name":"Beggar","floor":29,"gold_loss":75}],"is_beta":false,"boss_relics":[{"not_picked":["Inserter","Runic Pyramid"],"picked":"Coffee Dripper"},{"not_picked":["Sozu","Busted Crown"],"picked":"Tiny House"}],"items_purged_floors":[20,36,45],"is_endless":false,"potions_floor_spawned":[5,6,11,16,27,30,33,35,40,41,48],"ascension_level":9}}