{"host":"gf8hyl7jhl0is674","time":1611982114,"event":{"mods":["2.2 Compatiblity","Act Like it!","BaseMod","Chen","Colored Map","Gensokyo","KinomotoSakuraMod(????)","Koishi","Marisa????????","Minty Spire (QoL Compilation)","StSLib","The Servant 0.9.4","Waifu the Spire"],"gold_per_floor":[116,46,46,60,95,95,123,123,123,72,72,90,90,107,107,107,107],"floor_reached":16,"language":"ENG","playtime":1977,"items_purged":[],"score":133,"play_id":"72e7474f-582e-4b88-bc3b-7d2bb6e7fad0","local_time":"20210129214834","is_ascension_mode":false,"campfire_choices":[{"floor":6,"key":"REST"},{"floor":13,"key":"REST"},{"data":"Defy","floor":15,"key":"SMITH"}],"circlet_count":0,"master_deck":["Strike_S","Strike_S","Strike_S","Strike_S","Defend_S","Defend_S","Defend_S","Defend_S+1","KidneyShot","Exchange+1","FanOfKnives","Defy+1","SilverBlades","Foresight","Gensokyo:Shovel","Luminosity+1","Reset"],"relics":["Uniform","Mummified Hand","Blue Candle","Frozen Egg 2","White Beast Statue"],"acts_visited":["Gensokyo:Gensokyo"],"potions_floor_usage":[7,16,16],"damage_taken":[{"damage":19,"enemies":"Gensokyo:Python","floor":1,"turns":5},{"damage":0,"enemies":"Gensokyo:3_Fairies","floor":4,"turns":4},{"damage":61,"enemies":"Gensokyo:Cirno","floor":5,"turns":11},{"damage":0,"enemies":"Gensokyo:Cirno","floor":7,"turns":6},{"damage":6,"enemies":"Gensokyo:2_Kodama","floor":12,"turns":4},{"damage":17,"enemies":"Gensokyo:Kitsune","floor":14,"turns":5},{"damage":42,"enemies":"Gensokyo:Kokoro","floor":16,"turns":16}],"seed_played":"-9091408419520564048","potions_obtained":[{"floor":1,"key":"FairyPotion"},{"floor":5,"key":"SkillPotion"},{"floor":12,"key":"Ancient Potion"},{"floor":14,"key":"Fire Potion"}],"is_trial":false,"path_per_floor":["M","?","$","M","?","R","E","?","T","COS","T","M","R","M","R","B"],"character_chosen":"THE_SERVANT","items_purchased":[],"campfire_rested":2,"item_purchase_floors":[],"current_hp_per_floor":[52,52,52,52,17,38,38,38,38,38,38,32,53,36,36,0,0],"gold":107,"neow_bonus":"TEN_PERCENT_HP_BONUS","is_daily":false,"chose_seed":false,"campfire_upgraded":1,"win_rate":0.0,"timestamp":1611982114,"path_taken":["M","?","$","M","?","R","E","?","T","COS","?","M","R","M","R","BOSS"],"items_purchased_type":[],"build_version":"2020-12-22","purchased_purges":0,"victory":false,"max_hp_per_floor":[71,71,71,71,71,71,71,71,71,71,71,71,71,71,71,71,71],"card_choices":[{"not_picked":["Misdirection","Alleviate"],"picked":"FanOfKnives","floor":1},{"not_picked":["MoonPhase","Rearm"],"picked":"Defy","floor":4},{"not_picked":["MurderousAura","Spin"],"picked":"SilverBlades","floor":5},{"not_picked":["Gouge","ReturningBlade"],"picked":"Foresight","floor":7},{"not_picked":["FastForward","Gouge"],"picked":"Luminosity+1","floor":12},{"not_picked":["Starlight","BottledTime"],"picked":"Reset","floor":14}],"player_experience":324324,"relics_obtained":[{"floor":5,"key":"Mummified Hand"},{"floor":7,"key":"Blue Candle"},{"floor":9,"key":"Frozen Egg 2"},{"floor":11,"key":"White Beast Statue"}],"event_choices":[],"is_beta":false,"boss_relics":[],"items_purged_floors":[],"is_endless":false,"potions_floor_spawned":[1,5,12,14],"killed_by":"Gensokyo:Kokoro","ascension_level":0}}