{"host":"2se5dq1do2gp0x9k","time":1611989764,"event":{"mods":["AchievementEnabler","BaseMod","Block Reminder","Colored Map","Colored Powertips","Minty Spire (QoL Compilation)","Relic Stats","StSLib","SuperFastMode"],"gold_per_floor":[118,118,268,134,148,182,24,24,24,44,344,376,376,11,11,88,88,103,2,52,66,66,66,82,82,107,107,107,122,122,154,154,228,228,238,56,56,74,89,116,116,116],"floor_reached":41,"language":"ENG","playtime":9213,"items_purged":["Doubt","Strike_B","Zap"],"score":1015,"play_id":"c4018622-dd7f-4a70-b826-f4315968ae42","local_time":"20210129225604","is_ascension_mode":true,"campfire_choices":[{"data":"Chaos","floor":8,"key":"SMITH"},{"data":"Hologram","floor":13,"key":"SMITH"},{"data":"Tempest","floor":15,"key":"SMITH"},{"floor":23,"key":"REST"},{"floor":25,"key":"REST"},{"data":"Defragment","floor":27,"key":"SMITH"},{"floor":32,"key":"REST"}],"circlet_count":0,"master_deck":["AscendersBane","Compile Driver","Gash","Hologram+1","Chaos+1","Cold Snap","Go for the Eyes","Meteor Strike","Tempest+1","Capacitor","Electrodynamics","Conserve Battery","Undo","Loop","Consume","Creative AI","Defragment+1","Glacier","Coolheaded","Hologram","Buffer","Beam Cell","Coolheaded","Turbo","Biased Cognition","Loop","Master of Strategy","Loop+1","Turbo","Heatsinks"],"relics":["Cracked Core","NeowsBlessing","HornCleat","Runic Capacitor","Shuriken","Old Coin","Prayer Wheel","Membership Card","Pandora\u0027s Box","Omamori","Smiling Mask","Inserter","Lee\u0027s Waffle","Bottled Lightning"],"acts_visited":["Exordium","TheCity","TheBeyond"],"potions_floor_usage":[16,31,41],"damage_taken":[{"damage":0,"enemies":"Small Slimes","floor":1,"turns":1},{"damage":0,"enemies":"2 Louse","floor":5,"turns":1},{"damage":0,"enemies":"3 Sentries","floor":6,"turns":1},{"damage":0,"enemies":"Cultist","floor":10,"turns":3},{"damage":31,"enemies":"Gremlin Nob","floor":12,"turns":4},{"damage":27,"enemies":"Hexaghost","floor":16,"turns":11},{"damage":12,"enemies":"Shell Parasite","floor":18,"turns":6},{"damage":35,"enemies":"2 Thieves","floor":21,"turns":4},{"damage":0,"enemies":"Centurion and Healer","floor":24,"turns":7},{"damage":25,"enemies":"Cultist and Chosen","floor":29,"turns":6},{"damage":0,"enemies":"Book of Stabbing","floor":31,"turns":5},{"damage":6,"enemies":"Automaton","floor":33,"turns":17},{"damage":9,"enemies":"3 Shapes","floor":35,"turns":3},{"damage":23,"enemies":"3 Darklings","floor":38,"turns":5},{"damage":3,"enemies":"Maw","floor":39,"turns":11},{"damage":28,"enemies":"Nemesis","floor":40,"turns":9},{"damage":31,"enemies":"4 Shapes","floor":41,"turns":1}],"seed_played":"-9209282219562039231","potions_obtained":[{"floor":5,"key":"SteroidPotion"},{"floor":10,"key":"Energy Potion"},{"floor":12,"key":"Weak Potion"},{"floor":21,"key":"SteroidPotion"},{"floor":29,"key":"Ancient Potion"},{"floor":33,"key":"CultistPotion"},{"floor":39,"key":"Ancient Potion"}],"is_trial":false,"path_per_floor":["M","?","?","$","M","E","$","R","T","M","?","E","R","$","R","B",null,"M","$","?","M","?","R","M","R","T","R","?","M","?","E","R","B",null,"M","$","?","M","M","E","M"],"character_chosen":"DEFECT","items_purchased":["Gash","Runic Capacitor","Membership Card","Meteor Strike","Tempest","Capacitor","Glacier","Master of Strategy","Lee\u0027s Waffle"],"campfire_rested":3,"item_purchase_floors":[4,7,14,14,14,14,19,36,36],"current_hp_per_floor":[64,64,64,64,64,64,64,64,64,64,64,33,33,33,33,6,55,43,43,43,8,8,29,29,50,50,50,50,25,25,25,46,40,63,54,78,78,55,52,24,0,0],"gold":116,"neow_bonus":"THREE_ENEMY_KILL","is_daily":false,"chose_seed":false,"campfire_upgraded":4,"win_rate":0.0,"timestamp":1611989764,"path_taken":["M","?","?","$","M","E","$","R","T","M","?","E","R","$","R","BOSS","M","?","?","M","?","R","?","R","T","R","?","M","?","E","R","BOSS","M","$","?","M","M","E","M"],"items_purchased_type":["Card","Relic","Relic","Card","Card","Card","Card","Card","Relic"],"build_version":"2020-12-22","purchased_purges":3,"victory":false,"max_hp_per_floor":[71,71,71,71,71,71,71,71,71,71,71,71,71,71,71,71,71,71,71,71,71,71,71,71,71,71,71,71,71,71,71,71,71,71,71,78,78,78,78,78,78,78],"relic_stats":{"Lee\u0027s Waffle":24,"Inserter":[11],"counters":[17,93],"Shuriken":[17],"Prayer Wheel":7,"Pandora\u0027s Box":["Lockon","Conserve Battery","All For One","Undo","Loop","Consume","Creative AI"],"Smiling Mask":0,"obtain_stats":[{"Lee\u0027s Waffle":36,"Inserter":34,"NeowsBlessing":0,"Runic Capacitor":7,"Omamori":26,"Smiling Mask":31,"Old Coin":11,"HornCleat":6,"Shuriken":9,"Prayer Wheel":12,"Pandora\u0027s Box":17,"Membership Card":14,"Bottled Lightning":40,"Cracked Core":0},{"Lee\u0027s Waffle":13,"Inserter":12,"NeowsBlessing":0,"Runic Capacitor":3,"Omamori":9,"Smiling Mask":11,"Old Coin":4,"HornCleat":3,"Shuriken":3,"Prayer Wheel":5,"Pandora\u0027s Box":6,"Membership Card":5,"Bottled Lightning":16,"Cracked Core":0},{"Lee\u0027s Waffle":68,"Inserter":65,"NeowsBlessing":0,"Runic Capacitor":3,"Omamori":38,"Smiling Mask":48,"Old Coin":6,"HornCleat":3,"Shuriken":3,"Prayer Wheel":10,"Pandora\u0027s Box":21,"Membership Card":10,"Bottled Lightning":92,"Cracked Core":0}]},"card_choices":[{"not_picked":["Sweeping Beam","White Noise"],"picked":"Compile Driver","floor":1},{"not_picked":["Sweeping Beam","Rebound"],"picked":"Hologram","floor":5},{"not_picked":["Biased Cognition","Reinforced Body"],"picked":"Chaos","floor":6},{"not_picked":["Force Field","Reprogram"],"picked":"Cold Snap","floor":10},{"not_picked":["Turbo","Blizzard"],"picked":"Go for the Eyes","floor":12},{"not_picked":["Machine Learning","Thunder Strike"],"picked":"Electrodynamics","floor":16},{"not_picked":["Lockon","Consume"],"picked":"Defragment","floor":18},{"not_picked":["Stack","Conserve Battery","Auto Shields"],"picked":"SKIP","floor":18},{"not_picked":["Barrage","Gash+1"],"picked":"Coolheaded","floor":21},{"not_picked":["Stack","Ball Lightning"],"picked":"Hologram","floor":21},{"not_picked":["Reprogram","Steam"],"picked":"Coolheaded","floor":24},{"not_picked":["Redo","Rebound","Leap"],"picked":"SKIP","floor":24},{"not_picked":["Conserve Battery","Skim"],"picked":"Turbo","floor":29},{"not_picked":["Hologram","Ball Lightning","Sweeping Beam"],"picked":"SKIP","floor":29},{"not_picked":["Chaos","Compile Driver","Undo"],"picked":"SKIP","floor":31},{"not_picked":["Amplify","Multi-Cast"],"picked":"Biased Cognition","floor":33},{"not_picked":["Static Discharge","Hello World","Sweeping Beam"],"picked":"SKIP","floor":35},{"not_picked":["Lockon","Streamline","Loop"],"picked":"SKIP","floor":35},{"not_picked":["Lockon","Streamline"],"picked":"Loop","floor":35},{"not_picked":["Static Discharge","Hello World","Sweeping Beam"],"picked":"SKIP","floor":35},{"not_picked":["Stack+1","Chill+1"],"picked":"Loop+1","floor":38},{"not_picked":["Redo","Undo"],"picked":"Turbo","floor":38},{"not_picked":["Stack+1","Ball Lightning"],"picked":"Heatsinks","floor":39},{"not_picked":["Barrage","Reinforced Body+1","Rip and Tear+1"],"picked":"SKIP","floor":39},{"not_picked":["Static Discharge","Consume","Gash"],"picked":"SKIP","floor":40}],"player_experience":3975666,"relics_obtained":[{"floor":6,"key":"HornCleat"},{"floor":9,"key":"Shuriken"},{"floor":12,"key":"Prayer Wheel"},{"floor":26,"key":"Omamori"},{"floor":31,"key":"Smiling Mask"},{"floor":40,"key":"Bottled Lightning"}],"event_choices":[{"damage_healed":0,"gold_gain":0,"player_choice":"Leave","damage_taken":0,"max_hp_gain":0,"max_hp_loss":0,"event_name":"The Cleric","floor":2,"gold_loss":0},{"damage_healed":0,"gold_gain":150,"player_choice":"AGREE","damage_taken":0,"max_hp_gain":0,"max_hp_loss":0,"event_name":"Liars Game","floor":3,"gold_loss":0,"cards_obtained":["Doubt"]},{"damage_healed":0,"gold_gain":0,"player_choice":"Gave Potion","damage_taken":0,"relics_obtained":["Old Coin"],"max_hp_gain":0,"max_hp_loss":0,"event_name":"WeMeetAgain","floor":11,"gold_loss":0},{"damage_healed":0,"gold_gain":50,"player_choice":"Stole From Cult","damage_taken":0,"max_hp_gain":0,"max_hp_loss":0,"event_name":"Nest","floor":20,"gold_loss":0},{"damage_healed":0,"gold_gain":0,"cards_transformed":["All For One","Dualcast"],"player_choice":"Became Test Subject","damage_taken":0,"max_hp_gain":0,"max_hp_loss":0,"event_name":"Drug Dealer","floor":22,"gold_loss":0,"cards_obtained":["Buffer","Beam Cell"]},{"damage_healed":0,"gold_gain":0,"player_choice":"Ignored","damage_taken":0,"max_hp_gain":0,"max_hp_loss":0,"event_name":"Ghosts","floor":28,"gold_loss":0},{"damage_healed":0,"gold_gain":0,"player_choice":"Smashed Altar","damage_taken":0,"max_hp_gain":0,"max_hp_loss":0,"event_name":"Forgotten Altar","floor":30,"gold_loss":0,"cards_obtained":["Decay"]},{"cards_removed":["Lockon"],"damage_healed":0,"gold_gain":0,"player_choice":"Removed Attack","damage_taken":0,"max_hp_gain":0,"max_hp_loss":0,"event_name":"Falling","floor":37,"gold_loss":0}],"is_beta":false,"boss_relics":[{"not_picked":["SacredBark","Busted Crown"],"picked":"Pandora\u0027s Box"},{"not_picked":["Calling Bell","Velvet Choker"],"picked":"Inserter"}],"items_purged_floors":[4,14,19],"is_endless":false,"potions_floor_spawned":[5,10,12,21,29,33,35,39,40],"killed_by":"4 Shapes","ascension_level":20}}