{"host":"hszimsrtxxc2k25w","time":1611987659,"event":{"mods":["AchievementEnabler","BaseMod","Colored Map","DeckTracker","Minty Spire (QoL Compilation)","Rare Cards Sparkle","SuperFastMode"],"gold_per_floor":[118,128,45,57,57,22,47,63,63,13,33,33,53,65,65,65,65],"floor_reached":16,"language":"KOR","playtime":429,"items_purged":["Strike_G"],"score":183,"play_id":"2039176e-0403-4d93-ad6c-c93e02c77335","local_time":"20210130152059","is_ascension_mode":true,"campfire_choices":[{"data":"Prepared","floor":12.0,"key":"SMITH"},{"floor":15,"key":"REST"}],"circlet_count":0,"master_deck":["AscendersBane","Strike_G","Strike_G+1","Strike_G","Strike_G","Defend_G+1","Defend_G","Defend_G","Defend_G","Defend_G","Survivor","Neutralize","Grand Finale","Acrobatics","Well Laid Plans","Reflex","Prepared+1","Prepared","Masterful Stab"],"relics":["Ring of the Snake","Smiling Mask","Question Card"],"acts_visited":["Exordium"],"potions_floor_usage":[13],"damage_taken":[{"damage":12.0,"enemies":"Cultist","floor":1.0,"turns":6.0},{"damage":4.0,"enemies":"Jaw Worm","floor":2.0,"turns":2.0},{"damage":1.0,"enemies":"2 Louse","floor":4.0,"turns":4.0},{"damage":4.0,"enemies":"Blue Slaver","floor":8.0,"turns":4.0},{"damage":14.0,"enemies":"Exordium Thugs","floor":11.0,"turns":5.0},{"damage":0,"enemies":"3 Louse","floor":13,"turns":2},{"damage":0,"enemies":"Blue Slaver","floor":14,"turns":5},{"damage":1,"enemies":"Hexaghost","floor":16,"turns":6}],"seed_played":"2940336259426295496","potions_obtained":[{"floor":2.0,"key":"GamblersBrew"},{"floor":4.0,"key":"SneckoOil"},{"floor":11.0,"key":"AttackPotion"},{"floor":14,"key":"AttackPotion"}],"is_trial":false,"path_per_floor":["M","M","$","M","?","?","T","M","T","$","M","R","M","M","R","B"],"character_chosen":"THE_SILENT","items_purchased":["Well Laid Plans"],"campfire_rested":1,"item_purchase_floors":[3],"current_hp_per_floor":[32,28,28,27,7,23,23,19,19,19,5,5,5,5,24,23,23],"gold":65,"neow_bonus":"THREE_RARE_CARDS","is_daily":false,"chose_seed":false,"campfire_upgraded":1,"win_rate":0.0,"timestamp":1611987659,"path_taken":["M","M","$","M","?","?","?","?","T","$","M","R","M","M","R","BOSS"],"items_purchased_type":["Card"],"build_version":"2020-12-22","purchased_purges":1,"victory":false,"max_hp_per_floor":[66,66,66,66,66,66,66,66,66,66,66,66,66,66,66,66,66],"card_choices":[{"not_picked":["Storm of Steel","Night Terror"],"picked":"Grand Finale","floor":0.0},{"not_picked":["Blade Dance","Blur"],"picked":"Acrobatics","floor":1.0},{"not_picked":["Cloak And Dagger","Outmaneuver","PiercingWail"],"picked":"SKIP","floor":2.0},{"not_picked":["Dodge and Roll","Setup"],"picked":"Reflex","floor":4.0},{"not_picked":["Flying Knee","Skewer","Blur"],"picked":"SKIP","floor":8.0},{"not_picked":["Concentrate","Noxious Fumes","Blade Dance"],"picked":"Prepared","floor":11.0},{"not_picked":["Envenom","Backflip","Flying Knee"],"picked":"Prepared","floor":13},{"not_picked":["Deadly Poison","Well Laid Plans","Heel Hook"],"picked":"Masterful Stab","floor":14}],"player_experience":655340,"relics_obtained":[{"floor":7.0,"key":"Smiling Mask"},{"floor":9.0,"key":"Question Card"}],"event_choices":[{"damage_healed":0.0,"max_hp_gain":0.0,"max_hp_loss":0.0,"gold_gain":0.0,"event_name":"Shining Light","player_choice":"Entered Light","floor":5.0,"gold_loss":0.0,"damage_taken":20.0,"cards_upgraded":["Defend_G","Strike_G"]},{"damage_healed":16.0,"max_hp_gain":0.0,"max_hp_loss":0.0,"gold_gain":0.0,"event_name":"The Cleric","player_choice":"Healed","floor":6.0,"gold_loss":35.0,"damage_taken":0.0}],"is_beta":false,"boss_relics":[],"items_purged_floors":[10],"is_endless":false,"potions_floor_spawned":[2,4,11,14],"killed_by":"Hexaghost","ascension_level":19}}