{"host":"nyg49itbeu0n8xya","time":1611985202,"event":{"mods":["BaseMod","Minty Spire (QoL Compilation)","Relic Stats","Reliquary","StSLib","Wide Potions","°æ“≈ŒÔø®≈∆°øREMEMod","≤–¡Ù÷ÆŒÔ"],"gold_per_floor":[110,10,10,24,39,73,92,267,267,267,282,282,24,44,44,44,44],"floor_reached":16,"language":"ZHS","playtime":694,"items_purged":[],"score":102,"play_id":"e140aec6-f035-4b89-9dc3-9101e1c22fa9","local_time":"20210130134002","is_ascension_mode":false,"campfire_choices":[{"floor":12,"key":"REST"},{"floor":15,"key":"RECALL"}],"circlet_count":0,"master_deck":["PlaceholderMod:BaseStrike+1","PlaceholderMod:BaseStrike","PlaceholderMod:BaseStrike","PlaceholderMod:BaseStrike+1","PlaceholderMod:BaseStrike","PlaceholderMod:BaseDefend","PlaceholderMod:BaseDefend","PlaceholderMod:BaseDefend","PlaceholderMod:BaseDefend","PlaceholderMod:BaseDefend","PlaceholderMod:Crystal","PlaceholderMod:PoisonWhip","PlaceholderMod:ComplexForm","PlaceholderMod:Turn","PlaceholderMod:Sweep","PlaceholderMod:Colorful","PlaceholderMod:HardStrike","PlaceholderMod:ReactionCatalyze","PlaceholderMod:OHStrongAttack","Doubt","Doubt","PlaceholderMod:HardStinger","PlaceholderMod:StressReaction","PlaceholderMod:Break","PlaceholderMod:ComplexForm"],"relics":["PlaceholderMod:Tancle","REME_ComplimentaryCards","NeowsBlessing","reliquary:Firecrackers","HandDrill"],"acts_visited":["Exordium"],"potions_floor_usage":[6,6,6,6,16,16],"damage_taken":[{"damage":0,"enemies":"Cultist","floor":1,"turns":1},{"damage":0,"enemies":"Small Slimes","floor":4,"turns":1},{"damage":0,"enemies":"2 Louse","floor":5,"turns":1},{"damage":16,"enemies":"3 Sentries","floor":6,"turns":4},{"damage":13,"enemies":"2 Fungi Beasts","floor":7,"turns":4},{"damage":2,"enemies":"Looter","floor":11,"turns":4},{"damage":12,"enemies":"Blue Slaver","floor":14,"turns":3},{"damage":40,"enemies":"The Guardian","floor":16,"turns":8}],"seed_played":"3111873016953758344","potions_obtained":[{"floor":4,"key":"SkillPotion"},{"floor":5,"key":"EntropicBrew"},{"floor":14,"key":"SteroidPotion"}],"is_trial":false,"path_per_floor":["M","$","?","M","M","E","M","?","T","?","M","R","$","M","R","B"],"character_chosen":"THE_PLACEHOLDER","items_purchased":["PlaceholderMod:Turn","PlaceholderMod:Sweep","PlaceholderMod:StressReaction","HandDrill","PlaceholderMod:Break"],"campfire_rested":1,"item_purchase_floors":[2,2,13,13,13],"current_hp_per_floor":[78,78,62,62,62,50,37,37,37,30,28,51,51,39,39,0,0],"gold":44,"neow_bonus":"THREE_ENEMY_KILL","is_daily":false,"chose_seed":false,"campfire_upgraded":0,"win_rate":0.0,"timestamp":1611985202,"path_taken":["M","?","?","M","M","E","M","?","T","?","M","R","?","?","R","BOSS"],"items_purchased_type":["Card","Card","Card","Relic","Card"],"build_version":"2020-12-22","purchased_purges":0,"victory":false,"max_hp_per_floor":[78,78,78,78,78,78,78,78,78,78,78,78,78,78,78,78,78],"relic_stats":{"counters":[8,26],"HandDrill":[4],"obtain_stats":[{"PlaceholderMod:Tancle":0,"NeowsBlessing":0,"reliquary:Firecrackers":6,"HandDrill":13,"REME_ComplimentaryCards":0},{"PlaceholderMod:Tancle":0,"NeowsBlessing":0,"reliquary:Firecrackers":4,"HandDrill":6,"REME_ComplimentaryCards":0},{"PlaceholderMod:Tancle":0,"NeowsBlessing":0,"reliquary:Firecrackers":7,"HandDrill":15,"REME_ComplimentaryCards":0}]},"card_choices":[{"not_picked":["PlaceholderMod:Hard","PlaceholderMod:ContinueSpray"],"picked":"PlaceholderMod:ComplexForm","floor":1},{"not_picked":["PlaceholderMod:Hard","PlaceholderMod:ConsolidateHit"],"picked":"PlaceholderMod:Colorful","floor":4},{"not_picked":["PlaceholderMod:UnpureUse","PlaceholderMod:ConsolidateHit"],"picked":"PlaceholderMod:HardStrike","floor":5},{"not_picked":["PlaceholderMod:SprayAttack","PlaceholderMod:SevereHeat"],"picked":"PlaceholderMod:ReactionCatalyze","floor":6},{"not_picked":["PlaceholderMod:AttackAsDefend","PlaceholderMod:HardStinger"],"picked":"PlaceholderMod:OHStrongAttack","floor":7},{"not_picked":["PlaceholderMod:PoisonExcitation","PlaceholderMod:SprayAttack"],"picked":"PlaceholderMod:HardStinger","floor":11},{"not_picked":["PlaceholderMod:Sweep","PlaceholderMod:Turn"],"picked":"PlaceholderMod:ComplexForm","floor":14}],"player_experience":430235,"relics_obtained":[{"floor":6,"key":"reliquary:Firecrackers"}],"event_choices":[{"damage_healed":0,"gold_gain":0,"player_choice":"Entered Light","damage_taken":16,"max_hp_gain":0,"max_hp_loss":0,"event_name":"Shining Light","floor":3,"gold_loss":0,"cards_upgraded":["PlaceholderMod:BaseStrike","PlaceholderMod:BaseStrike"]},{"damage_healed":0,"gold_gain":175,"player_choice":"AGREE","damage_taken":0,"max_hp_gain":0,"max_hp_loss":0,"event_name":"Liars Game","floor":8,"gold_loss":0,"cards_obtained":["Doubt"]}],"is_beta":false,"boss_relics":[],"items_purged_floors":[],"is_endless":false,"potions_floor_spawned":[4,5,14],"killed_by":"The Guardian","ascension_level":0}}