{"host":"bgyhjzqafgkxdxsh","time":1611970353,"event":{"mods":["BaseMod","Colored Map","Downfall","Minty Spire (QoL Compilation)","Relic Stats","StSLib","everything is the same but u backflip on backflip"],"gold_per_floor":[99,117,136,153,153,178,178,191,91,91,116,16,36,136,146,249,249,249,269,284,299,36,36,62,73,90,123,9,29,29,46,62,157,207,107,127,77,77,77,77,77,93,107,107,136,136,148,159,178,178,178,203,9,9,9,9],"floor_reached":57,"language":"ENG","playtime":4077,"items_purged":["Slimebound:SelfFormingGoo"],"score":1420,"play_id":"04fdeda9-2a3a-4753-9efa-3f1b202d46e5","local_time":"20210130113233","is_ascension_mode":false,"campfire_choices":[{"floor":1.0,"key":"RECALL"},{"data":"Slimebound:Split","floor":9.0,"key":"SMITH"},{"data":"Slimebound:GrowthPunch","floor":12.0,"key":"SMITH"},{"data":"Slimebound:DisruptingSlam","floor":18,"key":"SMITH"},{"data":"Slimebound:MegaLick","floor":23,"key":"SMITH"},{"data":"Slimebound:PressTheAttack","floor":30,"key":"SMITH"},{"data":"Slimebound:GoopSpray","floor":35,"key":"SMITH"},{"data":"Slimebound:SlimeSlap","floor":46,"key":"SMITH"},{"floor":54,"key":"REST"}],"circlet_count":0,"master_deck":["Slimebound:Strike_Slimebound+1","Slimebound:Strike_Slimebound+1","Slimebound:Strike_Slimebound+1","Slimebound:Tackle+1","Slimebound:Defend_Slimebound+1","Slimebound:Defend_Slimebound+1","Slimebound:Defend_Slimebound+1","Slimebound:Defend_Slimebound+1","Slimebound:Split+1","Slimebound:CorrosiveSpit+1","Slimebound:MegaLick+1","Slimebound:GrowthPunch+1","Slimebound:Schlurp+1","Slimebound:Equalize+1","Slimebound:LeechEnergy+1","Slimebound:LeechingTouch+1","Slimebound:DisruptingSlam+1","downfall:Haunted","downfall:Haunted","Injury","Decay","downfall:Haunted","Slimebound:GoopSpray+1","Slimebound:MassFeed+1","Slimebound:Prepare+1","Slimebound:SlimeSpikes+1","Slimebound:PressTheAttack+1","Slimebound:RainOfGoop+1","Slimebound:LeechEnergy+1","Slimebound:SlimeTap+1","Slimebound:RainOfGoop+1","Slimebound:AcidTongue+1","Slimebound:Nibble+1","expansioncontent:PolyBeam+1","Slimebound:SplitAcid","Slimebound:SlimeSlap+1"],"relics":["Slimebound:AbsorbEndCombat","The Courier","Bag of Preparation","Eternal Feather","Du-Vu Doll","SlaversCollar","Akabeko","Slimebound:AggressiveSlimeRelic","Regal Pillow","InkBottle","Tiny House","Vajra","Ornamental Fan","Slimebound:MaxSlimesRelic","Oddly Smooth Stone","Strawberry","Letter Opener"],"acts_visited":["Exordium","TheCity","TheBeyond","TheEnding"],"potions_floor_usage":[21,25,27,27,31,32,33,45,48,49,56,56],"damage_taken":[{"damage":6.0,"enemies":"Jaw Worm","floor":2.0,"turns":4.0},{"damage":2.0,"enemies":"Small Slimes","floor":3.0,"turns":3.0},{"damage":0.0,"enemies":"2 Louse","floor":4.0,"turns":2.0},{"damage":27.0,"enemies":"Gremlin Nob","floor":6.0,"turns":5.0},{"damage":9.0,"enemies":"Exordium Wildlife","floor":8.0,"turns":4.0},{"damage":16.0,"enemies":"3 Sentries","floor":11.0,"turns":6.0},{"damage":6.0,"enemies":"Large Slime","floor":13.0,"turns":4.0},{"damage":3.0,"enemies":"2 Fungi Beasts","floor":15.0,"turns":2.0},{"damage":21.0,"enemies":"IC_STATUS_ARCHETYPE","floor":16.0,"turns":7.0},{"damage":14,"enemies":"3 Byrds","floor":19,"turns":5},{"damage":20,"enemies":"Sentry and Sphere","floor":20,"turns":5},{"damage":11,"enemies":"Snecko","floor":21,"turns":5},{"damage":15,"enemies":"downfall:FleeingMerchant","floor":22,"turns":4},{"damage":0,"enemies":"3 Cultists","floor":25,"turns":3},{"damage":2,"enemies":"Centurion and Healer","floor":26,"turns":7},{"damage":13,"enemies":"Slavers","floor":27,"turns":3},{"damage":0,"enemies":"downfall:FleeingMerchant","floor":28,"turns":4},{"damage":23,"enemies":"Snake Plant","floor":29,"turns":4},{"damage":2,"enemies":"Sentry and Sphere","floor":31,"turns":3},{"damage":0,"enemies":"3 Cultists","floor":32,"turns":2},{"damage":26,"enemies":"WA_ARCHETYPE_CALM","floor":33,"turns":9},{"damage":23,"enemies":"3 Shapes","floor":36,"turns":3},{"damage":0,"enemies":"downfall:FleeingMerchant","floor":37,"turns":2},{"damage":0,"enemies":"3 Darklings","floor":42,"turns":1},{"damage":0,"enemies":"Writhing Mass","floor":43,"turns":3},{"damage":1,"enemies":"Giant Head","floor":45,"turns":6},{"damage":7,"enemies":"Jaw Worm Horde","floor":47,"turns":2},{"damage":16,"enemies":"4 Shapes","floor":48,"turns":4},{"damage":3,"enemies":"Transient","floor":49,"turns":5},{"damage":4,"enemies":"SI_POISON_ARCHETYPE","floor":50,"turns":7},{"damage":90,"enemies":"downfall:CharBossMerchant","floor":52,"turns":7},{"damage":1,"enemies":"downfall:NeowBoss","floor":55,"turns":13},{"damage":113,"enemies":"downfall:NeowBossFinal","floor":56,"turns":8}],"seed_played":"-4084997582397844047","potions_obtained":[{"floor":3.0,"key":"sneckomod:MuddlingPotion"},{"floor":8.0,"key":"Weak Potion"},{"floor":11.0,"key":"PowerPotion"},{"floor":16.0,"key":"ColorlessPotion"},{"floor":26,"key":"Energy Potion"},{"floor":27,"key":"sneckomod:MuddlingPotion"},{"floor":29,"key":"Slimebound:SlimedPotion"},{"floor":31,"key":"CultistPotion"},{"floor":32,"key":"Block Potion"},{"floor":33,"key":"Energy Potion"},{"floor":47,"key":"Fire Potion"},{"floor":49,"key":"Guardian:BlockOnCardUsePotion"}],"is_trial":false,"path_per_floor":["R","M","M","M","?","E","T","M","R","?","E","R","M","?","M","B",null,"R","M","M","M","$","R","T","M","M","E","$","M","R","M","M","B",null,"R","M","$","?","?","?","T","M","M","?","E","R","M","M","M","B",null,"E","$","R","B","B",null],"character_chosen":"SLIMEBOUND","items_purchased":["Akabeko","Slimebound:AggressiveSlimeRelic","Fire Potion","Slimebound:Nibble","Vajra","Ornamental Fan","Letter Opener"],"campfire_rested":1,"item_purchase_floors":[22,22,28,37,37,37,53],"current_hp_per_floor":[71,67,69,71,71,46,46,53,53,53,53,72,74,79,83,77,86,86,81,72,77,74,89,89,100,104,104,104,85,103,107,110,87,118,118,102,118,118,111,111,111,115,115,115,114,115,126,126,134,135,135,58,58,136,142,29],"gold":9,"neow_bonus":"TEN_PERCENT_HP_BONUS","is_daily":false,"chose_seed":false,"campfire_upgraded":7,"win_rate":0.0,"timestamp":1611970353,"path_taken":["R","M","M","M","?","E","T","M","R","?","E","R","M","?","M","BOSS","R","M","M","M","$","R","T","M","M","E","$","M","R","M","M","BOSS","R","M","$","?","?","?","T","M","M","?","E","R","M","M","M","BOSS","E","$","R","BOSS","BOSS"],"items_purchased_type":["Relic","Relic","Potion","Card","Relic","Relic","Relic"],"build_version":"2020-12-22","purchased_purges":1,"victory":true,"max_hp_per_floor":[71,71,71,71,71,71,71,71,71,71,71,81,81,86,86,86,86,86,95,98,98,98,98,98,101,104,104,104,104,104,107,110,113,118,118,121,121,121,111,111,111,115,115,115,115,115,127,135,135,135,135,142,142,142,142,142],"relic_stats":{"Regal Pillow":15,"counters":[33,151],"Ornamental Fan":[64],"Eternal Feather":64,"Bag of Preparation":[58],"Letter Opener":[50],"obtain_stats":[{"Slimebound:AggressiveSlimeRelic":22,"Regal Pillow":24,"Tiny House":34,"downfall:HeartBlessingRed":9,"Vajra":37,"Oddly Smooth Stone":45,"Eternal Feather":11,"downfall:HeartBlessingGreen":35,"The Courier":5,"Bag of Preparation":6,"Letter Opener":53,"Akabeko":22,"Du-Vu Doll":14,"SlaversCollar":17,"downfall:BrokenWingStatue":10,"Slimebound:MaxSlimesRelic":41,"downfall:HeartBlessingBlue":12,"Ornamental Fan":37,"Strawberry":52,"Slimebound:AbsorbEndCombat":0,"InkBottle":27},{"Slimebound:AggressiveSlimeRelic":13,"Regal Pillow":13,"Tiny House":21,"downfall:HeartBlessingRed":5,"Vajra":23,"Oddly Smooth Stone":26,"Eternal Feather":6,"downfall:HeartBlessingGreen":21,"The Courier":3,"Bag of Preparation":4,"Letter Opener":31,"Akabeko":13,"Du-Vu Doll":7,"SlaversCollar":9,"downfall:BrokenWingStatue":5,"Slimebound:MaxSlimesRelic":23,"downfall:HeartBlessingBlue":6,"Ornamental Fan":23,"Strawberry":31,"Slimebound:AbsorbEndCombat":0,"InkBottle":16},{"Slimebound:AggressiveSlimeRelic":56,"Regal Pillow":56,"Tiny House":91,"downfall:HeartBlessingRed":18,"Vajra":96,"Oddly Smooth Stone":105,"Eternal Feather":24,"downfall:HeartBlessingGreen":91,"The Courier":9,"Bag of Preparation":14,"Letter Opener":130,"Akabeko":56,"Du-Vu Doll":28,"SlaversCollar":37,"downfall:BrokenWingStatue":18,"Slimebound:MaxSlimesRelic":96,"downfall:HeartBlessingBlue":24,"Ornamental Fan":96,"Strawberry":130,"Slimebound:AbsorbEndCombat":0,"InkBottle":69}],"InkBottle":[37]},"card_choices":[{"not_picked":["Slimebound:SplitBruiser","Slimebound:SamplingLick"],"picked":"Slimebound:MegaLick","floor":2.0},{"not_picked":["Slimebound:ViciousTackle","Slimebound:Gluttony"],"picked":"Slimebound:GrowthPunch","floor":3.0},{"not_picked":["Slimebound:MegaLick","Slimebound:GoopTackle"],"picked":"Slimebound:Schlurp","floor":4.0},{"not_picked":["Slimebound:SamplingLick","Slimebound:Dissolve"],"picked":"Slimebound:Equalize","floor":6.0},{"not_picked":["Slimebound:RollThrough","Slimebound:TongueLash"],"picked":"Slimebound:LeechEnergy","floor":8.0},{"not_picked":["Slimebound:Equalize","Slimebound:MassRepurpose"],"picked":"Slimebound:LeechingTouch","floor":11.0},{"not_picked":["Slimebound:Repurpose","Slimebound:ViciousTackle"],"picked":"Slimebound:DisruptingSlam","floor":13.0},{"not_picked":["Slimebound:SplitAcid","Slimebound:SlimeTap"],"picked":"Slimebound:GoopSpray","floor":15.0},{"not_picked":["Slimebound:DouseInSlime","Slimebound:OneTwoCombo"],"picked":"Slimebound:MassFeed","floor":16.0},{"not_picked":["Slimebound:SplitBruiser","Slimebound:FlameTackle"],"picked":"Slimebound:Prepare","floor":19},{"not_picked":["Slimebound:FinishingTackle","Slimebound:LevelUp+1","Slimebound:RollThrough"],"picked":"SKIP","floor":20},{"not_picked":["Slimebound:ComboTackle","Slimebound:SplitLeeching"],"picked":"Slimebound:SlimeSpikes+1","floor":21},{"not_picked":["Slimebound:ComboTackle","Slimebound:LeechingTouch"],"picked":"Slimebound:PressTheAttack","floor":22},{"not_picked":["Slimebound:ComboTackle+1","Slimebound:GoopTackle","Slimebound:SamplingLick"],"picked":"SKIP","floor":25},{"not_picked":["Slimebound:ComboTackle","Slimebound:HauntingLick"],"picked":"Slimebound:RainOfGoop+1","floor":26},{"not_picked":["Slimebound:LivingWall","Slimebound:Grow"],"picked":"Slimebound:LeechEnergy","floor":27},{"not_picked":["Slimebound:MassFeed","Slimebound:ComboTackle+1","Slimebound:SplitMire"],"picked":"SKIP","floor":28},{"not_picked":["Slimebound:SplitAcid","Slimebound:LevelUp"],"picked":"Slimebound:SlimeTap+1","floor":29},{"not_picked":["Slimebound:PressTheAttack+1","Slimebound:ComboTackle","Slimebound:Prepare"],"picked":"SKIP","floor":31},{"not_picked":["Slimebound:SlimeSpikes","Slimebound:FlameTackle"],"picked":"Slimebound:ProtectTheBoss+1","floor":32},{"not_picked":["Slimebound:ItLooksTasty","Slimebound:HauntingLick"],"picked":"Slimebound:RainOfGoop+1","floor":34},{"not_picked":["Slimebound:SlimeSpikes+1","Slimebound:Schlurp+1","Slimebound:SplitBruiser"],"picked":"SKIP","floor":36},{"not_picked":["Slimebound:HauntingLick","Slimebound:Chomp+1"],"picked":"Slimebound:AcidTongue+1","floor":37},{"not_picked":["expansioncontent:InvincibleStrength","expansioncontent:AwakenDeath"],"picked":"expansioncontent:PolyBeam","floor":38},{"not_picked":["Slimebound:AcidTongue","Slimebound:LeechEnergy","Slimebound:GoopTackle"],"picked":"SKIP","floor":42},{"not_picked":["Slimebound:GoopTackle+1","Slimebound:Replication"],"picked":"Slimebound:SplitAcid","floor":43},{"not_picked":["Slimebound:ComboTackle","Slimebound:OozeBath"],"picked":"Slimebound:SlimeSlap","floor":45},{"not_picked":["Slimebound:SlimeSpikes+1","Slimebound:GoopTackle+1","Slimebound:FormOfPuddle"],"picked":"SKIP","floor":47},{"not_picked":["Slimebound:LeadByExample+1","Slimebound:RainOfGoop","Slimebound:GoopTackle+1"],"picked":"SKIP","floor":48},{"not_picked":["Slimebound:SplitBruiser","Slimebound:TongueLash+1","Slimebound:ProtectTheBoss+1"],"picked":"SKIP","floor":49},{"not_picked":["Slimebound:Schlurp","Slimebound:SplitMire","Slimebound:MegaLick+1"],"picked":"SKIP","floor":52}],"player_experience":462522,"relics_obtained":[{"floor":6.0,"key":"Bag of Preparation"},{"floor":11.0,"key":"Eternal Feather"},{"floor":24,"key":"Regal Pillow"},{"floor":27,"key":"InkBottle"},{"floor":41,"key":"Slimebound:MaxSlimesRelic"},{"floor":45,"key":"Oddly Smooth Stone"},{"floor":52,"key":"Strawberry"}],"event_choices":[{"cards_removed":["Slimebound:ProtectTheBoss"],"damage_healed":0,"gold_gain":0,"player_choice":"Removed Power","damage_taken":0,"max_hp_gain":0,"max_hp_loss":0,"event_name":"Falling","floor":40,"gold_loss":0}],"is_beta":false,"boss_relics":[{"not_picked":["bronze:MakeshiftBattery","Slimebound:AbsorbEndCombatUpgraded"],"picked":"SlaversCollar"},{"not_picked":["Black Star","Pandora\u0027s Box"],"picked":"Tiny House"}],"items_purged_floors":[28],"is_endless":false,"potions_floor_spawned":[3,8,11,13,16,26,27,29,31,32,33,42,47,49],"ascension_level":0}}