{"host":"vrsxkkch9ccrec7k","time":1611992283,"event":{"mods":["Act Like it!","BaseMod","Bestiary","Better Altar","Better Match","Better Note","Better Sensory Stone","Better Skull","Better Third Choice","Better Vampires","Downfall","Minty Spire (QoL Compilation)","Permanent Neow","Relic Stats","Spicy Shops","StSLib"],"gold_per_floor":[99,99,99,119,139,139,139,170,190,206,216,245,145,176,192,192,192,192],"floor_reached":16,"language":"ENG","playtime":1325,"items_purged":[],"score":195,"play_id":"e6db63c7-fd83-4770-9a30-7e04ae726256","local_time":"20210130023803","is_ascension_mode":true,"campfire_choices":[{"data":"champ:Execute","floor":1,"key":"SMITH"},{"data":"champ:Haymaker","floor":6,"key":"SMITH"},{"floor":13,"key":"REST"}],"circlet_count":0,"master_deck":["AscendersBane","champ:Strike","champ:Strike","champ:Strike","champ:Defend","champ:Defend","champ:Defend+1","champ:Defend+1","champ:Execute+1","champ:Taunt","champ:Haymaker+1","champ:FlashCut","champ:DefensiveStyle","champ:DeathBlow","champ:EnGarde","champ:DefensiveShout","champ:GutPunch","champ:Circumvent"],"relics":["champ:ChampionCrown","Ginger","Blood Vial","War Paint","Centennial Puzzle","downfall:HeartBlessingGreen","Pen Nib"],"acts_visited":["Exordium"],"potions_floor_usage":[8,8,11,12,16],"damage_taken":[{"damage":17,"enemies":"2 Louse","floor":4,"turns":3},{"damage":25,"enemies":"Jaw Worm","floor":5,"turns":6},{"damage":58,"enemies":"Lagavulin","floor":8,"turns":7},{"damage":17,"enemies":"Small Slimes","floor":9,"turns":3},{"damage":10,"enemies":"2 Fungi Beasts","floor":10,"turns":4},{"damage":37,"enemies":"Gremlin Gang","floor":11,"turns":4},{"damage":38,"enemies":"3 Sentries","floor":12,"turns":7},{"damage":26,"enemies":"Lagavulin","floor":14,"turns":7},{"damage":6,"enemies":"Large Slime","floor":15,"turns":4},{"damage":83,"enemies":"IC_STATUS_ARCHETYPE","floor":16,"turns":13}],"seed_played":"6751799456736733501","potions_obtained":[{"floor":0,"key":"Slimebound:ThreeZeroPotion"},{"floor":0,"key":"EntropicBrew"},{"floor":12,"key":"Explosive Potion"}],"is_trial":false,"path_per_floor":["R","?","?","M","M","R","T","E","M","M","M","E","R","E","M","B"],"character_chosen":"THE_CHAMP","items_purchased":[],"campfire_rested":1,"item_purchase_floors":[],"current_hp_per_floor":[81,74,74,67,67,67,67,66,61,63,38,22,49,45,46,0,0,0],"gold":192,"neow_bonus":"THREE_SMALL_POTIONS","is_daily":false,"chose_seed":false,"campfire_upgraded":2,"win_rate":0.0,"timestamp":1611992283,"path_taken":["R","?","?","M","M","R","T","E","M","?","M","E","R","E","M","BOSS"],"items_purchased_type":[],"build_version":"2020-12-22","purchased_purges":0,"victory":false,"max_hp_per_floor":[90,90,90,90,90,90,90,90,90,90,90,90,90,90,90,90,90,90],"relic_stats":{"Blood Vial":16,"Centennial Puzzle":[9],"counters":[10,58],"Pen Nib":[2],"Ginger":[5],"War Paint":["champ:Defend","champ:Defend"],"obtain_stats":[{"Blood Vial":7,"Centennial Puzzle":12,"champ:ChampionCrown":0,"downfall:HeartBlessingGreen":13,"Pen Nib":14,"Ginger":2,"War Paint":8},{"Blood Vial":2,"Centennial Puzzle":7,"champ:ChampionCrown":0,"downfall:HeartBlessingGreen":7,"Pen Nib":8,"Ginger":0,"War Paint":3},{"Blood Vial":9,"Centennial Puzzle":34,"champ:ChampionCrown":0,"downfall:HeartBlessingGreen":34,"Pen Nib":41,"Ginger":0,"War Paint":16}]},"card_choices":[{"not_picked":["champ:BladeFlurry","champ:RageSigil"],"picked":"champ:Haymaker","floor":4},{"not_picked":["champ:ShieldSlam","champ:GutPunch"],"picked":"champ:FlashCut","floor":5},{"not_picked":["champ:CalledShot","champ:RapidStrikes"],"picked":"champ:DefensiveStyle","floor":8},{"not_picked":["champ:Circumvent","champ:ShieldSlam"],"picked":"champ:DeathBlow","floor":9},{"not_picked":["champ:EnragedBash","champ:FocusedBerserking"],"picked":"champ:EnGarde","floor":10},{"not_picked":["champ:PerfectedStrike","champ:CrownThrow"],"picked":"champ:DefensiveShout","floor":11},{"not_picked":["champ:BerserkersShout","champ:Haymaker"],"picked":"champ:GutPunch","floor":12},{"not_picked":["champ:EndlessRage","champ:BerserkersShout"],"picked":"champ:Circumvent","floor":14},{"not_picked":["champ:FlashCut","champ:PerfectedStrike","champ:Circumvent"],"picked":"SKIP","floor":15}],"player_experience":1824805,"relics_obtained":[{"floor":7,"key":"Blood Vial"},{"floor":8,"key":"War Paint"},{"floor":12,"key":"Centennial Puzzle"},{"floor":14,"key":"Pen Nib"}],"event_choices":[{"damage_healed":0,"gold_gain":0,"player_choice":"Relic ","damage_taken":7,"max_hp_gain":0,"max_hp_loss":0,"event_name":"betterThird:BetterScrap","floor":2,"gold_loss":0,"cards_obtained":["Bouncing Flask"]}],"is_beta":false,"boss_relics":[],"items_purged_floors":[],"is_endless":false,"potions_floor_spawned":[5,9,10,12],"killed_by":"IC_STATUS_ARCHETYPE","ascension_level":12}}