{"host":"17xjy7b7ubl548g2","time":1611977929,"event":{"mods":["2.2 Compatiblity","Act Like it!","Ascension Reborn","Aspiration","Astrologer","Bard","BaseMod","Challenge The Spire","ChefMod","Colored Map","Colored Powertips","Conspire","Elementarium","Energized Spire","Gensokyo","GifTheSpireLib","Halation","Hallownest","Hermit","Hubris","Infinite Spire","Jedi Mod","Jorbs\u0027s Wanderer Trilogy","Marisa（霧雨　魔理沙）","Marked Mod","Menagerie","Minty Spire (QoL Compilation)","Permanent Neow","Reliquary","Replay The Spire","Robot Space Explorer","Spicy Shops","Spire Arcade","StSLib","Stuff the Spire","The Blue Laboratory","The Bug Knight","The Construct","The Disciple","The Hayseed","The Hierophant","The Marked","The Runesmith","The Sage","TheFirefly"],"gold_per_floor":[113,113,113,128,138,138,159,159,159,159,215,215,22,22,22,37,37,99,99,115,115,125,137,149,149,160,186,205,205,227,241,241,241,241,302,302,314,314,330,340,352,352,41,62,81,81,81,120,146,155,155,155,155],"floor_reached":54,"language":"ENG","playtime":4785,"items_purged":["Strike_G","Strike_G","Strike_G"],"score":1060,"play_id":"1a4eabd8-3512-416b-abd2-0d2e3f20a3c3","local_time":"20210129223849","is_ascension_mode":false,"campfire_choices":[{"floor":6.0,"key":"REST"},{"data":"Sucker Punch","floor":8.0,"key":"SMITH"},{"data":"Dagger Spray","floor":12.0,"key":"SMITH"},{"data":"Backflip","floor":15.0,"key":"SMITH"},{"data":"Fluid Movement","floor":17.0,"key":"SMITH"},{"data":"Replay:Poison Smokescreen","floor":25.0,"key":"SMITH"},{"data":"Deadly Poison","floor":29.0,"key":"SMITH"},{"data":"StuffTheSpire:Innocence","floor":34.0,"key":"SMITH"},{"floor":42.0,"key":"REST"},{"data":"conspire:PoisonWeapons","floor":47.0,"key":"SMITH"},{"floor":51,"key":"REST"}],"circlet_count":0,"master_deck":["Strike_G","Defend_G","Defend_G","Defend_G","Defend_G","Defend_G","Survivor+1","Neutralize+1","Sucker Punch+1","Endless Agony","Dagger Spray+1","StuffTheSpire:Sprint","Backflip+1","Fluid Movement+1","Bullet Time","Replay:Poison Smokescreen+1","infinitespire:Fortify","Acrobatics","Deadly Poison+1","Bane","Predator","Dodge and Roll","StuffTheSpire:Shiver","StuffTheSpire:Innocence+1","ReplayTheSpireMod:From All Sides","Bane+1","Deadly Poison","Deflect","ReplayTheSpireMod:Speed Training","conspire:PoisonWeapons+1","ReplayTheSpireMod:Exploit Weakness+1","Dodge and Roll","Cloak And Dagger","Acrobatics","jedi:pocketpoison+1"],"relics":["Ring of the Snake","conspire:TopHat","hubris:Spice","hubris:Icosahedron","reliquary:RedPaperclip","hubris:TerracottaHorce","Prayer Wheel","Ring of Chaos","reliquary:RadioactivePellet","reliquary:HotPoker","MealTicket","jedi:purplefairy"],"acts_visited":["Exordium","TheCity","TheBeyond"],"potions_floor_usage":[],"damage_taken":[{"damage":7.0,"enemies":"Cultist","floor":1.0,"turns":5.0},{"damage":0.0,"enemies":"2 Louse","floor":4.0,"turns":3.0},{"damage":0.0,"enemies":"conspire:RoseBush","floor":5.0,"turns":3.0},{"damage":24.0,"enemies":"Gremlin Nob","floor":7.0,"turns":5.0},{"damage":1.0,"enemies":"3 Louse","floor":16.0,"turns":2.0},{"damage":4.0,"enemies":"The Guardian","floor":18.0,"turns":17.0},{"damage":3.0,"enemies":"2 Thieves","floor":20.0,"turns":3.0},{"damage":0.0,"enemies":"3 Byrds","floor":22.0,"turns":5.0},{"damage":4.0,"enemies":"Shelled Parasite and Fungi","floor":23.0,"turns":7.0},{"damage":0.0,"enemies":"Snake Plant","floor":24.0,"turns":5.0},{"damage":9.0,"enemies":"Centurion and Healer","floor":26.0,"turns":6.0},{"damage":0.0,"enemies":"Slavers","floor":27.0,"turns":6.0},{"damage":2.0,"enemies":"HollowMod:Nosk","floor":30.0,"turns":5.0},{"damage":0.0,"enemies":"Cultist and Chosen","floor":31.0,"turns":5.0},{"damage":0.0,"enemies":"conspire:MysteriousRune","floor":35.0,"turns":10.0},{"damage":23.0,"enemies":"3 Shapes","floor":37.0,"turns":4.0},{"damage":11.0,"enemies":"3 Darklings","floor":39.0,"turns":3.0},{"damage":0.0,"enemies":"Transient","floor":40.0,"turns":6.0},{"damage":6.0,"enemies":"Writhing Mass","floor":41.0,"turns":6.0},{"damage":0.0,"enemies":"Giant Head","floor":44.0,"turns":7.0},{"damage":3.0,"enemies":"2 Orb Walkers","floor":48.0,"turns":6.0},{"damage":0.0,"enemies":"Reptomancer","floor":49.0,"turns":5.0},{"damage":4,"enemies":"Jaw Worm Horde","floor":50,"turns":5},{"damage":2,"enemies":"Donu and Deca","floor":52,"turns":6},{"damage":6,"enemies":"hubris:GrandSnecko","floor":53,"turns":8}],"seed_played":"5444292870411638195","potions_obtained":[{"floor":5.0,"key":"Flashbang"},{"floor":7.0,"key":"Cursed Concoction"},{"floor":23.0,"key":"blueLaboratory:BottledHope"},{"floor":26.0,"key":"Dexterity Potion"},{"floor":27.0,"key":"blueLaboratory:RecallPotion"},{"floor":31.0,"key":"jedi:mysterypotion"},{"floor":35.0,"key":"FearPotion"},{"floor":37.0,"key":"LiquidBronze"},{"floor":39.0,"key":"CultistPotion"},{"floor":50,"key":"blueLaboratory:BottleOfVodka"}],"is_trial":false,"path_per_floor":["M","?","?","M","M","R","E","R","PTL","PTL","T","R","$","?","R","M","R","B",null,"M","AVR","M","M","M","R","M","E","T","R","E","M","?","?","R","B",null,"M","?","M","M","M","R","$","E","T","AVR","R","?","E","M","R","B","B",null],"character_chosen":"THE_SILENT","items_purchased":["hubris:Spice","Backflip","reliquary:HotPoker","Cloak And Dagger"],"campfire_rested":3,"item_purchase_floors":[13,13,43,43],"current_hp_per_floor":[56,49,28,28,28,49,25,25,25,25,25,25,33,33,33,32,32,28,66,63,63,63,59,59,59,50,50,58,58,56,56,56,56,56,56,73,50,35,24,24,18,41,41,41,41,41,41,38,38,34,50,48,42],"gold":155,"neow_bonus":"RANDOM_COMMON_RELIC","is_daily":false,"chose_seed":false,"campfire_upgraded":8,"win_rate":0.0,"timestamp":1611977929,"path_taken":["M","?","?","M","M","R","E","R","PTL","PTL","T","R","$","?","R","M","R","BOSS","M","AVR","M","M","M","R","M","E","T","R","E","M","?","?","R","BOSS","M","?","?","?","M","R","$","E","T","AVR","R","?","E","M","R","BOSS","BOSS"],"items_purchased_type":["Relic","Card","Relic","Card"],"build_version":"2020-12-22","purchased_purges":3,"victory":true,"max_hp_per_floor":[70,70,70,70,70,70,70,70,70,70,70,70,78,78,78,78,78,78,78,78,78,78,78,78,78,78,78,86,86,78,78,78,78,78,78,78,78,78,78,78,78,78,78,70,70,70,70,62,54,54,54,54,54],"card_choices":[{"not_picked":["Dagger Throw","Flying Knee"],"picked":"Sucker Punch","floor":1.0},{"not_picked":["hubris:SlightOfHand","Acrobatics"],"picked":"Endless Agony","floor":4.0},{"not_picked":["Acrobatics","Poisoned Stab"],"picked":"Dagger Spray","floor":5.0},{"not_picked":["Flying Knee","StuffTheSpire:Incursion"],"picked":"StuffTheSpire:Sprint","floor":7.0},{"not_picked":["Draining Mist","Deadly Poison"],"picked":"Fluid Movement","floor":16.0},{"not_picked":["ReplayTheSpireMod:From All Sides","jedi:studyshivs"],"picked":"Bullet Time","floor":18.0},{"not_picked":["Dodge and Roll","Cloak And Dagger"],"picked":"Replay:Poison Smokescreen","floor":20.0},{"not_picked":["Flying Knee","Sucker Punch"],"picked":"Acrobatics","floor":22.0},{"not_picked":["Underhanded Strike","aspiration:Lunge"],"picked":"Deadly Poison","floor":23.0},{"not_picked":["Slice","Finisher+1"],"picked":"Bane","floor":24.0},{"not_picked":["Dagger Spray","Dagger Throw"],"picked":"Predator","floor":26.0},{"not_picked":["Quick Slash","Prepared","Acrobatics"],"picked":"SKIP","floor":27.0},{"not_picked":["ReplayTheSpireMod:Exploit Weakness","StuffTheSpire:BumpUp"],"picked":"hubris:SpiceAddiction","floor":30.0},{"not_picked":["Dagger Spray","Quick Slash"],"picked":"Dodge and Roll","floor":31.0},{"not_picked":["hubris:Sniper","ReplayTheSpireMod:Exploit Weakness"],"picked":"StuffTheSpire:Shiver","floor":31.0},{"not_picked":["StuffTheSpire:Brawn","StuffTheSpire:Ambrosia"],"picked":"StuffTheSpire:Innocence","floor":33.0},{"not_picked":["Grand Finale","ReplayTheSpireMod:Necrosis"],"picked":"ReplayTheSpireMod:From All Sides","floor":35.0},{"not_picked":["Flying Knee","hubris:SpiceAddiction"],"picked":"Bane+1","floor":37.0},{"not_picked":["ReplayTheSpireMod:Shiv Toss","Flying Knee"],"picked":"Deadly Poison","floor":37.0},{"not_picked":["Dagger Spray","ReplayTheSpireMod:Shiv Toss"],"picked":"Deflect","floor":39.0},{"not_picked":["Outmaneuver+1","hubris:SpiceAddiction","StuffTheSpire:Fury"],"picked":"SKIP","floor":39.0},{"not_picked":["hubris:SlightOfHand","hubris:SpiceAddiction"],"picked":"ReplayTheSpireMod:Speed Training","floor":40.0},{"not_picked":["Underhanded Strike","ReplayTheSpireMod:From All Sides"],"picked":"conspire:PoisonWeapons","floor":40.0},{"not_picked":["StuffTheSpire:Fury","Deflect"],"picked":"ReplayTheSpireMod:Exploit Weakness+1","floor":41.0},{"not_picked":["Slice","ReplayTheSpireMod:Speed Training"],"picked":"Dodge and Roll","floor":41.0},{"not_picked":["Slice","Underhanded Strike+1"],"picked":"Acrobatics","floor":44.0},{"not_picked":["hubris:SpiceAddiction","Poisoned Stab"],"picked":"hubris:SpiceAddiction","floor":48.0},{"not_picked":["Prepared","hubris:SpiceAddiction","StuffTheSpire:Python"],"picked":"SKIP","floor":49.0},{"not_picked":["StuffTheSpire:Repulse","Escape Plan"],"picked":"jedi:pocketpoison+1","floor":50},{"not_picked":["StuffTheSpire:Shiver","StuffTheSpire:Incursion+1","hubris:SpiceAddiction"],"picked":"SKIP","floor":50}],"player_experience":2009614,"relics_obtained":[{"floor":7.0,"key":"ReplayTheSpireMod:Lightbulb"},{"floor":11.0,"key":"jedi:catwich"},{"floor":27.0,"key":"infinitespire:Lucky Rock"},{"floor":28.0,"key":"hubris:Spice"},{"floor":30.0,"key":"Prayer Wheel"},{"floor":44.0,"key":"hubris:Spice"},{"floor":45.0,"key":"MealTicket"},{"floor":48.0,"key":"jedi:purplefairy"},{"floor":49.0,"key":"hubris:Spice"}],"event_choices":[{"cards_removed":["Strike_G"],"damage_healed":0.0,"max_hp_gain":0.0,"max_hp_loss":0.0,"gold_gain":0.0,"event_name":"Golden Wing","player_choice":"Card Removal","floor":2.0,"gold_loss":0.0,"damage_taken":7.0},{"damage_healed":0.0,"max_hp_gain":0.0,"max_hp_loss":0.0,"gold_gain":0.0,"event_name":"Shining Light","player_choice":"Entered Light","floor":3.0,"gold_loss":0.0,"damage_taken":21.0,"cards_upgraded":["Neutralize","Survivor"]},{"damage_healed":0.0,"max_hp_gain":0.0,"max_hp_loss":0.0,"gold_gain":0.0,"event_name":"conspire:Investor","player_choice":"Leave","floor":32.0,"gold_loss":0.0,"damage_taken":0.0},{"damage_healed":0.0,"max_hp_gain":0.0,"max_hp_loss":0.0,"gold_gain":0.0,"event_name":"Mysterious Sphere","player_choice":"Fight","floor":48.0,"gold_loss":0.0,"damage_taken":0.0}],"is_beta":false,"boss_relics":[{"not_picked":["hubris:Spice","hubris:Spice"],"picked":"reliquary:RedPaperclip"},{"not_picked":["energizedSpire:PogoStick","hubris:Spice"],"picked":"Ring of Chaos"}],"items_purged_floors":[21,43,46],"is_endless":false,"potions_floor_spawned":[5,7,18,23,26,27,31,35,37,39,41,50],"ascension_level":0}}