{"host":"9j472d1lqxyi8fmj","time":1611976603,"event":{"mods":["AchievementEnabler","Aspiration","BaseMod","Better Note","BetterRewards","Block Reminder","Colored Powertips","Downfall","Hermit","Hubris","Infinite Spire","Minty Spire (QoL Compilation)","Potion Indicator Mod","Rare Cards Sparkle","Relic Filter","Reliquary","Spicy Shops","StSLib","The Runesmith","Virulent Crown"],"gold_per_floor":[115,134,309,324,324,324,357,357,357,368,381,4,30,44,44,144,144,127,23,37,53,66,84,84,107,126,126,11,29,29,29,29,29],"floor_reached":33,"language":"ENG","playtime":1293,"items_purged":["Doubt"],"score":386,"play_id":"48d15b9d-4cbe-4d50-8829-b32f3f52058d","local_time":"20210129221643","is_ascension_mode":false,"campfire_choices":[{"data":"hermit:Manifest","floor":6,"key":"SMITH"},{"data":"hermit:CalledShot","floor":15,"key":"SMITH"},{"data":"hermit:TakeAim","floor":24,"key":"SMITH"},{"data":"hermit:Roughhouse","floor":28,"key":"SMITH"},{"data":"hermit:EyeOfTheStorm","floor":32,"key":"SMITH"}],"circlet_count":0,"master_deck":["hermit:Strike_Hermit","hermit:Strike_Hermit","hermit:Strike_Hermit","hermit:Strike_Hermit","hermit:Defend_Hermit","hermit:Defend_Hermit","hermit:Defend_Hermit","hermit:Defend_Hermit","hermit:Snapshot","hermit:Covet","hermit:Desperado","hermit:Deadeye+1","hermit:Manifest+1","hermit:ItchyTrigger","hermit:Dive","hermit:Roughhouse+1","hermit:CalledShot+1","hermit:Dissolve","CurseOfTheBell","hermit:Quickdraw","hermit:Enervate","hermit:ItchyTrigger","hermit:Ricochet","hermit:Dive","hermit:Enervate","hermit:TakeAim+1","hermit:Midnight+1","hermit:TakeAim","hermit:Deadeye","hermit:EyeOfTheStorm+1"],"relics":["hermit:Momento","bronze:BronzeIdol","Bronze Scales","Pen Nib","reliquary:Knoch","Oddly Smooth Stone","Boot","reliquary:OuijaBoard","Calling Bell","reliquary:Stiletto","infinitespire:WardingShard","hubris:Teleporter","Smiling Mask"],"acts_visited":["Exordium","TheCity"],"potions_floor_usage":[13,16,33,33],"damage_taken":[{"damage":0,"enemies":"Cultist","floor":1,"turns":3},{"damage":1,"enemies":"2 Louse","floor":2,"turns":2},{"damage":6,"enemies":"Small Slimes","floor":4,"turns":3},{"damage":11,"enemies":"3 Sentries","floor":7,"turns":9},{"damage":3,"enemies":"Red Slaver","floor":10,"turns":3},{"damage":11,"enemies":"Large Slime","floor":11,"turns":2},{"damage":0,"enemies":"Gremlin Nob","floor":13,"turns":3},{"damage":0,"enemies":"3 Louse","floor":14,"turns":3},{"damage":39,"enemies":"Slime Boss","floor":16,"turns":11},{"damage":7,"enemies":"2 Thieves","floor":18,"turns":4},{"damage":0,"enemies":"Shell Parasite","floor":20,"turns":4},{"damage":0,"enemies":"Chosen and Byrds","floor":21,"turns":3},{"damage":4,"enemies":"Sentry and Sphere","floor":22,"turns":4},{"damage":0,"enemies":"Centurion and Healer","floor":23,"turns":7},{"damage":22,"enemies":"Shelled Parasite and Fungi","floor":27,"turns":4},{"damage":0,"enemies":"Snake Plant","floor":30,"turns":2},{"damage":68,"enemies":"Automaton","floor":33,"turns":6}],"seed_played":"6082576612119611663","potions_obtained":[{"floor":4,"key":"DuplicationPotion"},{"floor":7,"key":"FearPotion"},{"floor":10,"key":"ColorlessPotion"},{"floor":14,"key":"sneckomod:MuddlingPotion"},{"floor":16,"key":"Weak Potion"},{"floor":21,"key":"Regen Potion"}],"is_trial":false,"path_per_floor":["M","M","?","M","?","R","E","?","T","M","M","$","E","M","R","B",null,"M","$","M","M","M","M","R","T","M","R","$","M","?","R","B"],"character_chosen":"HERMIT","items_purchased":["bronze:BronzeIdol","Oddly Smooth Stone","Boot","hermit:Enervate","hermit:ItchyTrigger","hermit:TakeAim","hermit:Deadeye"],"campfire_rested":0,"item_purchase_floors":[0,12,12,19,19,29,29],"current_hp_per_floor":[75,74,74,68,68,68,57,57,57,54,43,43,43,43,43,4,75,68,68,68,68,64,64,64,64,42,42,42,42,42,42,0,0],"gold":29,"neow_bonus":"","is_daily":false,"chose_seed":false,"campfire_upgraded":5,"win_rate":0.0,"timestamp":1611976603,"path_taken":["M","?","?","M","?","R","E","?","T","M","?","?","E","M","R","BOSS","M","$","M","?","M","?","R","T","?","R","?","?","?","R","BOSS"],"items_purchased_type":["Relic","Relic","Relic","Card","Card","Card","Card"],"build_version":"2020-12-22","purchased_purges":1,"victory":false,"max_hp_per_floor":[75,75,75,75,75,75,75,75,75,75,75,75,75,75,75,75,75,75,75,75,75,75,75,75,75,75,75,75,75,75,75,75,75],"card_choices":[{"not_picked":["hermit:Glare","hermit:Snipe"],"picked":"hermit:Desperado","floor":1},{"not_picked":["hermit:ItchyTrigger","hermit:Cheat"],"picked":"hermit:Deadeye","floor":2},{"not_picked":["hermit:BodyArmor","hermit:Glare"],"picked":"hermit:Manifest","floor":4},{"not_picked":["hermit:Misfire","hermit:Glare"],"picked":"hermit:ItchyTrigger","floor":7},{"not_picked":["hermit:BodyArmor","hermit:Manifest"],"picked":"hermit:Dive","floor":10},{"not_picked":["hermit:Virtue","hermit:Scavenge"],"picked":"hermit:Roughhouse","floor":11},{"not_picked":["hermit:Manifest","hermit:Roughhouse"],"picked":"hermit:CalledShot","floor":13},{"not_picked":["hermit:DeadMansHand","hermit:Manifest","hermit:Misfire"],"picked":"SKIP","floor":14},{"not_picked":["hermit:Magnum","hermit:Roughhouse"],"picked":"hermit:Dissolve","floor":16},{"not_picked":["hermit:Dive+1","hermit:Misfire"],"picked":"hermit:Quickdraw","floor":18},{"not_picked":["hermit:Coalescence","hermit:HighCaliber+1"],"picked":"hermit:Ricochet","floor":20},{"not_picked":["hermit:Manifest","hermit:WideOpen+1"],"picked":"hermit:Dive","floor":21},{"not_picked":["hermit:SprayPray","hermit:Roulette"],"picked":"hermit:Enervate","floor":22},{"not_picked":["hermit:Feint","hermit:Vantage"],"picked":"hermit:TakeAim","floor":23},{"not_picked":["hermit:Misfire+1","hermit:Quickdraw"],"picked":"hermit:Midnight+1","floor":27},{"not_picked":["hermit:Vantage","hermit:Spite"],"picked":"hermit:EyeOfTheStorm","floor":30}],"player_experience":371924,"relics_obtained":[{"floor":7,"key":"Bronze Scales"},{"floor":9,"key":"reliquary:Knoch"},{"floor":13,"key":"reliquary:OuijaBoard"},{"floor":17,"key":"reliquary:Stiletto"},{"floor":17,"key":"infinitespire:WardingShard"},{"floor":17,"key":"hubris:Teleporter"},{"floor":26,"key":"Smiling Mask"}],"event_choices":[{"damage_healed":0,"gold_gain":175,"player_choice":"AGREE","damage_taken":0,"max_hp_gain":0,"max_hp_loss":0,"event_name":"Liars Game","floor":3,"gold_loss":0,"cards_obtained":["Doubt"]},{"damage_healed":0,"gold_gain":0,"player_choice":"Gave Potion","damage_taken":0,"relics_obtained":["Pen Nib"],"max_hp_gain":0,"max_hp_loss":0,"event_name":"WeMeetAgain","floor":8,"gold_loss":0},{"cards_removed":["hermit:Strike_Hermit"],"damage_healed":0,"gold_gain":0,"player_choice":"Give","damage_taken":0,"max_hp_gain":0,"max_hp_loss":0,"event_name":"betterNote:BetterNote","floor":31,"gold_loss":0,"cards_obtained":["champ:Defend"]}],"is_beta":false,"boss_relics":[{"not_picked":["hermit:BartenderGlass","reliquary:WritOfMandamus"],"picked":"Calling Bell"}],"items_purged_floors":[12],"is_endless":false,"potions_floor_spawned":[4,7,10,14,16,21,23,30],"killed_by":"Automaton","ascension_level":0}}