{"host":"6imq2rpndqdiuake","time":1611976469,"event":{"mods":["BaseMod","Minty Spire (QoL Compilation)","Permanent Neow","Relic Stats","StSLib"],"gold_per_floor":[17,28,28,28,51,95,95,120,120,140,154,154,190,205,205,336,336,336],"floor_reached":17,"language":"ENG","playtime":590,"items_purged":[],"score":242,"play_id":"f55173bf-0da0-403e-9154-d78f79cdda6f","local_time":"20210129191429","is_ascension_mode":true,"campfire_choices":[{"data":"Backstab","floor":7,"key":"SMITH"},{"data":"Backstab","floor":12,"key":"SMITH"},{"floor":15,"key":"REST"}],"circlet_count":0,"master_deck":["Strike_G","Strike_G","Strike_G","Strike_G","Strike_G","Defend_G","Defend_G","Defend_G","Defend_G","Defend_G","Survivor","Neutralize","Backstab+1","Backstab+1","Noxious Fumes","All Out Attack","Storm of Steel","Endless Agony","All Out Attack","Corpse Explosion","CurseOfTheBell"],"relics":["Ring of the Snake","Mango","Golden Idol","Smiling Mask","MealTicket","Dream Catcher","Calling Bell","Centennial Puzzle","Meat on the Bone","Shovel"],"acts_visited":["Exordium","TheCity"],"potions_floor_usage":[6,13,16],"damage_taken":[{"damage":7,"enemies":"Jaw Worm","floor":1,"turns":7},{"damage":1,"enemies":"Small Slimes","floor":2,"turns":3},{"damage":0,"enemies":"2 Louse","floor":5,"turns":1},{"damage":5,"enemies":"Gremlin Nob","floor":6,"turns":3},{"damage":1,"enemies":"Looter","floor":10,"turns":3},{"damage":0,"enemies":"2 Fungi Beasts","floor":11,"turns":2},{"damage":10,"enemies":"3 Sentries","floor":13,"turns":6},{"damage":8,"enemies":"Blue Slaver","floor":14,"turns":2},{"damage":29,"enemies":"Slime Boss","floor":16,"turns":9}],"seed_played":"9175731655595427400","potions_obtained":[{"floor":1,"key":"Weak Potion"},{"floor":5,"key":"PowerPotion"},{"floor":6,"key":"SkillPotion"},{"floor":13,"key":"GamblersBrew"},{"floor":14,"key":"Swift Potion"}],"is_trial":false,"path_per_floor":["M","M","?","?","M","E","R","T","T","M","M","R","E","M","R","B",null],"character_chosen":"THE_SILENT","items_purchased":[],"campfire_rested":1,"item_purchase_floors":[],"current_hp_per_floor":[70,69,48,48,48,43,43,43,43,42,42,42,32,24,49,20,68,68],"gold":336,"neow_bonus":"ONE_RARE_RELIC","is_daily":false,"chose_seed":false,"campfire_upgraded":2,"win_rate":0.0,"timestamp":1611976469,"path_taken":["M","M","?","?","M","E","R","?","T","M","M","R","E","M","R","BOSS"],"items_purchased_type":[],"build_version":"2020-12-22","purchased_purges":0,"victory":false,"max_hp_per_floor":[84,84,84,84,84,84,84,84,84,84,84,84,84,84,84,84,84,84],"relic_stats":{"Dream Catcher":1,"Centennial Puzzle":[0],"Shovel":0,"counters":[9,36],"Golden Idol":57,"MealTicket":0,"Smiling Mask":0,"obtain_stats":[{"Calling Bell":17,"Dream Catcher":13,"Centennial Puzzle":17,"Shovel":17,"Golden Idol":3,"Mango":0,"MealTicket":8,"Smiling Mask":6,"Ring of the Snake":0,"Meat on the Bone":17},{"Calling Bell":9,"Dream Catcher":7,"Centennial Puzzle":9,"Shovel":9,"Golden Idol":2,"Mango":0,"MealTicket":4,"Smiling Mask":4,"Ring of the Snake":0,"Meat on the Bone":9},{"Calling Bell":36,"Dream Catcher":25,"Centennial Puzzle":36,"Shovel":36,"Golden Idol":10,"Mango":0,"MealTicket":14,"Smiling Mask":14,"Ring of the Snake":0,"Meat on the Bone":36}],"Ring of the Snake":[18],"Meat on the Bone":0},"card_choices":[{"not_picked":["Predator","Caltrops"],"picked":"Backstab","floor":1},{"not_picked":["Quick Slash","Deflect"],"picked":"Backstab","floor":2},{"not_picked":["Deflect","Bane","Deadly Poison"],"picked":"SKIP","floor":5},{"not_picked":["Acrobatics","Concentrate"],"picked":"Noxious Fumes","floor":6},{"not_picked":["Poisoned Stab","Prepared"],"picked":"All Out Attack","floor":10},{"not_picked":["Catalyst","Calculated Gamble","Caltrops"],"picked":"SKIP","floor":11},{"not_picked":["Slice","Underhanded Strike"],"picked":"Storm of Steel","floor":13},{"not_picked":["Escape Plan","Deflect"],"picked":"Endless Agony","floor":14},{"not_picked":["Slice","PiercingWail"],"picked":"All Out Attack","floor":15},{"not_picked":["Glass Knife","Venomology"],"picked":"Corpse Explosion","floor":16}],"player_experience":1077334,"relics_obtained":[{"floor":6,"key":"Smiling Mask"},{"floor":8,"key":"MealTicket"},{"floor":13,"key":"Dream Catcher"},{"floor":17,"key":"Centennial Puzzle"},{"floor":17,"key":"Meat on the Bone"},{"floor":17,"key":"Shovel"}],"event_choices":[{"damage_healed":0,"gold_gain":0,"player_choice":"Take Damage","damage_taken":21,"relics_obtained":["Golden Idol"],"max_hp_gain":0,"max_hp_loss":0,"event_name":"Golden Idol","floor":3,"gold_loss":0},{"damage_healed":0,"gold_gain":0,"player_choice":"Ignored","damage_taken":0,"max_hp_gain":0,"max_hp_loss":0,"event_name":"Liars Game","floor":4,"gold_loss":0}],"is_beta":false,"boss_relics":[{"not_picked":["SacredBark","Busted Crown"],"picked":"Calling Bell"}],"items_purged_floors":[],"is_endless":false,"potions_floor_spawned":[1,5,6,13,14],"ascension_level":9}}