{"host":"08t08ld674si40tv","time":1611981408,"event":{"mods":["AchievementEnabler","BaseMod","Colored Map","Minty Spire (QoL Compilation)","StSLib","SuperFastMode"],"gold_per_floor":[112,112,125,125,136,170,184,184,184,196,231,231,231,249,249,249,249],"floor_reached":16,"language":"KOR","playtime":224,"items_purged":[],"score":224,"play_id":"ebbd28c6-3c85-407f-8611-0f19b10144c7","local_time":"20210130133648","is_ascension_mode":true,"campfire_choices":[{"data":"Bash","floor":8,"key":"SMITH"},{"data":"Twin Strike","floor":13,"key":"SMITH"},{"data":"Perfected Strike","floor":15,"key":"SMITH"}],"circlet_count":0,"master_deck":["AscendersBane","Strike_R+1","Strike_R+1","Strike_R","Strike_R","Strike_R","Defend_R","Defend_R","Defend_R","Defend_R","Bash+1","Perfected Strike+1","Power Through","Twin Strike+1","Perfected Strike+1"],"relics":["Burning Blood","Dead Branch","NeowsBlessing","Omamori","Paper Frog","Ginger"],"acts_visited":["Exordium"],"potions_floor_usage":[11],"damage_taken":[{"damage":0,"enemies":"2 Louse","floor":1,"turns":1},{"damage":0,"enemies":"Small Slimes","floor":3,"turns":1},{"damage":0,"enemies":"Cultist","floor":5,"turns":1},{"damage":8,"enemies":"Gremlin Nob","floor":6,"turns":3},{"damage":1,"enemies":"Looter","floor":7,"turns":3},{"damage":14,"enemies":"Large Slime","floor":10,"turns":5},{"damage":15,"enemies":"3 Sentries","floor":11,"turns":6},{"damage":14,"enemies":"Red Slaver","floor":14,"turns":2},{"damage":75,"enemies":"The Guardian","floor":16,"turns":11}],"seed_played":"5476100260443033421","potions_obtained":[{"floor":7,"key":"PowerPotion"},{"floor":10,"key":"SpeedPotion"}],"is_trial":false,"path_per_floor":["M","?","M","?","M","E","M","R","T","M","E","?","R","M","R","B"],"character_chosen":"IRONCLAD","items_purchased":[],"campfire_rested":0,"item_purchase_floors":[],"current_hp_per_floor":[74,51,57,57,63,61,66,66,66,58,49,54,54,46,46,0,0],"gold":249,"neow_bonus":"THREE_ENEMY_KILL","is_daily":false,"chose_seed":false,"campfire_upgraded":3,"win_rate":0.0,"timestamp":1611981408,"path_taken":["M","?","M","?","M","E","M","R","T","?","E","?","R","M","R","BOSS"],"items_purchased_type":[],"build_version":"2020-12-22","purchased_purges":0,"victory":false,"max_hp_per_floor":[75,75,75,75,75,75,75,75,75,75,75,80,80,80,80,80,80],"card_choices":[{"not_picked":["Clash","Spot Weakness"],"picked":"Perfected Strike","floor":1},{"not_picked":["Intimidate","Warcry"],"picked":"Power Through","floor":3},{"not_picked":["Shrug It Off","Reckless Charge"],"picked":"Twin Strike","floor":5},{"not_picked":["Anger","Sentinel","Searing Blow"],"picked":"SKIP","floor":6},{"not_picked":["Clash","Flex","Sword Boomerang"],"picked":"SKIP","floor":7},{"not_picked":["Metallicize","Pummel","Clothesline"],"picked":"SKIP","floor":10},{"not_picked":["Twin Strike","Havoc","Demon Form"],"picked":"SKIP","floor":11},{"not_picked":["Wild Strike","Warcry"],"picked":"Perfected Strike","floor":14}],"player_experience":270326,"relics_obtained":[{"floor":6,"key":"Omamori"},{"floor":9,"key":"Paper Frog"},{"floor":11,"key":"Ginger"}],"event_choices":[{"damage_healed":0,"gold_gain":0,"player_choice":"Entered Light","damage_taken":23,"max_hp_gain":0,"max_hp_loss":0,"event_name":"Shining Light","floor":2,"gold_loss":0,"cards_upgraded":["Strike_R","Strike_R"]},{"damage_healed":0,"gold_gain":0,"player_choice":"Upgraded","damage_taken":0,"max_hp_gain":0,"max_hp_loss":0,"event_name":"Upgrade Shrine","floor":4,"gold_loss":0,"cards_upgraded":["Perfected Strike"]},{"damage_healed":0,"gold_gain":0,"player_choice":"Donut","damage_taken":0,"max_hp_gain":5,"max_hp_loss":0,"event_name":"Big Fish","floor":12,"gold_loss":0}],"is_beta":false,"boss_relics":[],"items_purged_floors":[],"is_endless":false,"potions_floor_spawned":[7,10],"killed_by":"The Guardian","ascension_level":20}}