{"host":"2se5dq1do2gp0x9k","time":1611978998,"event":{"mods":["AchievementEnabler","BaseMod","Block Reminder","Colored Map","Colored Powertips","Minty Spire (QoL Compilation)","Relic Stats","StSLib","SuperFastMode"],"gold_per_floor":[111,125,142,142,160,160,160,160],"floor_reached":7,"language":"ENG","playtime":217,"items_purged":[],"score":86,"play_id":"c08cc314-9d76-46e4-9183-9c13e687bc9e","local_time":"20210129195638","is_ascension_mode":true,"campfire_choices":[{"floor":6,"key":"REST"}],"circlet_count":0,"master_deck":["AscendersBane","Strike_B","Strike_B","Strike_B","Strike_B","Defend_B","Defend_B","Defend_B","Defend_B","Zap","Dualcast","Streamline","Cold Snap","Gash","Barrage"],"relics":["Inserter","Gambling Chip"],"acts_visited":["Exordium"],"potions_floor_usage":[5],"damage_taken":[{"damage":8,"enemies":"Small Slimes","floor":1,"turns":5},{"damage":0,"enemies":"2 Louse","floor":2,"turns":3},{"damage":2,"enemies":"Jaw Worm","floor":3,"turns":5},{"damage":0,"enemies":"2 Fungi Beasts","floor":5,"turns":2},{"damage":30,"enemies":"3 Sentries","floor":7,"turns":8}],"seed_played":"-2114759959448868181","potions_obtained":[{"floor":1,"key":"Fire Potion"}],"is_trial":false,"path_per_floor":["M","M","M","?","M","R","E"],"character_chosen":"DEFECT","items_purchased":[],"campfire_rested":1,"item_purchase_floors":[],"current_hp_per_floor":[56,56,54,9,9,30,0,0],"gold":160,"neow_bonus":"BOSS_RELIC","is_daily":false,"chose_seed":false,"campfire_upgraded":0,"win_rate":0.0,"timestamp":1611978998,"path_taken":["M","M","M","?","M","R","E"],"items_purchased_type":[],"build_version":"2020-12-22","purchased_purges":0,"victory":false,"max_hp_per_floor":[71,71,71,71,71,71,71,71],"relic_stats":{"Inserter":[11],"counters":[5,23],"Gambling Chip":[2],"obtain_stats":[{"Inserter":0,"Gambling Chip":4,"Cracked Core":0},{"Inserter":0,"Gambling Chip":3,"Cracked Core":0},{"Inserter":0,"Gambling Chip":13,"Cracked Core":0}]},"card_choices":[{"not_picked":["Double Energy","Hologram"],"picked":"Streamline","floor":1},{"not_picked":["Rebound","Defragment"],"picked":"Cold Snap","floor":2},{"not_picked":["Leap","Beam Cell"],"picked":"Gash","floor":3},{"not_picked":["Turbo","Hologram"],"picked":"Barrage","floor":5}],"player_experience":3973978,"relics_obtained":[],"event_choices":[{"damage_healed":0,"gold_gain":0,"player_choice":"Success","damage_taken":45,"relics_obtained":["Gambling Chip"],"max_hp_gain":0,"max_hp_loss":0,"event_name":"Scrap Ooze","floor":4,"gold_loss":0}],"is_beta":false,"boss_relics":[],"items_purged_floors":[],"is_endless":false,"potions_floor_spawned":[1],"killed_by":"3 Sentries","ascension_level":20}}