{"host":"fjyrzoy7zi2e08p3","time":1611989922,"event":{"mods":["Aspiration","BaseMod","BetterRewards","Colored Map","Colored Powertips","Dota2Spire","Downfall","Highlight Path","KinomotoSakuraMod(木之本樱)","Marisa（F雨　魔理沙）","Minty Spire (QoL Compilation)","Quick Restart","Remilia（蕾米莉亚）","Replay The Spire","RumiaBox-露米娅的神秘盒子","Spicy Shops","StSLib","SuperFastMode","Waifu the Spire","WarShipGirlsR/战舰少女R mod"],"gold_per_floor":[119,119,119,99,109,109,141,158,158,174,192,244,259,287,287,387,387,405,415,30,42,61,61,92,92,117,149,165,165,176,208,208,306,306,316,316,334,349,14,14,40,51,75,93,127,177,192,204,204,204,204,204,29,59,59],"floor_reached":56,"language":"ZHS","playtime":2621,"items_purged":["rmod:defend","rmod:strick","Injury","rmod:saltedfish","rmod:highspeedshooting+1"],"score":2754,"play_id":"063c8e94-f249-42db-bc1e-1de2526ced9c","local_time":"20210130145842","is_ascension_mode":true,"campfire_choices":[{"data":"ReplayTheSpireMod:Private Reserves","floor":6.0,"key":"SMITH"},{"data":"rmod:ridicule","floor":15.0,"key":"SMITH"},{"data":"rmod:overbreakdown","floor":23.0,"key":"SMITH"},{"data":"rmod:windflower","floor":25.0,"key":"SMITH"},{"data":"rmod:circuitoustactics","floor":32.0,"key":"SMITH"},{"data":"rmod:secretscript","floor":40,"key":"SMITH"},{"floor":49,"key":"RECALL"},{"data":"rmod:expedition+1","floor":52,"key":"SMITH"}],"circlet_count":0,"master_deck":["AscendersBane","rmod:overbreakdown+1","rmod:firesupport+1","ReplayTheSpireMod:Private Reserves+1","rmod:expedition+2","rmod:openingtorpedo+1","ReplayTheSpireMod:Splinters","rmod:windflower+1","rmod:abidefaith+1","rmod:ridicule+1","rmod:expeditionaryescort+1","rmod:ridicule+1","rmod:highspeedmaneuver+1","rmod:fletcher+1","rmod:acesubmarine+1","rmod:firesupport+1","rmod:timeschanged+1","rmod:generalist+1","rmod:selfconfidence+1","rmod:garrisonisland+1","rmod:circuitoustactics+1","rmod:secretscript+1","Master of Strategy","rmod:fletcherpendant+1","rmod:firesupport+1","rmod:launchingtorpedo+1","rmod:royalracing+1","rmod:rockthrower+1"],"relics":["rmod:firstchargereward","Lee\u0027s Waffle","Happy Flower","Lizard Tail","Molten Egg 2","Simple Rune","Mercury Hourglass","SumBook","Coffee Dripper","Guide Book","HandDrill","Dota2Spire:LotusOrb","Oddly Smooth Stone","Replay:Bottled Flurry","Dota2Spire:BlackKingBar","Dota2Spire:RefresherOrb","BargainBundle","Cauldron","ReplayTheSpireMod:Lightbulb","rmod:extraamm","Strawberry","Prayer Wheel","GodSword1"],"acts_visited":["Exordium","TheCity","TheBeyond","TheEnding"],"potions_floor_usage":[55,55],"damage_taken":[{"damage":5.0,"enemies":"2 Louse","floor":1.0,"turns":3.0},{"damage":0.0,"enemies":"Cultist","floor":5.0,"turns":3.0},{"damage":20.0,"enemies":"3 Sentries","floor":7.0,"turns":6.0},{"damage":0.0,"enemies":"Small Slimes","floor":8.0,"turns":1.0},{"damage":14.0,"enemies":"Exordium Wildlife","floor":10.0,"turns":3.0},{"damage":6.0,"enemies":"Lots of Slimes","floor":11.0,"turns":3.0},{"damage":0.0,"enemies":"Exordium Thugs","floor":13.0,"turns":2.0},{"damage":0.0,"enemies":"Gremlin Nob","floor":14.0,"turns":2.0},{"damage":0.0,"enemies":"Fading Forest","floor":16.0,"turns":12.0},{"damage":0.0,"enemies":"Chosen","floor":18.0,"turns":1.0},{"damage":0.0,"enemies":"Shell Parasite","floor":19.0,"turns":1.0},{"damage":0.0,"enemies":"Snake Plant","floor":21.0,"turns":1.0},{"damage":0.0,"enemies":"Sentry and Sphere","floor":22.0,"turns":1.0},{"damage":0.0,"enemies":"Book of Stabbing","floor":24.0,"turns":1.0},{"damage":0.0,"enemies":"Slavers","floor":27.0,"turns":1.0},{"damage":0.0,"enemies":"Shelled Parasite and Fungi","floor":28.0,"turns":1.0},{"damage":0.0,"enemies":"Centurion and Healer","floor":30.0,"turns":1.0},{"damage":16.0,"enemies":"Book of Stabbing","floor":31.0,"turns":1.0},{"damage":0.0,"enemies":"Pondfish","floor":33.0,"turns":3.0},{"damage":0.0,"enemies":"3 Shapes","floor":35.0,"turns":1.0},{"damage":0.0,"enemies":"Orb Walker","floor":37.0,"turns":1.0},{"damage":11.0,"enemies":"4 Shapes","floor":38.0,"turns":1.0},{"damage":0,"enemies":"Reptomancer","floor":41,"turns":1},{"damage":4,"enemies":"Sphere and 2 Shapes","floor":42,"turns":1},{"damage":0,"enemies":"Jaw Worm Horde","floor":44,"turns":1},{"damage":8,"enemies":"Giant Head","floor":45,"turns":2},{"damage":0,"enemies":"Mind Bloom Boss Battle","floor":46,"turns":1},{"damage":0,"enemies":"Spire Growth","floor":47,"turns":1},{"damage":4,"enemies":"4 Shapes","floor":48,"turns":1},{"damage":0,"enemies":"Time Eater","floor":50,"turns":2},{"damage":0,"enemies":"Shield and Spear","floor":54,"turns":2},{"damage":47,"enemies":"The Heart","floor":55,"turns":3}],"seed_played":"-6635618599132413822","potions_obtained":[{"floor":1.0,"key":"SkillPotion"},{"floor":4.0,"key":"AttackPotion"},{"floor":7.0,"key":"champ:CounterPotion"},{"floor":8.0,"key":"SkillPotion"},{"floor":12.0,"key":"Milkshake"},{"floor":21.0,"key":"Death Potion"},{"floor":29.0,"key":"SkillPotion"},{"floor":31.0,"key":"BlessingOfTheForge"},{"floor":33.0,"key":"Fire Potion"},{"floor":39,"key":"Guardian:BlockOnCardUsePotion"}],"is_trial":false,"path_per_floor":["M","?","?","?","M","R","E","M","T","M","M","?","M","E","R","B",null,"M","M","$","M","M","R","E","R","T","E","M","?","M","E","R","B",null,"M","?","M","M","$","R","E","M","T","M","E","?","M","M","R","B",null,"R","$","E","B",null],"character_chosen":"PRAEFECT","items_purchased":["Lee\u0027s Waffle","Happy Flower","rmod:overbreakdown","rmod:firesupport+1","ReplayTheSpireMod:Private Reserves","Guide Book","HandDrill","rmod:generalist+1","BargainBundle","Cauldron","rmod:launchingtorpedo+1"],"campfire_rested":0,"item_purchase_floors":[0,0,0,0,0,20,20,20,39,39,39],"current_hp_per_floor":[77,77,77,77,77,77,57,57,57,43,37,37,37,37,37,71,79,79,79,79,79,79,79,79,79,79,79,79,79,79,63,63,63,77,77,77,77,66,66,66,66,62,62,62,61,61,61,57,57,57,81,81,81,81,34],"gold":59,"neow_bonus":"","is_daily":false,"chose_seed":false,"campfire_upgraded":7,"win_rate":0.0,"timestamp":1611989922,"path_taken":["M","?","?","?","?","R","E","M","T","M","M","?","M","E","R","BOSS","M","M","$","M","M","R","E","R","T","E","M","?","?","E","R","BOSS","M","?","M","M","$","R","E","M","T","M","E","?","M","M","R","BOSS","R","$","E","BOSS"],"items_purchased_type":["Relic","Relic","Card","Card","Card","Relic","Relic","Card","Relic","Relic","Card"],"build_version":"2020-12-22","purchased_purges":5,"victory":true,"max_hp_per_floor":[82,82,82,82,82,82,82,82,82,82,82,82,82,82,82,82,82,82,82,82,82,82,82,82,82,82,82,82,82,82,82,82,82,82,82,82,82,82,82,82,82,82,82,82,89,89,89,89,89,89,89,89,89,89,89],"card_choices":[{"not_picked":["rmod:generalist","rmod:fletcherpendant"],"picked":"rmod:expedition","floor":1.0},{"not_picked":["rmod:diaomin","rmod:overbreakdown","rmod:expedition"],"picked":"SKIP","floor":5.0},{"not_picked":["rmod:combined+1","rmod:goodsister","rmod:highspeedshooting+1"],"picked":"SKIP","floor":7.0},{"not_picked":["rmod:aluminumsupply","rmod:goodfighter+1"],"picked":"rmod:openingtorpedo+1","floor":8.0},{"not_picked":["rmod:openingtorpedo+1","rmod:chargemoney","rmod:gendarmerie"],"picked":"SKIP","floor":10.0},{"not_picked":["rmod:aviationdawn","rmod:victimresponsibility","rmod:highspeedshooting+1"],"picked":"SKIP","floor":11.0},{"not_picked":["rmod:firesupport+1","rmod:combined+1"],"picked":"rmod:windflower","floor":13.0},{"not_picked":["rmod:fuelsupply","rmod:fletcher+1"],"picked":"rmod:firesupport+1","floor":14.0},{"not_picked":["rmod:acesubmarine+1","rmod:windflower"],"picked":"rmod:timeschanged+1","floor":16.0},{"not_picked":["rmod:punchline","rmod:unsinkable","rmod:gendarmerie+1"],"picked":"SKIP","floor":18.0},{"not_picked":["rmod:spoils","rmod:tearstotiara+1","rmod:victimresponsibility"],"picked":"SKIP","floor":19.0},{"not_picked":["rmod:victimresponsibility","rmod:robin"],"picked":"rmod:selfconfidence+1","floor":21.0},{"not_picked":["rmod:concentratefire+1","rmod:combined+1","rmod:guardianhero"],"picked":"SKIP","floor":22.0},{"not_picked":["rmod:luckystar+1","rmod:robin+1","rmod:diamondstrike+1"],"picked":"SKIP","floor":24.0},{"not_picked":["rmod:expedition","rmod:seals","rmod:highspeedshooting+1"],"picked":"SKIP","floor":27.0},{"not_picked":["rmod:expedition","rmod:seals","rmod:highspeedshooting+1"],"picked":"SKIP","floor":27.0},{"not_picked":["rmod:steelsupply","rmod:supportaircraftcarrier","rmod:aviationdawn"],"picked":"SKIP","floor":28.0},{"not_picked":["rmod:launchingtorpedo+1","rmod:aviationdawn+1"],"picked":"rmod:garrisonisland+1","floor":30.0},{"not_picked":["rmod:luckystar+1","rmod:openingtorpedo+1"],"picked":"rmod:circuitoustactics","floor":31.0},{"not_picked":["rmod:stealaluminum","rmod:highspeedmaneuver"],"picked":"rmod:secretscript","floor":33.0},{"not_picked":["rmod:aluminumsupply","rmod:wasp"],"picked":"rmod:highspeedshooting+1","floor":35.0},{"not_picked":["Violence","Bandage Up"],"picked":"Master of Strategy","floor":36.0},{"not_picked":["rmod:highspeedshooting+1","rmod:generalist+1"],"picked":"rmod:fletcherpendant+1","floor":37.0},{"not_picked":["rmod:supportaircraftcarrier+1","rmod:supportescort+1"],"picked":"rmod:firesupport+1","floor":38.0},{"not_picked":["rmod:ammunitionsupply","rmod:aluminumsupply+1","rmod:highspeedshooting+1"],"picked":"SKIP","floor":41},{"not_picked":["rmod:unsinkable+1","rmod:ammunitionsupply+1","rmod:shuttlebombing"],"picked":"SKIP","floor":42},{"not_picked":["rmod:steelsupply","rmod:tearstotiara+1","rmod:aluminumsupply"],"picked":"SKIP","floor":44},{"not_picked":["rmod:expeditionaryescort","rmod:supportaircraftcarrier+1"],"picked":"rmod:royalracing+1","floor":45},{"not_picked":["rmod:concentratefire+1","rmod:luckystar+1","rmod:heivgo+1"],"picked":"SKIP","floor":47},{"not_picked":["rmod:slowdown","rmod:circuitoustactics","rmod:victimresponsibility+1"],"picked":"SKIP","floor":47},{"not_picked":["rmod:robin","rmod:unsinkable+1","rmod:steelsupply"],"picked":"SKIP","floor":48},{"not_picked":["rmod:aviationdawn","rmod:supportescort","rmod:auspiciousomen"],"picked":"SKIP","floor":48},{"not_picked":["rmod:bulid","rmod:wasp"],"picked":"rmod:rockthrower+1","floor":54}],"player_experience":138826,"relics_obtained":[{"floor":7.0,"key":"Simple Rune"},{"floor":12.0,"key":"Mercury Hourglass"},{"floor":14.0,"key":"SumBook"},{"floor":24.0,"key":"Dota2Spire:LotusOrb"},{"floor":26.0,"key":"Oddly Smooth Stone"},{"floor":27.0,"key":"Replay:Bottled Flurry"},{"floor":31.0,"key":"Dota2Spire:BlackKingBar"},{"floor":41,"key":"ReplayTheSpireMod:Lightbulb"},{"floor":43,"key":"rmod:extraamm"},{"floor":45,"key":"Strawberry"},{"floor":46,"key":"Prayer Wheel"},{"floor":54,"key":"GodSword1"}],"event_choices":[{"damage_healed":0.0,"max_hp_gain":0.0,"max_hp_loss":0.0,"gold_gain":0.0,"event_name":"Living Wall","player_choice":"Grow","floor":3.0,"gold_loss":0.0,"damage_taken":0.0,"cards_upgraded":["rmod:expedition"]},{"damage_healed":0.0,"max_hp_gain":0.0,"max_hp_loss":0.0,"gold_gain":0.0,"event_name":"The Woman in Blue","player_choice":"Bought 1 Potion","floor":4.0,"gold_loss":0.0,"damage_taken":0.0},{"damage_healed":0.0,"max_hp_gain":0.0,"max_hp_loss":0.0,"gold_gain":0.0,"event_name":"Lab","player_choice":"Got Potions","floor":29.0,"gold_loss":0.0,"damage_taken":0.0},{"damage_healed":0.0,"max_hp_gain":0.0,"max_hp_loss":0.0,"gold_gain":0.0,"event_name":"SensoryStone","player_choice":"Memory 1","floor":36.0,"gold_loss":0.0,"damage_taken":0.0},{"damage_healed":0,"gold_gain":0,"player_choice":"Fight","damage_taken":0,"max_hp_gain":0,"max_hp_loss":0,"event_name":"MindBloom","floor":46,"gold_loss":0}],"is_beta":false,"boss_relics":[{"not_picked":["Runic Pyramid","Sozu"],"picked":"Coffee Dripper"},{"not_picked":["Kintsugi","ChewingGum"],"picked":"Dota2Spire:RefresherOrb"}],"items_purged_floors":[0,0,20,39,53],"is_endless":false,"potions_floor_spawned":[1,5,7,8,21,22,30,31,33,38,42,45,47,48],"ascension_level":11}}