{"host":"bbvmu6yleqps41w7","time":1611989832,"event":{"mods":["BaseMod","Colored Map","Colored Powertips","Downfall","Hermit","Marisa????????","Minty Spire (QoL Compilation)","StSLib","The Bug Knight","The Cursed","The Servant 0.9.4"],"gold_per_floor":[99,109,128,144,158,158,182,196,196,227,227,244,260,260,278,380,380,380,393,135,235,510,523,550,580,8,8,24,39,39,35,54,153,153,153,165,185,30,130,150,150,150,258,258,288,188,88,88,105,105],"floor_reached":51,"language":"ENG","playtime":2932,"items_purged":["Regret","hexamod:Strike"],"score":799,"play_id":"df148b1e-4f68-44f3-8512-8b04e708dc53","local_time":"20210129235712","is_ascension_mode":false,"campfire_choices":[{"data":"hexamod:Sear","floor":1,"key":"SMITH"},{"data":"hexamod:Incineration","floor":6,"key":"SMITH"},{"data":"hexamod:SwordOfDarkness","floor":9,"key":"SMITH"},{"data":"Bandage Up","floor":11,"key":"SMITH"},{"data":"hexamod:TimeOfNeed","floor":18,"key":"SMITH"},{"data":"expansioncontent:StudyTheSpire","floor":30,"key":"SMITH"},{"data":"hexamod:RainOfEmbers","floor":35,"key":"SMITH"},{"data":"hexamod:HeatCrush","floor":44,"key":"SMITH"},{"data":"hexamod:EmpoweredFlame","floor":46,"key":"SMITH"}],"circlet_count":0,"master_deck":["hexamod:Strike","hexamod:Strike","hexamod:Defend","hexamod:Defend","hexamod:Defend+1","hexamod:Sear+1","hexamod:Float","Bandage Up+1","hexamod:Incineration+1","hexamod:PhantomCloak+1","hexamod:SwordOfDarkness+1","hexamod:SoulSteal","hexamod:ParanormalForm+1","hexamod:SwordOfDarkness","hexamod:SkipABeat","hexamod:HeatCrush+1","hexamod:TimeOfNeed+1","hexamod:HeatCrush+1","hexamod:ParanormalForm","hexamod:UnleashSpirits","J.A.X.","hexamod:RainOfEmbers+1","hexamod:EmpoweredFlame+1","hexamod:NightmareGuise+1","hexamod:HexaLevel","expansioncontent:StudyTheSpire+1","hexamod:SearingWound","hexamod:Firestarter+1","expansioncontent:StudyTheSpire+1","hexamod:HeatCrush+1","hexamod:ExtraCrispy+1","hexamod:PhantomFireball+1","hexamod:SwordOfDarkness+1","hexamod:TimeWarp+1"],"relics":["hexamod:SpiritBrand","Lantern","Calipers","hexamod:IceCube","Mummified Hand","MutagenicStrength","Juzu Bracelet","Strawberry","Molten Egg 2","Regal Pillow","Nloth\u0027s Gift","Busted Crown","Lee\u0027s Waffle","Bottled Flame","hexamod:TheBrokenSeal","Toy Ornithopter","Singing Bowl","downfall:HeartBlessingGreen"],"acts_visited":["Exordium","TheCity","TheBeyond"],"potions_floor_usage":[16,16,21,26,29,31,33,33,33,40,43,43,45,50,50,50],"damage_taken":[{"damage":1,"enemies":"Cultist","floor":2,"turns":4},{"damage":0,"enemies":"2 Louse","floor":3,"turns":3},{"damage":6,"enemies":"Jaw Worm","floor":4,"turns":3},{"damage":6,"enemies":"3 Louse","floor":5,"turns":3},{"damage":8,"enemies":"Lots of Slimes","floor":8,"turns":3},{"damage":21,"enemies":"Lagavulin","floor":10,"turns":4},{"damage":19,"enemies":"Gremlin Gang","floor":12,"turns":3},{"damage":15,"enemies":"Exordium Thugs","floor":13,"turns":3},{"damage":0,"enemies":"Large Slime","floor":15,"turns":6},{"damage":16,"enemies":"WA_ARCHETYPE_RETAIN","floor":16,"turns":6},{"damage":3,"enemies":"Chosen","floor":19,"turns":4},{"damage":10,"enemies":"downfall:FleeingMerchant","floor":20,"turns":4},{"damage":32,"enemies":"downfall:Augmenter","floor":21,"turns":4},{"damage":19,"enemies":"Snecko","floor":23,"turns":4},{"damage":18,"enemies":"HollowMod:Nosk","floor":25,"turns":5},{"damage":0,"enemies":"downfall:FleeingMerchant","floor":26,"turns":4},{"damage":10,"enemies":"Centurion and Healer","floor":28,"turns":5},{"damage":10,"enemies":"Sentry and Sphere","floor":29,"turns":4},{"damage":5,"enemies":"downfall:FleeingMerchant","floor":31,"turns":3},{"damage":8,"enemies":"3 Cultists","floor":32,"turns":4},{"damage":3,"enemies":"IC_MUSHROOM_ARCHETYPE","floor":33,"turns":4},{"damage":38,"enemies":"3 Darklings","floor":36,"turns":5},{"damage":48,"enemies":"Orb Walker","floor":37,"turns":5},{"damage":46,"enemies":"Spire Growth","floor":40,"turns":4},{"damage":15,"enemies":"downfall:LadyInBlue","floor":43,"turns":6},{"damage":5,"enemies":"Giant Head","floor":45,"turns":5},{"damage":33,"enemies":"Jaw Worm Horde","floor":49,"turns":3},{"damage":81,"enemies":"DF_ARCHETYPE_ORBS","floor":50,"turns":5}],"seed_played":"3745673130642035970","potions_obtained":[{"floor":5,"key":"Energy Potion"},{"floor":10,"key":"LiquidMemories"},{"floor":12,"key":"EssenceOfSteel"},{"floor":13,"key":"SkillPotion"},{"floor":20,"key":"Fire Potion"},{"floor":21,"key":"Ancient Potion"},{"floor":23,"key":"Guardian:BlockOnCardUsePotion"},{"floor":23,"key":"FearPotion"},{"floor":25,"key":"hexamod:EctoCoolerPotion"},{"floor":25,"key":"champ:CounterPotion"},{"floor":26,"key":"PowerPotion"},{"floor":29,"key":"Swift Potion"},{"floor":32,"key":"Guardian:BlockOnCardUsePotion"},{"floor":33,"key":"Slimebound:ThreeZeroPotion"},{"floor":33,"key":"SteroidPotion"},{"floor":36,"key":"SkillPotion"},{"floor":43,"key":"LiquidBronze"},{"floor":43,"key":"Energy Potion"},{"floor":43,"key":"Ancient Potion"},{"floor":45,"key":"FearPotion"}],"is_trial":false,"path_per_floor":["R","M","M","M","M","R","T","M","R","E","R","M","M","?","M","B",null,"R","M","$","?","?","M","T","E","$","?","M","M","R","$","M","B",null,"R","M","M","$","?","M","T","?","?","R","E","R","$","$","M","B",null],"character_chosen":"THE_SPIRIT","items_purchased":["Mummified Hand","expansioncontent:StudyTheSpire","Molten Egg 2","Regal Pillow","expansioncontent:StudyTheSpire+1","hexamod:HeatCrush+1","Lee\u0027s Waffle"],"campfire_rested":0,"item_purchase_floors":[20,26,26,26,31,31,38],"current_hp_per_floor":[70,70,70,68,66,66,66,62,62,41,41,35,33,30,43,33,70,70,70,67,45,45,33,33,35,48,48,51,41,41,43,35,38,77,77,46,4,84,84,51,51,51,94,94,96,96,96,96,68,2],"gold":105,"neow_bonus":"RANDOM_COLORLESS","is_daily":false,"chose_seed":false,"campfire_upgraded":9,"win_rate":0.0,"timestamp":1611989832,"path_taken":["R","?","M","M","M","R","T","M","R","E","R","M","M","?","M","BOSS","R","M","$","?","?","?","T","E","$","?","M","M","R","?","M","BOSS","R","M","M","$","?","M","T","?","?","R","E","R","?","$","M","BOSS"],"items_purchased_type":["Relic","Card","Relic","Relic","Card","Card","Relic"],"build_version":"2020-12-22","purchased_purges":2,"victory":true,"max_hp_per_floor":[70,70,70,70,70,70,70,70,70,70,70,70,70,70,70,70,70,70,70,70,70,70,70,70,77,77,77,77,77,77,77,77,77,77,77,77,77,84,84,84,84,84,94,94,96,96,96,96,98,98],"card_choices":[{"not_picked":["Deep Breath","Trip"],"picked":"Bandage Up","floor":0},{"not_picked":["hexamod:NecessarySacrifice","hexamod:SkipABeat"],"picked":"hexamod:Incineration","floor":2},{"not_picked":["hexamod:Firestarter","hexamod:GhostLash"],"picked":"hexamod:PhantomCloak","floor":3},{"not_picked":["hexamod:GhostLash","hexamod:BacktrackSmack"],"picked":"hexamod:SwordOfDarkness","floor":4},{"not_picked":["hexamod:RadiantFlame","hexamod:GhostShield"],"picked":"hexamod:SoulSteal","floor":5},{"not_picked":["hexamod:Firestarter","hexamod:ThermalTransfer"],"picked":"hexamod:ParanormalForm","floor":8},{"not_picked":["hexamod:ThermalTransfer","hexamod:BacktrackSmack"],"picked":"hexamod:FirstSeal","floor":10},{"not_picked":["hexamod:FirstSeal","hexamod:GhostLash"],"picked":"hexamod:SwordOfDarkness","floor":12},{"not_picked":["hexamod:HeatMetal","hexamod:NightmareGuise"],"picked":"hexamod:SkipABeat","floor":13},{"not_picked":["hexamod:SwordOfDarkness","hexamod:ThermalTransfer"],"picked":"hexamod:HeatCrush","floor":15},{"not_picked":["hexamod:ForkedFlame","hexamod:UnleashSpirits"],"picked":"hexamod:TimeOfNeed","floor":16},{"not_picked":["hexamod:Firestarter","hexamod:NightmareGuise"],"picked":"hexamod:FourthSeal","floor":19},{"not_picked":["hexamod:PhantomCloak","hexamod:BacktrackSmack"],"picked":"hexamod:HeatCrush+1","floor":20},{"not_picked":[],"picked":"J.A.X.","floor":21},{"not_picked":["hexamod:ChargedBarrage","hexamod:NightmareStrike"],"picked":"hexamod:RainOfEmbers","floor":21},{"not_picked":["hexamod:SwordOfDarkness","hexamod:ThermalTransfer"],"picked":"hexamod:EmpoweredFlame","floor":23},{"not_picked":["hexamod:GhostLash","hexamod:GhostOfSpireFuture"],"picked":"hexamod:NightmareGuise+1","floor":25},{"not_picked":["hexamod:ThermalTransfer","hexamod:GhostLash"],"picked":"hexamod:HexaLevel","floor":26},{"not_picked":["hexamod:SpectersWail+1","hexamod:GhostShield+1"],"picked":"hexamod:SearingWound","floor":28},{"not_picked":["hexamod:Hexaguard","hexamod:ShieldOfDarkness"],"picked":"hexamod:Firestarter+1","floor":29},{"not_picked":["hexamod:SwordOfDarkness+1","hexamod:RetreatToShadows+1"],"picked":"hexamod:SixthSeal","floor":31},{"not_picked":["hexamod:Rewind","hexamod:RainOfEmbers+1"],"picked":"hexamod:ExtraCrispy+1","floor":32},{"not_picked":["hexamod:WildfireWeapon","hexamod:TimeOfNeed"],"picked":"hexamod:FifthSeal","floor":33},{"not_picked":["hexamod:FourthSeal","hexamod:SixthSeal"],"picked":"hexamod:ThirdSeal","floor":36},{"not_picked":["hexamod:HauntingEcho+1"],"picked":"SKIP","floor":36},{"not_picked":[],"picked":"hexamod:PhantomFireball+1","floor":37},{"not_picked":["hexamod:ThirdSeal","hexamod:FourthSeal"],"picked":"hexamod:SecondSeal","floor":37},{"not_picked":[],"picked":"hexamod:SwordOfDarkness+1","floor":37},{"not_picked":[],"picked":"hexamod:TimeWarp+1","floor":40},{"not_picked":["hexamod:BacktrackSmack+1"],"picked":"Singing Bowl","floor":45},{"not_picked":["hexamod:ThermalTransfer+1"],"picked":"Singing Bowl","floor":49}],"player_experience":615725,"relics_obtained":[{"floor":7,"key":"Lantern"},{"floor":10,"key":"Dream Catcher"},{"floor":21,"key":"MutagenicStrength"},{"floor":24,"key":"Juzu Bracelet"},{"floor":25,"key":"Strawberry"},{"floor":41,"key":"Bottled Flame"},{"floor":43,"key":"Toy Ornithopter"},{"floor":45,"key":"Singing Bowl"}],"event_choices":[{"damage_healed":0,"gold_gain":0,"player_choice":"Success","damage_taken":3,"relics_obtained":["Calipers"],"max_hp_gain":0,"max_hp_loss":0,"event_name":"Scrap Ooze","floor":14,"gold_loss":0}],"is_beta":false,"boss_relics":[{"not_picked":["SacredBark","Tiny House"],"picked":"hexamod:IceCube"},{"not_picked":["Runic Pyramid","Snecko Eye"],"picked":"Busted Crown"}],"items_purged_floors":[31,47],"is_endless":false,"potions_floor_spawned":[5,10,12,13,15,23,25,28,32,33,37,45,49],"ascension_level":0}}