{"host":"ebj6lkgm8suah319","time":1611981037,"event":{"mods":["2.2 Compatiblity","AchievementEnabler","BaseMod","Block Reminder","Colored Map","Colored Powertips","Minty Spire (QoL Compilation)","Quick Restart","Rare Cards Sparkle","Relic Stats","SuperFastMode"],"gold_per_floor":[115,6,25,40,59,59,93,93,93,124,24,24,42,58,58,154,154,171,189,189,203,213,213,244,259,284,304,338,253,279,292,292,387,387,397,443,91,91,107,107,135,135,186,220,239,258,276,48,48,48],"floor_reached":51,"language":"ENG","playtime":1610,"items_purged":["Strike_G","Strike_G","Strike_G","Strike_G"],"score":1014,"play_id":"8e021639-32d3-44ac-be32-16d1b24d4f1f","local_time":"20210129233037","is_ascension_mode":true,"campfire_choices":[{"data":"Finisher","floor":6.0,"key":"SMITH"},{"floor":12.0,"key":"REST"},{"data":"Infinite Blades","floor":15.0,"key":"SMITH"},{"data":"After Image","floor":23.0,"key":"SMITH"},{"data":"Blade Dance","floor":32.0,"key":"SMITH"},{"data":"Accuracy","floor":40.0,"key":"SMITH"},{"data":"Footwork","floor":42.0,"key":"SMITH"},{"floor":49,"key":"REST"}],"circlet_count":0,"master_deck":["Strike_G","Defend_G","Defend_G","Defend_G","Defend_G","Defend_G","Survivor","Neutralize","After Image+1","Dagger Throw","Endless Agony","Cloak And Dagger","Predator","Finisher+1","Infinite Blades+1","Blade Dance+1","Backflip","Malaise","Dagger Throw","Quick Slash+1","Blade Dance+1","Finisher","Cloak And Dagger+1","Blade Dance","Adrenaline","Terror","Dagger Throw+1","Malaise","Dagger Throw+1","Dagger Throw","Footwork+1","Accuracy+1","Riddle With Holes+1","Infinite Blades+1","Backstab+1","Backstab","Endless Agony+1"],"relics":["Ring of the Snake","Shuriken","Tough Bandages","Unceasing Top","Philosopher\u0027s Stone","Nloth\u0027s Gift","Orichalcum","Blood Vial","Toy Ornithopter","Boot","Matryoshka","Sozu","Tingsha","Medical Kit","Singing Bowl","Dream Catcher","Regal Pillow"],"acts_visited":["Exordium","TheCity","TheBeyond"],"potions_floor_usage":[],"damage_taken":[{"damage":0.0,"enemies":"Cultist","floor":1.0,"turns":5.0},{"damage":0.0,"enemies":"Jaw Worm","floor":3.0,"turns":4.0},{"damage":0.0,"enemies":"Small Slimes","floor":4.0,"turns":3.0},{"damage":0.0,"enemies":"Looter","floor":5.0,"turns":3.0},{"damage":37.0,"enemies":"Lagavulin","floor":7.0,"turns":7.0},{"damage":7.0,"enemies":"3 Sentries","floor":10.0,"turns":5.0},{"damage":0.0,"enemies":"2 Fungi Beasts","floor":13.0,"turns":2.0},{"damage":5.0,"enemies":"Exordium Wildlife","floor":14.0,"turns":4.0},{"damage":5.0,"enemies":"The Guardian","floor":16.0,"turns":8.0},{"damage":0.0,"enemies":"Spheric Guardian","floor":18.0,"turns":3.0},{"damage":0.0,"enemies":"Shell Parasite","floor":19.0,"turns":4.0},{"damage":8.0,"enemies":"Cultist and Chosen","floor":21.0,"turns":6.0},{"damage":3.0,"enemies":"3 Cultists","floor":22.0,"turns":4.0},{"damage":6.0,"enemies":"Gremlin Leader","floor":24.0,"turns":4.0},{"damage":0.0,"enemies":"Chosen and Byrds","floor":25.0,"turns":2.0},{"damage":6.0,"enemies":"Shelled Parasite and Fungi","floor":27.0,"turns":5.0},{"damage":4.0,"enemies":"Book of Stabbing","floor":28.0,"turns":4.0},{"damage":10.0,"enemies":"Slavers","floor":30.0,"turns":4.0},{"damage":10.0,"enemies":"Snake Plant","floor":31.0,"turns":3.0},{"damage":6.0,"enemies":"Automaton","floor":33.0,"turns":6.0},{"damage":0.0,"enemies":"Orb Walker","floor":35.0,"turns":2.0},{"damage":19.0,"enemies":"2 Orb Walkers","floor":36.0,"turns":3.0},{"damage":0.0,"enemies":"3 Shapes","floor":39.0,"turns":3.0},{"damage":3.0,"enemies":"Reptomancer","floor":41.0,"turns":2.0},{"damage":8,"enemies":"Nemesis","floor":44,"turns":3},{"damage":6,"enemies":"3 Darklings","floor":45,"turns":3},{"damage":0,"enemies":"Transient","floor":46,"turns":5},{"damage":30,"enemies":"Writhing Mass","floor":47,"turns":2},{"damage":26,"enemies":"Donu and Deca","floor":50,"turns":6}],"seed_played":"-7580349710538286757","potions_obtained":[{"floor":5.0,"key":"Swift Potion"},{"floor":7.0,"key":"EntropicBrew"},{"floor":10.0,"key":"Regen Potion"},{"floor":13.0,"key":"AttackPotion"},{"floor":16.0,"key":"Regen Potion"},{"floor":21.0,"key":"Fire Potion"},{"floor":22.0,"key":"Block Potion"},{"floor":24.0,"key":"SpeedPotion"},{"floor":27.0,"key":"SpeedPotion"}],"is_trial":false,"path_per_floor":["M","$","M","M","M","R","E","?","T","E","$","R","M","M","R","B",null,"M","M","?","M","M","R","E","M","T","M","E","?","E","M","R","B",null,"M","?","$","?","M","R","E","R","T","E","M","M","M","$","R","B",null],"character_chosen":"THE_SILENT","items_purchased":["Endless Agony","Medical Kit","Footwork","Backstab"],"campfire_rested":2,"item_purchase_floors":[2,37,37,48],"current_hp_per_floor":[63,63,63,63,63,63,26,8,8,1,1,19,19,14,14,9,50,50,50,50,42,51,51,57,57,57,53,51,51,43,35,35,31,55,57,40,40,40,42,42,43,43,43,39,35,37,9,9,43,19],"gold":48,"neow_bonus":"THREE_RARE_CARDS","is_daily":false,"chose_seed":false,"campfire_upgraded":6,"win_rate":0.0,"timestamp":1611981037,"path_taken":["M","?","M","M","M","R","E","?","T","E","?","R","M","M","R","BOSS","M","M","?","M","?","R","E","M","T","M","E","?","E","M","R","BOSS","M","?","$","?","M","R","E","R","T","E","M","M","M","$","R","BOSS"],"items_purchased_type":["Card","Relic","Card","Card"],"build_version":"2020-12-22","purchased_purges":4,"victory":true,"max_hp_per_floor":[63,63,63,63,63,63,63,63,63,63,63,63,63,63,63,63,63,63,63,63,63,63,63,63,63,63,63,63,63,63,63,63,63,63,63,63,63,60,60,60,62,62,62,64,64,64,64,64,64,64],"relic_stats":{"Regal Pillow":15,"Singing Bowl":4,"counters":[29,115],"Tingsha":[60],"Orichalcum":[0],"Boot":[58],"Medical Kit":[1],"Blood Vial":28,"Sozu":5,"Tough Bandages":[147],"Dream Catcher":1,"Shuriken":[117],"Nloth\u0027s Gift":4,"obtain_stats":[{"Lantern":10,"Regal Pillow":44,"Singing Bowl":41,"Tingsha":36,"Orichalcum":24,"Boot":29,"Medical Kit":37,"Blood Vial":26,"Sozu":34,"Tough Bandages":8,"Dream Catcher":43,"Matryoshka":30,"Shuriken":7,"Philosopher\u0027s Stone":17,"Nloth\u0027s Gift":20,"Unceasing Top":9,"Toy Ornithopter":28,"Ring of the Snake":0},{"Lantern":6,"Regal Pillow":25,"Singing Bowl":24,"Tingsha":22,"Orichalcum":14,"Boot":17,"Medical Kit":22,"Blood Vial":15,"Sozu":20,"Tough Bandages":5,"Dream Catcher":24,"Matryoshka":18,"Shuriken":5,"Philosopher\u0027s Stone":9,"Nloth\u0027s Gift":11,"Unceasing Top":5,"Toy Ornithopter":17,"Ring of the Snake":0},{"Lantern":27,"Regal Pillow":99,"Singing Bowl":96,"Tingsha":91,"Orichalcum":62,"Boot":73,"Medical Kit":91,"Blood Vial":64,"Sozu":86,"Tough Bandages":22,"Dream Catcher":96,"Matryoshka":77,"Shuriken":22,"Philosopher\u0027s Stone":41,"Nloth\u0027s Gift":48,"Unceasing Top":22,"Toy Ornithopter":73,"Ring of the Snake":0}],"Unceasing Top":[11],"Toy Ornithopter":0,"Ring of the Snake":[59]},"card_choices":[{"not_picked":["Storm of Steel","Grand Finale"],"picked":"After Image","floor":0.0},{"not_picked":["Endless Agony","Terror"],"picked":"Dagger Throw","floor":1.0},{"not_picked":["Finisher","Sucker Punch"],"picked":"Cloak And Dagger","floor":3.0},{"not_picked":["Reflex","Deadly Poison"],"picked":"Predator","floor":4.0},{"not_picked":["Flying Knee","Quick Slash"],"picked":"Finisher","floor":5.0},{"not_picked":["Masterful Stab","Distraction"],"picked":"Infinite Blades","floor":7.0},{"not_picked":["Phantasmal Killer","Bane"],"picked":"Blade Dance","floor":10.0},{"not_picked":["Bouncing Flask","Blur","Acrobatics"],"picked":"SKIP","floor":13.0},{"not_picked":["Sucker Punch","Dagger Spray"],"picked":"Backflip","floor":14.0},{"not_picked":["Unload","Die Die Die"],"picked":"Malaise","floor":16.0},{"not_picked":["Dagger Spray","Tactician","Setup"],"picked":"SKIP","floor":18.0},{"not_picked":["Flying Knee","Dodge and Roll"],"picked":"Dagger Throw","floor":19.0},{"not_picked":["Tactician","Acrobatics"],"picked":"Quick Slash+1","floor":21.0},{"not_picked":["All Out Attack","Bane"],"picked":"Blade Dance+1","floor":22.0},{"not_picked":["Unload","Predator+1"],"picked":"Finisher","floor":24.0},{"not_picked":["Accuracy","Dagger Throw"],"picked":"Cloak And Dagger+1","floor":25.0},{"not_picked":["Infinite Blades","Crippling Poison"],"picked":"Blade Dance","floor":27.0},{"not_picked":["Riddle With Holes+1","Glass Knife"],"picked":"Adrenaline","floor":28.0},{"not_picked":["Slice+1","Infinite Blades"],"picked":"Terror","floor":30.0},{"not_picked":["Quick Slash","Flying Knee"],"picked":"Dagger Throw+1","floor":31.0},{"not_picked":["Corpse Explosion","Unload"],"picked":"Malaise","floor":33.0},{"not_picked":["Setup+1","Heel Hook+1"],"picked":"Dagger Throw+1","floor":35.0},{"not_picked":["Poisoned Stab","Dodge and Roll+1"],"picked":"Dagger Throw","floor":36.0},{"not_picked":["Endless Agony+1","Dagger Spray"],"picked":"Accuracy","floor":39.0},{"not_picked":["Deadly Poison+1","Quick Slash","Grand Finale"],"picked":"Singing Bowl","floor":41.0},{"not_picked":["Skewer","Bouncing Flask","Night Terror"],"picked":"Singing Bowl","floor":44},{"not_picked":["Noxious Fumes+1","Deadly Poison"],"picked":"Riddle With Holes+1","floor":45},{"not_picked":["Predator","Dagger Spray"],"picked":"Infinite Blades+1","floor":46},{"not_picked":["Prepared+1","Deadly Poison+1"],"picked":"Backstab+1","floor":47},{"not_picked":["Predator+1","Choke+1"],"picked":"Endless Agony+1","floor":49}],"player_experience":95483,"relics_obtained":[{"floor":7.0,"key":"Shuriken"},{"floor":9.0,"key":"Unceasing Top"},{"floor":10.0,"key":"Lantern"},{"floor":24.0,"key":"Orichalcum"},{"floor":26.0,"key":"Blood Vial"},{"floor":28.0,"key":"Toy Ornithopter"},{"floor":30.0,"key":"Matryoshka"},{"floor":36.0,"key":"Tingsha"},{"floor":41.0,"key":"Singing Bowl"},{"floor":43,"key":"Dream Catcher"},{"floor":44,"key":"Regal Pillow"}],"event_choices":[{"damage_healed":0.0,"max_hp_gain":0.0,"max_hp_loss":0.0,"gold_gain":0.0,"event_name":"Scrap Ooze","player_choice":"Success","floor":8.0,"gold_loss":0.0,"damage_taken":18.0,"relics_obtained":["Tough Bandages"]},{"damage_healed":0.0,"max_hp_gain":0.0,"max_hp_loss":0.0,"gold_gain":0.0,"event_name":"N\u0027loth","player_choice":"Traded Relic","floor":20.0,"relics_lost":["Lantern"],"gold_loss":0.0,"damage_taken":0.0,"relics_obtained":["Nloth\u0027s Gift"]},{"damage_healed":0.0,"max_hp_gain":0.0,"max_hp_loss":0.0,"gold_gain":0.0,"event_name":"Addict","player_choice":"Obtained Relic","floor":29.0,"gold_loss":85.0,"damage_taken":0.0,"relics_obtained":["Boot"]},{"damage_healed":0.0,"max_hp_gain":0.0,"max_hp_loss":0.0,"gold_gain":0.0,"event_name":"Mysterious Sphere","player_choice":"Fight","floor":36.0,"gold_loss":0.0,"damage_taken":0.0},{"damage_healed":0.0,"max_hp_gain":0.0,"max_hp_loss":3.0,"gold_gain":0.0,"event_name":"Winding Halls","player_choice":"Max HP","floor":38.0,"gold_loss":0.0,"damage_taken":0.0}],"is_beta":false,"boss_relics":[{"not_picked":["Tiny House","Runic Pyramid"],"picked":"Philosopher\u0027s Stone"},{"not_picked":["Coffee Dripper","Snecko Eye"],"picked":"Sozu"}],"items_purged_floors":[2,11,37,48],"is_endless":false,"potions_floor_spawned":[5,7,10,13,16,21,22,24,27,39,41,44,45,46],"ascension_level":5}}