{"host":"42xf941fomyavgzy","time":1611970946,"event":{"mods":["Act Like it!","BaseMod","Colored Map","KinomotoSakuraMod(–Ø”V–{?)","Minty Spire (QoL Compilation)","Shop Mod","StSLib","SuperFastMode","The Cursed"],"gold_per_floor":[111,111,134,234,250,250,279,279,351,351,362,395,415,59,59,154,154,170,170,183,183,198,198,224,224,249,249,24,53,3,17,17,17,17],"floor_reached":33,"language":"JPN","playtime":1887,"items_purged":["Strike_G","Strike_G"],"score":364,"play_id":"1deb751e-b448-4674-b597-fcfa79b599a2","local_time":"20210130104226","is_ascension_mode":true,"campfire_choices":[{"data":"Deadly Poison","floor":6,"key":"SMITH"},{"data":"Survivor","floor":8,"key":"SMITH"},{"floor":10,"key":"REST"},{"data":"Poisoned Stab","floor":15,"key":"SMITH"},{"floor":23,"key":"REST"},{"data":"Dash","floor":25,"key":"SMITH"},{"floor":27,"key":"REST"},{"floor":32,"key":"REST"}],"circlet_count":0,"master_deck":["Strike_G+1","Strike_G","Defend_G","Defend_G","Defend_G","Defend_G","Defend_G","Survivor+1","Neutralize+1","Deadly Poison+1","Deadly Poison+1","Reflex","Underhanded Strike","Dagger Throw","Poisoned Stab+1","Well Laid Plans","Expertise","After Image","Outmaneuver","Bane+1","Dash+1","Crippling Poison","Caltrops"],"relics":["Ring of the Snake","Smiling Mask","Centennial Puzzle","Paper Crane","Pocketwatch","Lantern","Black Star","Oddly Smooth Stone","Kunai","Ancient Tea Set","Cauldron","Whetstone","Regal Pillow"],"acts_visited":["Exordium","TheCity"],"potions_floor_usage":[12,18,20,22,29,29,33,33],"damage_taken":[{"damage":1,"enemies":"Small Slimes","floor":1,"turns":4},{"damage":2,"enemies":"Jaw Worm","floor":5,"turns":3},{"damage":32,"enemies":"Gremlin Nob","floor":7,"turns":4},{"damage":0,"enemies":"2 Louse","floor":11,"turns":2},{"damage":19,"enemies":"Lagavulin","floor":12,"turns":6},{"damage":1,"enemies":"Exordium Thugs","floor":13,"turns":4},{"damage":13,"enemies":"The Guardian","floor":16,"turns":7},{"damage":12,"enemies":"Spheric Guardian","floor":18,"turns":4},{"damage":27,"enemies":"2 Thieves","floor":20,"turns":4},{"damage":1,"enemies":"Centurion and Healer","floor":22,"turns":5},{"damage":48,"enemies":"Book of Stabbing","floor":24,"turns":6},{"damage":29,"enemies":"Slavers","floor":29,"turns":4},{"damage":4,"enemies":"Snake Plant","floor":31,"turns":4},{"damage":65,"enemies":"Champ","floor":33,"turns":11}],"seed_played":"-2301756451769807341","potions_obtained":[{"floor":5,"key":"AttackPotion"},{"floor":7,"key":"PowerPotion"},{"floor":12,"key":"Explosive Potion"},{"floor":16,"key":"LiquidMemories"},{"floor":20,"key":"FairyPotion"},{"floor":28,"key":"LiquidBronze"},{"floor":28,"key":"FearPotion"},{"floor":28,"key":"Weak Potion"},{"floor":28,"key":"SkillPotion"},{"floor":29,"key":"Poison Potion"}],"is_trial":false,"path_per_floor":["M","?","T","?","M","R","E","R","T","R","M","E","M","$","R","B",null,"M","?","M","?","M","R","E","R","T","R","$","E","$","M","R","B"],"character_chosen":"THE_SILENT","items_purchased":["Lantern","Well Laid Plans","Expertise","Cauldron","Caltrops"],"campfire_rested":4,"item_purchase_floors":[14,14,14,28,28],"current_hp_per_floor":[69,69,69,69,67,67,35,35,35,56,56,37,36,36,36,23,58,46,46,19,19,18,39,21,21,21,42,42,13,13,9,45,0,0],"gold":17,"neow_bonus":"REMOVE_CARD","is_daily":false,"chose_seed":false,"campfire_upgraded":4,"win_rate":0.0,"timestamp":1611970946,"path_taken":["M","?","?","?","M","R","E","R","T","R","M","E","?","$","R","BOSS","M","?","M","?","M","R","E","R","T","R","?","E","$","M","R","BOSS"],"items_purchased_type":["Relic","Card","Card","Relic","Card"],"build_version":"2020-12-22","purchased_purges":2,"victory":false,"max_hp_per_floor":[70,70,70,70,70,70,70,70,70,70,70,70,70,70,70,70,70,70,70,70,70,70,70,70,70,70,70,70,70,70,70,70,70,70],"card_choices":[{"not_picked":["Distraction","Crippling Poison"],"picked":"Deadly Poison","floor":1},{"not_picked":["Dagger Throw","Quick Slash"],"picked":"Deadly Poison","floor":5},{"not_picked":["A Thousand Cuts","Quick Slash"],"picked":"Reflex","floor":7},{"not_picked":["Quick Slash","Blade Dance"],"picked":"Underhanded Strike","floor":11},{"not_picked":["Acrobatics","Sucker Punch"],"picked":"Dagger Throw","floor":12},{"not_picked":["Terror","Dagger Spray"],"picked":"Poisoned Stab","floor":13},{"not_picked":["Adrenaline","A Thousand Cuts"],"picked":"After Image","floor":16},{"not_picked":["Poisoned Stab","Prepared"],"picked":"Outmaneuver","floor":18},{"not_picked":["Escape Plan","Acrobatics"],"picked":"Bane+1","floor":20},{"not_picked":["Underhanded Strike+1","Reflex+1"],"picked":"Dash","floor":22},{"not_picked":["Sucker Punch+1","Eviscerate"],"picked":"Crippling Poison","floor":24},{"not_picked":["Flying Knee","Outmaneuver","Poisoned Stab"],"picked":"SKIP","floor":29},{"not_picked":["Sucker Punch","Dash","Endless Agony"],"picked":"SKIP","floor":31}],"player_experience":433313,"relics_obtained":[{"floor":3,"key":"Smiling Mask"},{"floor":7,"key":"Centennial Puzzle"},{"floor":9,"key":"Paper Crane"},{"floor":12,"key":"Pocketwatch"},{"floor":24,"key":"Oddly Smooth Stone"},{"floor":24,"key":"Kunai"},{"floor":26,"key":"Ancient Tea Set"},{"floor":29,"key":"Whetstone"},{"floor":29,"key":"Regal Pillow"}],"event_choices":[{"damage_healed":0,"gold_gain":0,"player_choice":"Grow","damage_taken":0,"max_hp_gain":0,"max_hp_loss":0,"event_name":"Living Wall","floor":2,"gold_loss":0,"cards_upgraded":["Deadly Poison"]},{"damage_healed":0,"gold_gain":100,"player_choice":"Pray","damage_taken":0,"max_hp_gain":0,"max_hp_loss":0,"event_name":"Golden Shrine","floor":4,"gold_loss":0},{"damage_healed":0,"gold_gain":0,"player_choice":"Ignored","damage_taken":0,"max_hp_gain":0,"max_hp_loss":0,"event_name":"Vampires","floor":19,"gold_loss":0},{"damage_healed":0,"gold_gain":0,"player_choice":"Ignored","damage_taken":0,"max_hp_gain":0,"max_hp_loss":0,"event_name":"Cursed Tome","floor":21,"gold_loss":0}],"is_beta":false,"boss_relics":[{"not_picked":["Fusion Hammer","Runic Dome"],"picked":"Black Star"}],"items_purged_floors":[14,30],"is_endless":false,"potions_floor_spawned":[5,7,12,16,20,29],"killed_by":"Champ","ascension_level":5}}