{"host":"m3rs92yjkwi06hli","time":1611971744,"event":{"mods":["Act Like it!","Aspiration","BaseMod","Colored Map","Conspire","Defuse TimeMaze Blight","Energized Spire","Hubris","Infinite Spire","Minty Spire (QoL Compilation)","Relic Stats","Replay The Spire","Spicy Shops","StSLib","The Runesmith"],"gold_per_floor":[115,115,115,139,154,154,198,217,217,217,235,260,260,273,273,404,404,419,197,216,240,240,240,276,276,302,337,337,381,381,405,405,533,533,552,114,114,135,185,185,292,292,292,392,451,548,595,648,648,663],"floor_reached":51,"language":"ENG","playtime":2125,"items_purged":["Runesmith:Strike_RS","Runesmith:Strike_RS","Runesmith:Strike_RS","hubris:Disease"],"score":974,"play_id":"f08c7872-bcb7-48ef-ba49-a01c1d95106d","local_time":"20210129195544","is_ascension_mode":true,"campfire_choices":[{"data":"Runesmith:LithiumIon","floor":6,"key":"SMITH"},{"floor":10,"key":"REST"},{"floor":15,"key":"REST"},{"floor":25,"key":"REST"},{"data":"Runesmith:Grindstone","floor":28,"key":"SMITH"},{"floor":30,"key":"REST"},{"data":"Runesmith:LithiumIon","floor":32,"key":"SMITH"},{"data":"Runesmith:Duplicate","floor":40,"key":"SMITH"},{"floor":49,"key":"REST"}],"circlet_count":0,"master_deck":["Runesmith:Strike_RS","Runesmith:Defend_RS","Runesmith:Defend_RS","Runesmith:Defend_RS","Runesmith:Defend_RS","Runesmith:CraftFirestone+1","Runesmith:Fortify","Runesmith:EarthShield","Runesmith:HammerThrow","Runesmith:LithiumIon+1","Runesmith:HeatedChisel","Runesmith:CraftPrismatica+1","Runesmith:OneForEveryone","Runesmith:Firestorm","Runesmith:CraftProtectio","Runesmith:FissionHammer","Runesmith:EnergizedChisel","Runesmith:HammerThrow","Runesmith:LithiumIon+1","Runesmith:ChaoticBlast+1","Runesmith:Grindstone+1","Runesmith:Firewall","Runesmith:CraftMagma","Runesmith:Duplicate+1","Runesmith:CraftMagma","Runesmith:Attraction","Voices","Runesmith:CraftProtectio","ReplayTheSpireMod:Doomed","Runesmith:ReplicatingBarrier","Runesmith:ChiselStab","Writhe","Runesmith:Firewall+1","Runesmith:CraftMagma+1"],"relics":["Runesmith:BrokenRuby","Golden Idol","Replay:Baseball","Centennial Puzzle","ChewingGum","Bag of Preparation","aspiration:Nostalgia","infinitespire:DarkRift","hubris:RunicObelisk","hubris:TenFootPole","hubris:SlimyHat","ReplayTheSpireMod:Lightbulb","Shuriken","aspiration:MobileForge","Thread and Needle","ReplayTheSpireMod:Ring of Challenge","Ring of Greed","hubris:MobiusCoin","Replay:Bandana","Bottled Flame","Replay:Bottled Flurry","Runesmith:UraniumAnvil","infinitespire:Bottled Soul","ReplayFunnel"],"acts_visited":["Exordium","TheCity","TheBeyond"],"potions_floor_usage":[7,12,14,18,46,50,50],"damage_taken":[{"damage":7,"enemies":"Small Slimes","floor":1,"turns":3},{"damage":0,"enemies":"Jaw Worm","floor":4,"turns":5},{"damage":7,"enemies":"2 Louse","floor":5,"turns":4},{"damage":15,"enemies":"3 Sentries","floor":7,"turns":7},{"damage":6,"enemies":"Red Slaver","floor":8,"turns":4},{"damage":7,"enemies":"Blue Slaver","floor":11,"turns":5},{"damage":7,"enemies":"Exordium Thugs","floor":12,"turns":4},{"damage":6,"enemies":"Exordium Wildlife","floor":14,"turns":3},{"damage":26,"enemies":"Slime Boss","floor":16,"turns":9},{"damage":1,"enemies":"Shell Parasite","floor":18,"turns":5},{"damage":19,"enemies":"3 Byrds","floor":20,"turns":7},{"damage":15,"enemies":"Snake Plant","floor":21,"turns":3},{"damage":12,"enemies":"conspire:Head Lice","floor":24,"turns":8},{"damage":0,"enemies":"Gremlin Leader","floor":27,"turns":5},{"damage":8,"enemies":"Slavers","floor":29,"turns":3},{"damage":7,"enemies":"Centurion and Healer","floor":31,"turns":6},{"damage":3,"enemies":"conspire:MysteriousRune","floor":33,"turns":8},{"damage":7,"enemies":"3 Darklings","floor":35,"turns":5},{"damage":10,"enemies":"3 Shapes","floor":38,"turns":3},{"damage":0,"enemies":"Giant Head","floor":41,"turns":8},{"damage":0,"enemies":"R_Hoarder","floor":45,"turns":6},{"damage":0,"enemies":"Maw","floor":46,"turns":6},{"damage":6,"enemies":"Jaw Worm Horde","floor":47,"turns":3},{"damage":20,"enemies":"4 Shapes","floor":48,"turns":3},{"damage":3,"enemies":"infinitespire:MassOfShapes","floor":50,"turns":3}],"seed_played":"-3953211111373214080","potions_obtained":[{"floor":1,"key":"Block Potion"},{"floor":5,"key":"Energy Potion"},{"floor":8,"key":"AttackPotion"},{"floor":12,"key":"Adrenaline Potion"},{"floor":24,"key":"Elixir"},{"floor":27,"key":"Block Potion"},{"floor":33,"key":"Elixir"},{"floor":35,"key":"EssenceOfSteel"},{"floor":38,"key":"Weak Potion"},{"floor":48,"key":"DuplicationPotion"}],"is_trial":false,"path_per_floor":["M","?","?","M","M","R","E","M","T","R","M","M","?","M","R","B",null,"M","$","M","M","AVR","?","E","R","T","E","R","E","R","M","R","B",null,"M","$","?","M","?","R","E","AVR","T","?","E","M","M","M","R","B",null],"character_chosen":"RUNESMITH_CLASS","items_purchased":["Bag of Preparation","Thread and Needle","Runesmith:CraftMagma"],"campfire_rested":5,"item_purchase_floors":[19,36,36],"current_hp_per_floor":[63,46,53,53,46,46,31,25,25,46,39,32,32,26,47,21,70,69,69,50,35,35,35,23,44,44,44,44,36,57,50,50,47,70,63,63,63,53,53,53,63,63,63,63,63,63,57,37,58,55],"gold":663,"neow_bonus":"RANDOM_EVENT","is_daily":false,"chose_seed":false,"campfire_upgraded":4,"win_rate":0.0,"timestamp":1611971744,"path_taken":["M","?","?","?","M","R","E","M","T","R","M","M","?","?","R","BOSS","M","$","M","M","AVR","?","E","R","T","E","R","E","R","M","R","BOSS","M","$","?","M","?","R","E","AVR","T","?","E","M","M","M","R","BOSS"],"items_purchased_type":["Relic","Relic","Card"],"build_version":"2020-12-22","purchased_purges":4,"victory":true,"max_hp_per_floor":[70,70,70,70,70,70,70,70,70,70,70,70,70,70,70,70,70,70,70,70,70,70,70,70,70,70,70,70,70,70,70,70,70,70,70,70,70,70,70,70,70,70,70,70,70,70,70,70,70,70],"relic_stats":{"Centennial Puzzle":[48],"counters":[25,126],"Golden Idol":186,"Shuriken":[18],"Bag of Preparation":[30],"obtain_stats":[{"ReplayFunnel":45,"hubris:MobiusCoin":39,"Runesmith:BrokenRuby":0,"Golden Idol":2,"aspiration:Nostalgia":22,"Thread and Needle":36,"Bag of Preparation":19,"hubris:SlimyHat":26,"Ring of Greed":39,"hubris:RunicObelisk":22,"Replay:Baseball":7,"Centennial Puzzle":9,"infinitespire:DarkRift":22,"Replay:Bandana":39,"Bottled Flame":41,"Shuriken":29,"aspiration:MobileForge":34,"infinitespire:Bottled Soul":43,"Runesmith:UraniumAnvil":42,"ChewingGum":17,"hubris:TenFootPole":24,"Replay:Bottled Flurry":42,"ReplayTheSpireMod:Ring of Challenge":39,"ReplayTheSpireMod:Lightbulb":27},{"ReplayFunnel":21,"hubris:MobiusCoin":19,"Runesmith:BrokenRuby":0,"Golden Idol":1,"aspiration:Nostalgia":12,"Thread and Needle":18,"Bag of Preparation":10,"hubris:SlimyHat":13,"Ring of Greed":19,"hubris:RunicObelisk":12,"Replay:Baseball":4,"Centennial Puzzle":5,"infinitespire:DarkRift":12,"Replay:Bandana":19,"Bottled Flame":20,"Shuriken":15,"aspiration:MobileForge":17,"infinitespire:Bottled Soul":20,"Runesmith:UraniumAnvil":20,"ChewingGum":9,"hubris:TenFootPole":13,"Replay:Bottled Flurry":20,"ReplayTheSpireMod:Ring of Challenge":19,"ReplayTheSpireMod:Lightbulb":14},{"ReplayFunnel":111,"hubris:MobiusCoin":97,"Runesmith:BrokenRuby":0,"Golden Idol":3,"aspiration:Nostalgia":59,"Thread and Needle":94,"Bag of Preparation":49,"hubris:SlimyHat":67,"Ring of Greed":97,"hubris:RunicObelisk":59,"Replay:Baseball":19,"Centennial Puzzle":23,"infinitespire:DarkRift":59,"Replay:Bandana":97,"Bottled Flame":105,"Shuriken":75,"aspiration:MobileForge":89,"infinitespire:Bottled Soul":105,"Runesmith:UraniumAnvil":105,"ChewingGum":44,"hubris:TenFootPole":67,"Replay:Bottled Flurry":105,"ReplayTheSpireMod:Ring of Challenge":97,"ReplayTheSpireMod:Lightbulb":72}]},"card_choices":[{"not_picked":["Runesmith:BackupBattery","Runesmith:NegativeSpace"],"picked":"Runesmith:EarthShield","floor":1},{"not_picked":["aspiration:UnbridledHammer","Runesmith:Augment"],"picked":"Runesmith:HammerThrow","floor":4},{"not_picked":["Runesmith:Attraction","Runesmith:FrozenChisel"],"picked":"Runesmith:LithiumIon","floor":5},{"not_picked":["Runesmith:MakeshiftArmor","Runesmith:Attraction"],"picked":"Runesmith:HeatedChisel","floor":7},{"not_picked":["Runesmith:UnstableHammer","Runesmith:Overpower"],"picked":"Runesmith:CraftPrismatica","floor":8},{"not_picked":["Runesmith:Terraform","Runesmith:UnstableHammer"],"picked":"Runesmith:OneForEveryone","floor":11},{"not_picked":["Runesmith:ChargedHammer","Runesmith:Repurpose"],"picked":"Runesmith:Firestorm","floor":12},{"not_picked":["Runesmith:Repurpose","Runesmith:Augment"],"picked":"Runesmith:CraftProtectio","floor":14},{"not_picked":["Runesmith:CraftMedicinae","Runesmith:ArcReactor"],"picked":"Runesmith:FissionHammer","floor":16},{"not_picked":["Runesmith:MakeshiftArmor","Runesmith:HeatExchange"],"picked":"Runesmith:EnergizedChisel","floor":18},{"not_picked":["Runesmith:EarthShield","Runesmith:Grindstone"],"picked":"Runesmith:HammerThrow","floor":20},{"not_picked":["Runesmith:Augment","Runesmith:Accelerate"],"picked":"Runesmith:LithiumIon","floor":21},{"not_picked":["Runesmith:HeatedChisel+1","Runesmith:WhiteBalance"],"picked":"Runesmith:ChaoticBlast+1","floor":24},{"not_picked":["Runesmith:Attraction","Runesmith:HeatExchange"],"picked":"Runesmith:Grindstone","floor":27},{"not_picked":["Runesmith:DoubleUp","Runesmith:CraftMagma"],"picked":"Runesmith:Firewall","floor":29},{"not_picked":["Runesmith:Overpower","Runesmith:StaticCage"],"picked":"Runesmith:CraftMagma","floor":31},{"not_picked":["Runesmith:LightningRod","Runesmith:GrandSlam"],"picked":"Runesmith:Duplicate","floor":33},{"not_picked":["Runesmith:Refine+1","Runesmith:UnstableHammer+1","Runesmith:ShiftingStrike"],"picked":"SKIP","floor":35},{"not_picked":["Runesmith:StaticCage+1","Runesmith:Permafrost"],"picked":"Runesmith:Attraction","floor":38},{"not_picked":["Runesmith:HeatExchange+1","Runesmith:HammerTime+1"],"picked":"Runesmith:CraftProtectio","floor":41},{"not_picked":["Runesmith:Permafrost","Runesmith:HammerThrow+1"],"picked":"Runesmith:ReplicatingBarrier","floor":45},{"not_picked":["Runesmith:Retool","Runesmith:ShiftingStrike+1"],"picked":"Runesmith:ChiselStab","floor":46},{"not_picked":["Runesmith:Accelerate+1","Runesmith:StaticCage+1"],"picked":"Runesmith:Firewall+1","floor":47},{"not_picked":["Runesmith:CraftProtectio","Runesmith:DoubleUp"],"picked":"Runesmith:CraftMagma+1","floor":48}],"player_experience":755773,"relics_obtained":[{"floor":7,"key":"Replay:Baseball"},{"floor":9,"key":"Centennial Puzzle"},{"floor":24,"key":"hubris:TenFootPole"},{"floor":26,"key":"hubris:SlimyHat"},{"floor":27,"key":"ReplayTheSpireMod:Lightbulb"},{"floor":29,"key":"Shuriken"},{"floor":39,"key":"ReplayTheSpireMod:Ring of Challenge"},{"floor":39,"key":"Ring of Greed"},{"floor":39,"key":"hubris:MobiusCoin"},{"floor":39,"key":"Replay:Bandana"},{"floor":41,"key":"Bottled Flame"},{"floor":43,"key":"infinitespire:Bottled Soul"},{"floor":45,"key":"ReplayFunnel"}],"event_choices":[{"damage_healed":0,"gold_gain":0,"player_choice":"Grow","damage_taken":0,"max_hp_gain":0,"max_hp_loss":0,"event_name":"Living Wall","floor":0,"gold_loss":0,"cards_upgraded":["Runesmith:CraftFirestone"]},{"damage_healed":0,"gold_gain":0,"player_choice":"Take Damage","damage_taken":17,"relics_obtained":["Golden Idol"],"max_hp_gain":0,"max_hp_loss":0,"event_name":"Golden Idol","floor":2,"gold_loss":0},{"damage_healed":0,"gold_gain":0,"player_choice":"Upgraded","damage_taken":0,"max_hp_gain":0,"max_hp_loss":0,"event_name":"Upgrade Shrine","floor":13,"gold_loss":0,"cards_upgraded":["Runesmith:CraftPrismatica"]},{"damage_healed":0,"gold_gain":0,"player_choice":"Leave","damage_taken":0,"max_hp_gain":0,"max_hp_loss":0,"event_name":"FaceTrader","floor":23,"gold_loss":0},{"damage_healed":0,"gold_gain":0,"player_choice":"Leave","damage_taken":0,"max_hp_gain":0,"max_hp_loss":0,"event_name":"conspire:Investor","floor":37,"gold_loss":0},{"damage_healed":0,"gold_gain":100,"player_choice":"Pray","damage_taken":0,"max_hp_gain":0,"max_hp_loss":0,"event_name":"Golden Shrine","floor":44,"gold_loss":0}],"is_beta":false,"boss_relics":[{"not_picked":["Astrolabe","conspire:SlowCooker"],"picked":"ChewingGum"},{"not_picked":["aspiration:SilentSkillbook","Coffee Dripper"],"picked":"aspiration:MobileForge"}],"items_purged_floors":[19,22,36,42],"is_endless":false,"potions_floor_spawned":[1,5,8,12,24,27,33,35,38,41,48],"ascension_level":2}}