{"host":"ncocfkoislda923u","time":1611972285,"event":{"mods":["BaseMod","Downfall","Googly Eyes","Minty Spire (QoL Compilation)","Spire Arcade","StSLib"],"gold_per_floor":[399,413,413,429,448,448,472,472,485,500,514,526,526,538,557,659,659,659,675,687,702,366,379,379,379,379,379,411,436,336,347,365,464,464,364,383,433,433,450,516,587,410,310,310,321,351,351,377,387,387,387,416,29,29,29,29],"floor_reached":57,"language":"ENG","playtime":6959,"items_purged":["bronze:Strike","bronze:Strike","bronze:WhirlingStrike"],"score":1278,"play_id":"43f8ebc7-a456-46ff-98c8-7fb3b418998e","local_time":"20210130030445","is_ascension_mode":false,"campfire_choices":[{"floor":1.0,"key":"REST"},{"data":"bronze:BugBarrage","floor":6.0,"key":"SMITH"},{"data":"bronze:MaxOutput","floor":8.0,"key":"SMITH"},{"data":"bronze:ItsAFeature","floor":13.0,"key":"SMITH"},{"data":"bronze:MaxOutput","floor":18.0,"key":"SMITH"},{"data":"bronze:BugBarrage","floor":25.0,"key":"SMITH"},{"data":"bronze:FindAndReplace","floor":27.0,"key":"SMITH"},{"floor":30.0,"key":"RECALL"},{"data":"bronze:BurnOut","floor":35.0,"key":"SMITH"},{"data":"bronze:BugBarrage","floor":43,"key":"SMITH"},{"data":"bronze:Defend","floor":47,"key":"SMITH"},{"floor":54,"key":"REST"}],"circlet_count":0,"master_deck":["bronze:Defend","bronze:Defend","bronze:Defend+1","bronze:Replicate","bronze:BugBarrage+1","bronze:MaxOutput+1","bronze:ItsAFeature+1","bronze:BugBarrage+1","bronze:Branch","bronze:MaxOutput+1","bronze:Backtrace","bronze:FindAndReplace+1","bronze:Safeguard+1","bronze:Shell+1","bronze:BitShift+1","bronze:Backtrace","bronze:OilSpill","bronze:Format","bronze:BurnOut+1","bronze:WildBeam+1","bronze:ItsAFeature+1","bronze:Break","bronze:BugBarrage+1"],"relics":["bronze:BronzeCore","Old Coin","Anchor","SlaversCollar","HornCleat","Eternal Feather","Regal Pillow","downfall:HeartBlessingGreen","sneckomod:SneckoTalon","downfall:HeartBlessingRed","Torii","downfall:HeartBlessingBlue","Gremlin Horn","CeramicFish","Lantern","Shuriken"],"acts_visited":["Exordium","TheCity","TheBeyond","TheEnding"],"potions_floor_usage":[45,48,50,50,52,55,56],"damage_taken":[{"damage":0.0,"enemies":"Small Slimes","floor":2.0,"turns":3.0},{"damage":5.0,"enemies":"Cultist","floor":4.0,"turns":4.0},{"damage":7.0,"enemies":"Jaw Worm","floor":5.0,"turns":5.0},{"damage":0.0,"enemies":"Blue Slaver","floor":9.0,"turns":2.0},{"damage":6.0,"enemies":"Exordium Wildlife","floor":10.0,"turns":4.0},{"damage":0.0,"enemies":"3 Louse","floor":11.0,"turns":2.0},{"damage":1.0,"enemies":"Lots of Slimes","floor":12.0,"turns":4.0},{"damage":0.0,"enemies":"Blue Slaver","floor":14.0,"turns":2.0},{"damage":0.0,"enemies":"3 Louse","floor":15.0,"turns":2.0},{"damage":27.0,"enemies":"DF_ARCHETYPE_STREAMLINE","floor":16.0,"turns":5.0},{"damage":0.0,"enemies":"3 Byrds","floor":19.0,"turns":3.0},{"damage":0.0,"enemies":"Chosen","floor":20.0,"turns":3.0},{"damage":6.0,"enemies":"Centurion and Healer","floor":21.0,"turns":4.0},{"damage":0.0,"enemies":"downfall:FleeingMerchant","floor":22.0,"turns":4.0},{"damage":6.0,"enemies":"Shelled Parasite and Fungi","floor":23.0,"turns":4.0},{"damage":3.0,"enemies":"Gremlin Leader","floor":28.0,"turns":3.0},{"damage":0.0,"enemies":"Snake Plant","floor":31.0,"turns":4.0},{"damage":0.0,"enemies":"Centurion and Healer","floor":32.0,"turns":3.0},{"damage":1.0,"enemies":"IC_MUSHROOM_ARCHETYPE","floor":33.0,"turns":3.0},{"damage":0.0,"enemies":"Orb Walker","floor":36.0,"turns":2.0},{"damage":0,"enemies":"Orb Walker","floor":37,"turns":4},{"damage":0,"enemies":"3 Shapes","floor":39,"turns":2},{"damage":0,"enemies":"downfall:FleeingMerchant","floor":40,"turns":3},{"damage":1,"enemies":"Jaw Worm Horde","floor":45,"turns":2},{"damage":1,"enemies":"Nemesis","floor":46,"turns":5},{"damage":0,"enemies":"Giant Head","floor":48,"turns":4},{"damage":0,"enemies":"3 Darklings","floor":49,"turns":3},{"damage":0,"enemies":"WA_ARCHETYPE_DIVINITY","floor":50,"turns":4},{"damage":39,"enemies":"downfall:CharBossMerchant","floor":52,"turns":5},{"damage":2,"enemies":"downfall:NeowBoss","floor":55,"turns":8},{"damage":11,"enemies":"downfall:NeowBossFinal","floor":56,"turns":7}],"seed_played":"-1775430889288503130","potions_obtained":[{"floor":4.0,"key":"Fruit Juice"},{"floor":5.0,"key":"BlessingOfTheForge"},{"floor":10.0,"key":"BlessingOfTheForge"},{"floor":12.0,"key":"SneckoOil"},{"floor":16.0,"key":"sneckomod:MuddlingPotion"},{"floor":23.0,"key":"Dexterity Potion"},{"floor":28.0,"key":"Block Potion"},{"floor":32.0,"key":"LiquidBronze"},{"floor":33.0,"key":"SkillPotion"},{"floor":36,"key":"Energy Potion"},{"floor":44,"key":"FearPotion"},{"floor":44,"key":"bronze:BuildAFunctionPotion"},{"floor":45,"key":"hexamod:SoulburnPotion"},{"floor":48,"key":"ColorlessPotion"}],"is_trial":false,"path_per_floor":["R","M","?","M","M","R","T","R","M","M","M","M","R","M","M","B",null,"R","M","M","M","$","M","T","R","?","R","E","?","R","M","M","B",null,"R","M","?","?","M","$","T","$","R","?","M","E","R","E","M","B",null,"E","$","R","B","B",null],"character_chosen":"THE_AUTOMATON","items_purchased":["HornCleat","bronze:Break","bronze:BugBarrage","Shuriken","Guardian:BlockOnCardUsePotion","Block Potion"],"campfire_rested":2,"item_purchase_floors":[22,40,42,53,53,53],"current_hp_per_floor":[70,70,70,70,63,63,63,63,63,57,57,56,56,56,56,29,75,75,75,75,69,69,63,63,75,75,75,72,72,75,75,75,74,75,75,75,75,75,75,75,75,75,85,85,84,83,85,85,85,85,85,46,46,85,83,72],"gold":29,"neow_bonus":"ONE_RARE_RELIC","is_daily":false,"chose_seed":false,"campfire_upgraded":9,"win_rate":0.0,"timestamp":1611972285,"path_taken":["R","M","?","M","M","R","T","R","M","M","M","M","R","M","M","BOSS","R","M","M","M","$","M","T","R","?","R","E","?","R","M","M","BOSS","R","M","?","?","M","?","T","$","R","?","?","E","R","E","M","BOSS","E","$","R","BOSS","BOSS"],"items_purchased_type":["Relic","Card","Card","Relic","Potion","Potion"],"build_version":"2020-12-22","purchased_purges":3,"victory":true,"max_hp_per_floor":[70,70,70,75,75,75,75,75,75,75,75,75,75,75,75,75,75,75,75,75,75,75,75,75,75,75,75,75,75,75,75,75,75,75,75,75,75,75,75,75,75,75,85,85,85,85,85,85,85,85,85,85,85,85,85,85],"card_choices":[{"not_picked":["bronze:Shield","bronze:ChosenStrike"],"picked":"bronze:BugBarrage","floor":2.0},{"not_picked":["bronze:DelayedSlice","bronze:DelayedGuard"],"picked":"bronze:MaxOutput","floor":4.0},{"not_picked":["bronze:Branch","bronze:Invalidate"],"picked":"bronze:WhirlingStrike","floor":5.0},{"not_picked":["bronze:Deprecate","bronze:Verify"],"picked":"bronze:ItsAFeature","floor":9.0},{"not_picked":["bronze:DelayedGuard","bronze:Iterate"],"picked":"bronze:BugBarrage","floor":10.0},{"not_picked":["bronze:Terminator","bronze:Iterate"],"picked":"bronze:Branch","floor":11.0},{"not_picked":["bronze:InfiniteBeams","bronze:WhirlingStrike"],"picked":"bronze:MaxOutput","floor":12.0},{"not_picked":["bronze:Frontload","bronze:Deprecate","bronze:CutThrough"],"picked":"SKIP","floor":14.0},{"not_picked":["bronze:BuggyMess","bronze:HardenedForm"],"picked":"bronze:Backtrace","floor":15.0},{"not_picked":["bronze:HyperBeam","bronze:AlphaBuild"],"picked":"bronze:FindAndReplace","floor":16.0},{"not_picked":["bronze:Iterate","bronze:WildBeam"],"picked":"bronze:Safeguard+1","floor":19.0},{"not_picked":["bronze:ForLoop","bronze:BitShift"],"picked":"bronze:Shell+1","floor":20.0},{"not_picked":["bronze:Overheat","bronze:NullPointer+1"],"picked":"bronze:BitShift+1","floor":21.0},{"not_picked":["bronze:Shell+1","bronze:Invalidate+1","bronze:BuggyMess"],"picked":"SKIP","floor":22.0},{"not_picked":["bronze:Branch","bronze:Return","bronze:Iterate+1"],"picked":"SKIP","floor":23.0},{"not_picked":["bronze:Safeguard","bronze:WhirlingStrike+1"],"picked":"bronze:Format","floor":28.0},{"not_picked":["bronze:Iterate","bronze:WhirlingStrike","bronze:InfiniteBeams+1"],"picked":"SKIP","floor":31.0},{"not_picked":["bronze:Return","bronze:FineTuning","bronze:Deprecate"],"picked":"SKIP","floor":32.0},{"not_picked":["bronze:Break","bronze:Assembly"],"picked":"bronze:BurnOut","floor":33.0},{"not_picked":["bronze:CutThrough+1","bronze:Deprecate+1","bronze:Philosophize+1"],"picked":"SKIP","floor":36},{"not_picked":["bronze:Repulsor+1","bronze:OilSpill+1"],"picked":"bronze:WildBeam+1","floor":39},{"not_picked":["bronze:Return+1","bronze:Invalidate"],"picked":"bronze:ItsAFeature+1","floor":40},{"not_picked":["bronze:CutThrough","bronze:DelayedGuard+1","bronze:BugBarrage"],"picked":"SKIP","floor":45},{"not_picked":["bronze:NullPointer","bronze:WhirlingStrike","bronze:HyperBeam"],"picked":"SKIP","floor":46},{"not_picked":["bronze:DelayedGuard+1","bronze:Overheat+1","bronze:WhirlingStrike"],"picked":"SKIP","floor":48},{"not_picked":["bronze:DelayedSlice+1","bronze:CleanCode","bronze:Turbo"],"picked":"SKIP","floor":49},{"not_picked":["bronze:OilSpill+1","bronze:Separator","bronze:Repair"],"picked":"SKIP","floor":52}],"player_experience":1519720,"relics_obtained":[{"floor":7.0,"key":"Anchor"},{"floor":24.0,"key":"Eternal Feather"},{"floor":28.0,"key":"Regal Pillow"},{"floor":37,"key":"Torii"},{"floor":46,"key":"Gremlin Horn"},{"floor":48,"key":"CeramicFish"},{"floor":52,"key":"Lantern"}],"event_choices":[{"cards_removed":["bronze:Goto"],"damage_healed":0.0,"max_hp_gain":0.0,"max_hp_loss":0.0,"gold_gain":0.0,"event_name":"Bonfire Elementals","player_choice":"Offered Basic","floor":3.0,"gold_loss":0.0,"damage_taken":0.0},{"damage_healed":0.0,"max_hp_gain":0.0,"max_hp_loss":0.0,"gold_gain":0.0,"cards_transformed":["bronze:Strike","bronze:Strike"],"event_name":"Drug Dealer","player_choice":"Became Test Subject","floor":26.0,"gold_loss":0.0,"damage_taken":0.0,"cards_obtained":["bronze:Backtrace","bronze:OilSpill"]},{"cards_removed":["bronze:Defend"],"damage_healed":0,"gold_gain":0,"player_choice":"Removed Skill","damage_taken":0,"max_hp_gain":0,"max_hp_loss":0,"event_name":"Falling","floor":38,"gold_loss":0},{"damage_healed":0,"gold_gain":0,"player_choice":"Got Potions","damage_taken":0,"max_hp_gain":0,"max_hp_loss":0,"event_name":"Lab","floor":44,"gold_loss":0}],"is_beta":false,"boss_relics":[{"not_picked":["bronze:PlatinumCore","Pandora\u0027s Box"],"picked":"SlaversCollar"},{"not_picked":["Empty Cage","Snecko Eye"],"picked":"sneckomod:SneckoTalon"}],"items_purged_floors":[22,40,42],"is_endless":false,"potions_floor_spawned":[4,5,10,12,16,23,28,32,33,36,45,48,49],"ascension_level":0}}