{"host":"kpyf5rnb72uwap8k","time":1611993366,"event":{"mods":["AchievementEnabler","BaseMod","Colored Map","Colored Powertips","DeckTracker","Minty Spire (QoL Compilation)","Permanent Neow","Quick Restart","StSLib","SuperFastMode"],"gold_per_floor":[113,188,35,55,70,70,105,117,180,205,63,63,63,75,75,177,177],"floor_reached":16,"language":"KOR","playtime":335,"items_purged":["Strike_G"],"score":165,"play_id":"7cf08f3f-0454-4142-945f-3cd254e34874","local_time":"20210130165606","is_ascension_mode":true,"campfire_choices":[{"data":"Unload","floor":6,"key":"SMITH"},{"floor":8,"key":"REST"},{"floor":12,"key":"REST"},{"floor":15,"key":"REST"}],"circlet_count":0,"master_deck":["Strike_G","Strike_G","Strike_G","Strike_G","Defend_G","Defend_G","Defend_G","Defend_G","Defend_G","Survivor","Neutralize","Quick Slash","Eviscerate","Unload+1","PiercingWail","Eviscerate","Deflect","Flying Knee","Tactician"],"relics":["Ring of the Snake","MawBank","Lantern"],"acts_visited":["Exordium"],"potions_floor_usage":[16],"damage_taken":[{"damage":1,"enemies":"Cultist","floor":1,"turns":5},{"damage":0,"enemies":"2 Louse","floor":4,"turns":2},{"damage":10,"enemies":"Small Slimes","floor":5,"turns":2},{"damage":28,"enemies":"Gremlin Nob","floor":7,"turns":4},{"damage":3,"enemies":"Blue Slaver","floor":10,"turns":3},{"damage":13,"enemies":"3 Louse","floor":14,"turns":3},{"damage":53,"enemies":"The Guardian","floor":16,"turns":15}],"seed_played":"4126232478624907894","potions_obtained":[{"floor":4,"key":"BlessingOfTheForge"},{"floor":5,"key":"Dexterity Potion"}],"is_trial":false,"path_per_floor":["M","?","$","M","M","R","E","R","T","M","$","R","?","M","R","B"],"character_chosen":"THE_SILENT","items_purchased":["Unload","Deflect","Flying Knee"],"campfire_rested":3,"item_purchase_floors":[3,11,11],"current_hp_per_floor":[69,58,58,58,48,48,20,41,41,38,38,59,59,46,67,14,14],"gold":177,"neow_bonus":"THREE_CARDS","is_daily":false,"chose_seed":false,"campfire_upgraded":1,"win_rate":0.0,"timestamp":1611993366,"path_taken":["M","?","$","M","M","R","E","R","T","M","$","R","?","M","R","BOSS"],"items_purchased_type":["Card","Card","Card"],"build_version":"2020-12-22","purchased_purges":1,"victory":false,"max_hp_per_floor":[70,70,70,70,70,70,70,70,70,70,70,70,70,70,70,70,70],"card_choices":[{"not_picked":["Cloak And Dagger","Deadly Poison"],"picked":"Quick Slash","floor":0},{"not_picked":["Prepared","Acrobatics"],"picked":"Eviscerate","floor":1},{"not_picked":["Blur","Dagger Throw","Dodge and Roll"],"picked":"SKIP","floor":4},{"not_picked":["Sucker Punch","Blur","Bouncing Flask"],"picked":"SKIP","floor":5},{"not_picked":["Deflect","Bane"],"picked":"PiercingWail","floor":7},{"not_picked":["Flechettes","Dagger Throw"],"picked":"Eviscerate","floor":10},{"not_picked":["Setup","Poisoned Stab"],"picked":"Tactician","floor":14}],"player_experience":241569,"relics_obtained":[{"floor":7,"key":"MawBank"},{"floor":9,"key":"Lantern"}],"event_choices":[{"damage_healed":0,"gold_gain":75,"player_choice":"Gather Gold","damage_taken":11,"max_hp_gain":0,"max_hp_loss":0,"event_name":"World of Goop","floor":2,"gold_loss":0},{"damage_healed":0,"gold_gain":0,"player_choice":"Fled","damage_taken":0,"max_hp_gain":0,"max_hp_loss":0,"event_name":"Scrap Ooze","floor":13,"gold_loss":0}],"is_beta":false,"boss_relics":[],"items_purged_floors":[11],"is_endless":false,"potions_floor_spawned":[4,5],"killed_by":"The Guardian","ascension_level":2}}