{"host":"eebsr5bfap1y39p2","time":1611986675,"event":{"mods":["AchievementEnabler","BaseMod","Colored Map","Minty Spire (QoL Compilation)","StSLib","SuperFastMode"],"gold_per_floor":[109,109,109,135,222,269,281,323,335,347,370,399,438,450,462,576,588,620,632,743,767,798,810,822,834,846,872,904,927,956,1068,1080,1092,1092],"floor_reached":33,"language":"KOR","playtime":1204,"items_purged":[],"score":390,"play_id":"02aa3116-64ac-4f16-8fc0-2f3d9998eb05","local_time":"20210130010435","is_ascension_mode":true,"campfire_choices":[{"data":"Eruption","floor":7.0,"key":"SMITH"},{"floor":10.0,"key":"REST"},{"floor":15.0,"key":"REST"},{"floor":23.0,"key":"REST"},{"data":"Scrawl","floor":25.0,"key":"SMITH"},{"floor":32.0,"key":"REST"}],"circlet_count":0,"master_deck":["Strike_P","Strike_P","Strike_P","Defend_P","Defend_P","Defend_P","Eruption+1","Vigilance","FlurryOfBlows","ClearTheMind","Scrawl+1","FearNoEvil"],"relics":["PureWater","NeowsBlessing","MawBank","MealTicket","Vajra","Singing Bowl","Pantograph","SacredBark","Frozen Egg 2","CaptainsWheel","Meat on the Bone"],"acts_visited":["Exordium","TheCity"],"potions_floor_usage":[33,33,33,33,33,33],"damage_taken":[{"damage":0.0,"enemies":"2 Louse","floor":1.0,"turns":1.0},{"damage":0.0,"enemies":"Small Slimes","floor":4.0,"turns":1.0},{"damage":0.0,"enemies":"3 Sentries","floor":6.0,"turns":1.0},{"damage":43.0,"enemies":"Gremlin Nob","floor":8.0,"turns":4.0},{"damage":0.0,"enemies":"Cultist","floor":11.0,"turns":4.0},{"damage":0.0,"enemies":"Large Slime","floor":12.0,"turns":3.0},{"damage":27.0,"enemies":"3 Sentries","floor":13.0,"turns":7.0},{"damage":48.0,"enemies":"Hexaghost","floor":16.0,"turns":7.0},{"damage":1.0,"enemies":"3 Byrds","floor":18.0,"turns":4.0},{"damage":0.0,"enemies":"Spheric Guardian","floor":21.0,"turns":2.0},{"damage":42.0,"enemies":"Centurion and Healer","floor":22.0,"turns":5.0},{"damage":34.0,"enemies":"Cultist and Chosen","floor":27.0,"turns":7.0},{"damage":13.0,"enemies":"3 Cultists","floor":28.0,"turns":5.0},{"damage":16.0,"enemies":"Centurion and Healer","floor":29.0,"turns":3.0},{"damage":0.0,"enemies":"Snake Plant","floor":30.0,"turns":1.0},{"damage":3.0,"enemies":"Colosseum Slavers","floor":31.0,"turns":3.0},{"damage":28.0,"enemies":"Colosseum Nobs","floor":31.0,"turns":4.0},{"damage":139,"enemies":"Collector","floor":33,"turns":9}],"seed_played":"-175724151999533802","potions_obtained":[{"floor":8.0,"key":"StancePotion"},{"floor":11.0,"key":"DuplicationPotion"},{"floor":13.0,"key":"FairyPotion"},{"floor":16.0,"key":"SkillPotion"},{"floor":27.0,"key":"Ambrosia"},{"floor":28.0,"key":"Fire Potion"},{"floor":29.0,"key":"Swift Potion"},{"floor":31.0,"key":"EntropicBrew"}],"is_trial":false,"path_per_floor":["M","?","?","M","?","E","R","E","T","R","M","M","E","?","R","B",null,"M","?","?","M","M","R","?","R","T","M","M","M","M","?","R","B"],"character_chosen":"WATCHER","items_purchased":[],"campfire_rested":4,"item_purchase_floors":[],"current_hp_per_floor":[72,77,65,65,54,54,54,11,11,34,36,38,13,13,37,14,66,65,65,65,67,27,53,82,82,82,50,39,25,27,59,88,0,0],"gold":1092,"neow_bonus":"THREE_ENEMY_KILL","is_daily":false,"chose_seed":false,"campfire_upgraded":2,"win_rate":0.0,"timestamp":1611986675,"path_taken":["M","?","?","M","?","E","R","E","T","R","M","M","E","?","R","BOSS","M","?","?","M","M","R","?","R","T","?","M","M","M","?","R","BOSS"],"items_purchased_type":[],"build_version":"2020-12-22","purchased_purges":0,"victory":false,"max_hp_per_floor":[72,77,77,77,77,77,77,77,77,77,79,81,83,83,83,83,83,83,83,83,85,87,87,87,87,87,89,91,93,95,97,97,97,97],"card_choices":[{"not_picked":["Halt","JustLucky","FollowUp"],"picked":"SKIP","floor":1.0},{"not_picked":["SashWhip","Consecrate"],"picked":"FlurryOfBlows","floor":4.0},{"not_picked":["Judgement","Crescendo"],"picked":"ClearTheMind","floor":6.0},{"not_picked":["PathToVictory","Prostrate","Evaluate"],"picked":"SKIP","floor":8.0},{"not_picked":["Prostrate","Protect","WindmillStrike"],"picked":"Singing Bowl","floor":11.0},{"not_picked":["CrushJoints","Prostrate","CutThroughFate"],"picked":"Singing Bowl","floor":12.0},{"not_picked":["Crescendo","CrushJoints","CutThroughFate"],"picked":"Singing Bowl","floor":13.0},{"not_picked":["Establishment","Vault"],"picked":"Scrawl","floor":16.0},{"not_picked":["BattleHymn","Evaluate+1"],"picked":"FearNoEvil","floor":18.0},{"not_picked":["ThirdEye+1","EmptyFist","CutThroughFate"],"picked":"Singing Bowl","floor":21.0},{"not_picked":["CrushJoints+1","ClearTheMind","Vengeance"],"picked":"Singing Bowl","floor":22.0},{"not_picked":["SashWhip","Crescendo","Weave"],"picked":"Singing Bowl","floor":27.0},{"not_picked":["ClearTheMind","EmptyBody","SashWhip"],"picked":"Singing Bowl","floor":28.0},{"not_picked":["EmptyMind","CrushJoints","Worship"],"picked":"Singing Bowl","floor":29.0},{"not_picked":["Ragnarok","Crescendo","EmptyBody"],"picked":"Singing Bowl","floor":30.0},{"not_picked":["Perseverance","EmptyBody","Weave"],"picked":"Singing Bowl","floor":31.0}],"player_experience":385026,"relics_obtained":[{"floor":6.0,"key":"MealTicket"},{"floor":8.0,"key":"Vajra"},{"floor":9.0,"key":"Singing Bowl"},{"floor":13.0,"key":"Pantograph"},{"floor":26.0,"key":"Frozen Egg 2"},{"floor":31.0,"key":"CaptainsWheel"},{"floor":31.0,"key":"Meat on the Bone"}],"event_choices":[{"damage_healed":0.0,"max_hp_gain":5.0,"max_hp_loss":0.0,"gold_gain":0.0,"event_name":"Big Fish","player_choice":"Donut","floor":2.0,"gold_loss":0.0,"damage_taken":0.0},{"damage_healed":0.0,"max_hp_gain":0.0,"max_hp_loss":0.0,"gold_gain":0.0,"event_name":"Scrap Ooze","player_choice":"Success","floor":3.0,"gold_loss":0.0,"damage_taken":12.0,"relics_obtained":["MawBank"]},{"damage_healed":0.0,"max_hp_gain":0.0,"max_hp_loss":0.0,"gold_gain":75.0,"event_name":"World of Goop","player_choice":"Gather Gold","floor":5.0,"gold_loss":0.0,"damage_taken":11.0},{"cards_removed":["Defend_P"],"damage_healed":0.0,"max_hp_gain":0.0,"max_hp_loss":0.0,"gold_gain":0.0,"event_name":"Bonfire Elementals","player_choice":"Offered Basic","floor":14.0,"gold_loss":0.0,"damage_taken":0.0},{"cards_removed":["Strike_P"],"damage_healed":0.0,"max_hp_gain":0.0,"max_hp_loss":0.0,"gold_gain":0.0,"event_name":"Back to Basics","player_choice":"Elegance","floor":19.0,"gold_loss":0.0,"damage_taken":0.0},{"damage_healed":0.0,"max_hp_gain":0.0,"max_hp_loss":0.0,"gold_gain":99.0,"event_name":"Nest","player_choice":"Stole From Cult","floor":20.0,"gold_loss":0.0,"damage_taken":0.0},{"damage_healed":29.0,"max_hp_gain":0.0,"max_hp_loss":0.0,"gold_gain":0.0,"event_name":"The Library","player_choice":"Heal","floor":24.0,"gold_loss":0.0,"damage_taken":0.0},{"damage_healed":0.0,"max_hp_gain":0.0,"max_hp_loss":0.0,"gold_gain":0.0,"event_name":"Colosseum","player_choice":"Fight","floor":31.0,"gold_loss":0.0,"damage_taken":0.0},{"damage_healed":0.0,"max_hp_gain":0.0,"max_hp_loss":0.0,"gold_gain":0.0,"event_name":"Colosseum","player_choice":"Fought Nobs","floor":31.0,"gold_loss":0.0,"damage_taken":0.0}],"is_beta":false,"boss_relics":[{"not_picked":["Runic Pyramid","Ectoplasm"],"picked":"SacredBark"}],"items_purged_floors":[],"is_endless":false,"potions_floor_spawned":[8,11,13,16,27,28,29,31],"killed_by":"Collector","ascension_level":5}}