{"host":"guzbs4v8630hpsy6","time":1611994023,"event":{"mods":["2.2 Compatiblity","AchievementEnabler","BaseMod","Block Reminder","DeckTracker","Highlight Path","Minty Spire (QoL Compilation)","Relic Stats","SuperFastMode"],"gold_per_floor":[99,99,99,99,99,99,99,99,99,99,99,99,99,99,99,99,99,99,99,99,99,99,99,99,99,99,99,79,79,79,79,79,79,79,79,79,79,4,4,4,4,4,4,4,4,4,4,4,4,4,4,4,4,4,4,4],"floor_reached":55,"language":"ENG","playtime":1970,"items_purged":["Zap"],"score":1200,"play_id":"375d9676-a40b-4830-9243-a4353c5c853b","local_time":"20210130160703","is_ascension_mode":true,"campfire_choices":[{"data":"Ball Lightning","floor":6.0,"key":"SMITH"},{"data":"Defragment","floor":15.0,"key":"SMITH"},{"data":"Go for the Eyes","floor":23.0,"key":"SMITH"},{"data":"Chill","floor":25.0,"key":"SMITH"},{"floor":32.0,"key":"REST"},{"floor":41.0,"key":"REST"},{"floor":49.0,"key":"RECALL"},{"data":"Consume","floor":52.0,"key":"SMITH"}],"circlet_count":0,"master_deck":["AscendersBane","Defend_B+1","Defend_B+1","Defend_B","Defend_B","Dualcast","Ball Lightning+1","Glacier+1","Static Discharge","Ball Lightning","Chill+1","Defragment+1","Go for the Eyes+1","Echo Form","Seek+1","BootSequence+1","Conserve Battery+1","Go for the Eyes+1","Consume+1","Defragment+1","Hologram+1","Echo Form","Self Repair+1","Recycle+1","Turbo+1","Barrage+1","Coolheaded"],"relics":["Ectoplasm","Tiny Chest","Bag of Marbles","Akabeko","Astrolabe","Centennial Puzzle","Bronze Scales","StrikeDummy","Vajra","Nuclear Battery","CeramicFish","Omamori","PreservedInsect","Kunai","Anchor"],"acts_visited":["Exordium","TheCity","TheBeyond","TheEnding"],"potions_floor_usage":[],"damage_taken":[{"damage":0.0,"enemies":"2 Louse","floor":1.0,"turns":2.0},{"damage":0.0,"enemies":"Small Slimes","floor":4.0,"turns":4.0},{"damage":0.0,"enemies":"Jaw Worm","floor":5.0,"turns":3.0},{"damage":13.0,"enemies":"Gremlin Nob","floor":8.0,"turns":5.0},{"damage":2.0,"enemies":"Large Slime","floor":10.0,"turns":6.0},{"damage":10.0,"enemies":"Gremlin Gang","floor":11.0,"turns":3.0},{"damage":6.0,"enemies":"3 Sentries","floor":12.0,"turns":7.0},{"damage":0.0,"enemies":"3 Louse","floor":13.0,"turns":2.0},{"damage":3.0,"enemies":"Exordium Thugs","floor":14.0,"turns":3.0},{"damage":6.0,"enemies":"The Guardian","floor":16.0,"turns":9.0},{"damage":0.0,"enemies":"Chosen","floor":18.0,"turns":4.0},{"damage":0.0,"enemies":"Spheric Guardian","floor":21.0,"turns":5.0},{"damage":8.0,"enemies":"Gremlin Leader","floor":24.0,"turns":7.0},{"damage":28.0,"enemies":"Slavers","floor":27.0,"turns":6.0},{"damage":0.0,"enemies":"Cultist and Chosen","floor":29.0,"turns":5.0},{"damage":0.0,"enemies":"Book of Stabbing","floor":30.0,"turns":4.0},{"damage":10.0,"enemies":"Centurion and Healer","floor":31.0,"turns":5.0},{"damage":22.0,"enemies":"Collector","floor":33.0,"turns":10.0},{"damage":27.0,"enemies":"3 Shapes","floor":35.0,"turns":5.0},{"damage":3.0,"enemies":"3 Darklings","floor":36.0,"turns":5.0},{"damage":24.0,"enemies":"Jaw Worm Horde","floor":40.0,"turns":6.0},{"damage":6.0,"enemies":"Sphere and 2 Shapes","floor":44.0,"turns":6.0},{"damage":16.0,"enemies":"Nemesis","floor":45.0,"turns":9.0},{"damage":4.0,"enemies":"Spire Growth","floor":46.0,"turns":6.0},{"damage":7.0,"enemies":"Giant Head","floor":47.0,"turns":9.0},{"damage":6.0,"enemies":"Maw","floor":48.0,"turns":6.0},{"damage":36.0,"enemies":"Time Eater","floor":50.0,"turns":10.0},{"damage":60.0,"enemies":"Shield and Spear","floor":54.0,"turns":6.0},{"damage":9,"enemies":"The Heart","floor":55,"turns":2}],"seed_played":"-6935638831102007005","potions_obtained":[{"floor":8.0,"key":"DistilledChaos"},{"floor":10.0,"key":"Weak Potion"},{"floor":14.0,"key":"EssenceOfSteel"},{"floor":16.0,"key":"PowerPotion"},{"floor":28.0,"key":"LiquidMemories"},{"floor":31.0,"key":"SneckoOil"},{"floor":36.0,"key":"SpeedPotion"},{"floor":40.0,"key":"Explosive Potion"},{"floor":44.0,"key":"Fire Potion"}],"is_trial":false,"path_per_floor":["M","?","?","M","M","R","?","E","T","M","M","E","M","M","R","B",null,"M","?","$","M","T","R","E","R","T","E","?","M","E","M","R","B",null,"M","M","?","$","T","M","R","?","T","M","E","M","E","M","R","B",null,"R","$","E","B"],"character_chosen":"DEFECT","items_purchased":[],"campfire_rested":2,"item_purchase_floors":[],"current_hp_per_floor":[68,61,46,46,46,46,46,33,33,31,21,15,15,12,12,6,58,58,58,58,58,58,58,50,50,50,22,22,22,22,12,34,12,59,32,39,39,39,39,25,47,47,47,61,65,71,71,71,71,55,67,67,67,7,0,0],"gold":4,"neow_bonus":"BOSS_RELIC","is_daily":false,"chose_seed":false,"campfire_upgraded":5,"win_rate":0.0,"timestamp":1611994023,"path_taken":["M","?","?","?","M","R","?","E","T","?","M","E","M","M","R","BOSS","M","?","?","M","?","R","E","R","T","E","?","M","E","?","R","BOSS","M","M","?","$","?","?","R","?","T","M","E","M","E","M","R","BOSS","R","$","E","BOSS"],"items_purchased_type":[],"build_version":"2020-12-22","purchased_purges":1,"victory":false,"max_hp_per_floor":[75,75,75,75,75,75,75,75,75,75,75,75,75,75,75,75,75,75,75,75,75,75,75,75,75,75,75,75,75,75,75,75,75,75,75,75,75,75,75,75,75,71,71,71,71,71,71,71,71,71,71,71,71,71,71,71],"relic_stats":{"Centennial Puzzle":[45],"counters":[29,160],"Astrolabe":["Seek","BootSequence","Conserve Battery"],"Bronze Scales":[310],"CeramicFish":0,"Tiny Chest":2,"Ectoplasm":834,"PreservedInsect":207,"Kunai":[11],"obtain_stats":[{"Astrolabe":17,"CeramicFish":39,"Vajra":30,"PreservedInsect":45,"Omamori":43,"Akabeko":12,"Nuclear Battery":34,"Centennial Puzzle":22,"Anchor":54,"Bronze Scales":24,"Tiny Chest":8,"Ectoplasm":0,"Bag of Marbles":9,"Kunai":47,"Cracked Core":0,"StrikeDummy":27},{"Astrolabe":10,"CeramicFish":20,"Vajra":16,"PreservedInsect":23,"Omamori":21,"Akabeko":7,"Nuclear Battery":18,"Centennial Puzzle":12,"Anchor":28,"Bronze Scales":13,"Tiny Chest":4,"Ectoplasm":0,"Bag of Marbles":4,"Kunai":25,"Cracked Core":0,"StrikeDummy":14},{"Astrolabe":44,"CeramicFish":100,"Vajra":75,"PreservedInsect":121,"Omamori":106,"Akabeko":30,"Nuclear Battery":90,"Centennial Puzzle":53,"Anchor":158,"Bronze Scales":60,"Tiny Chest":14,"Ectoplasm":0,"Bag of Marbles":14,"Kunai":136,"Cracked Core":0,"StrikeDummy":66}]},"card_choices":[{"not_picked":["Rebound","Turbo"],"picked":"Ball Lightning","floor":1.0},{"not_picked":["Blizzard","Redo","Tempest"],"picked":"SKIP","floor":4.0},{"not_picked":["Streamline","Stack"],"picked":"Glacier","floor":5.0},{"not_picked":["Aggregate","Turbo"],"picked":"Static Discharge","floor":8.0},{"not_picked":["Coolheaded","Reprogram"],"picked":"Ball Lightning","floor":10.0},{"not_picked":["Streamline","Hologram"],"picked":"Chill","floor":11.0},{"not_picked":["Darkness","Hologram"],"picked":"Defragment","floor":12.0},{"not_picked":["Rainbow","Stack"],"picked":"Go for the Eyes","floor":13.0},{"not_picked":["Scrape","Blizzard","Hello World"],"picked":"SKIP","floor":14.0},{"not_picked":["Amplify","Creative AI"],"picked":"Echo Form","floor":16.0},{"not_picked":["Leap","Steam","Darkness"],"picked":"SKIP","floor":18.0},{"not_picked":["Leap","Conserve Battery","Sweeping Beam"],"picked":"SKIP","floor":21.0},{"not_picked":["Steam","Machine Learning"],"picked":"Go for the Eyes+1","floor":24.0},{"not_picked":["Cold Snap","Ball Lightning"],"picked":"Consume","floor":27.0},{"not_picked":["BootSequence+1","Gash+1"],"picked":"Defragment+1","floor":29.0},{"not_picked":["Force Field","Barrage","Ball Lightning"],"picked":"SKIP","floor":30.0},{"not_picked":["Ball Lightning","BootSequence"],"picked":"Hologram+1","floor":31.0},{"not_picked":["Rainbow","Amplify"],"picked":"Echo Form","floor":33.0},{"not_picked":["Redo+1","Coolheaded"],"picked":"Self Repair+1","floor":35.0},{"not_picked":["Sweeping Beam+1","Genetic Algorithm+1"],"picked":"Recycle+1","floor":36.0},{"not_picked":["Hologram","Redo","Steam+1"],"picked":"SKIP","floor":40.0},{"not_picked":["Stack+1","Steam+1","Blizzard"],"picked":"SKIP","floor":44.0},{"not_picked":["Gash","Conserve Battery+1","Beam Cell+1"],"picked":"SKIP","floor":45.0},{"not_picked":["Cold Snap","Doom and Gloom"],"picked":"Turbo+1","floor":46.0},{"not_picked":["Leap","Stack"],"picked":"Barrage+1","floor":47.0},{"not_picked":["Seek","Darkness"],"picked":"Coolheaded","floor":48.0},{"not_picked":["Fusion+1","Reprogram+1","Hyperbeam"],"picked":"SKIP","floor":54.0}],"player_experience":550258,"relics_obtained":[{"floor":8.0,"key":"Tiny Chest"},{"floor":9.0,"key":"Bag of Marbles"},{"floor":12.0,"key":"Akabeko"},{"floor":22.0,"key":"Centennial Puzzle"},{"floor":24.0,"key":"Bronze Scales"},{"floor":27.0,"key":"StrikeDummy"},{"floor":30.0,"key":"Vajra"},{"floor":39.0,"key":"CeramicFish"},{"floor":43.0,"key":"Omamori"},{"floor":45.0,"key":"PreservedInsect"},{"floor":47.0,"key":"Kunai"},{"floor":54.0,"key":"Anchor"}],"event_choices":[{"cards_removed":["Strike_B"],"damage_healed":0.0,"max_hp_gain":0.0,"max_hp_loss":0.0,"gold_gain":0.0,"event_name":"Golden Wing","player_choice":"Card Removal","floor":2.0,"gold_loss":0.0,"damage_taken":7.0},{"damage_healed":0.0,"max_hp_gain":0.0,"max_hp_loss":0.0,"gold_gain":0.0,"event_name":"Shining Light","player_choice":"Entered Light","floor":3.0,"gold_loss":0.0,"damage_taken":15.0,"cards_upgraded":["Defend_B","Defend_B"]},{"damage_healed":0.0,"max_hp_gain":0.0,"max_hp_loss":0.0,"gold_gain":0.0,"event_name":"Upgrade Shrine","player_choice":"Upgraded","floor":7.0,"gold_loss":0.0,"damage_taken":0.0,"cards_upgraded":["Glacier"]},{"damage_healed":0.0,"max_hp_gain":0.0,"max_hp_loss":0.0,"gold_gain":0.0,"event_name":"The Mausoleum","player_choice":"Ignored","floor":19.0,"gold_loss":0.0,"damage_taken":0.0},{"damage_healed":0.0,"max_hp_gain":0.0,"max_hp_loss":0.0,"gold_gain":0.0,"event_name":"The Woman in Blue","player_choice":"Bought 1 Potion","floor":28.0,"gold_loss":0.0,"damage_taken":0.0},{"damage_healed":0.0,"max_hp_gain":0.0,"max_hp_loss":0.0,"gold_gain":0.0,"event_name":"SensoryStone","player_choice":"Memory 1","floor":37.0,"gold_loss":0.0,"damage_taken":0.0},{"damage_healed":0.0,"max_hp_gain":0.0,"max_hp_loss":4.0,"gold_gain":0.0,"event_name":"Winding Halls","player_choice":"Max HP","floor":42.0,"gold_loss":0.0,"damage_taken":0.0}],"is_beta":false,"boss_relics":[{"not_picked":["Black Star","SacredBark"],"picked":"Astrolabe"},{"not_picked":["Coffee Dripper","Empty Cage"],"picked":"Nuclear Battery"}],"items_purged_floors":[38],"is_endless":false,"potions_floor_spawned":[8,10,11,14,16,18,24,31,36,40,44,48],"killed_by":"The Heart","ascension_level":11}}