{"host":"gaqyve1328ta0etl","time":1611969045,"event":{"mods":["BaseMod","Colored Map","Colored Powertips","Googly Eyes","Minty Spire (QoL Compilation)","Shop Mod","StSLib","SuperFastMode","The Hierophant","The Runesmith"],"gold_per_floor":[13,26,26,39,16,16,33,67,90,90,104,118,80,69,69,172,172,187,38,38,53,0,0,19,19,92,109,121,121,137,137,137],"floor_reached":31,"language":"ENG","playtime":814,"items_purged":["Strike_B"],"score":362,"play_id":"880ea67d-86d5-4e07-b9cd-1a5d2370ddb9","local_time":"20210129171045","is_ascension_mode":true,"campfire_choices":[{"data":"Zap","floor":6,"key":"SMITH"},{"floor":15,"key":"REST"},{"floor":23,"key":"REST"},{"floor":29,"key":"REST"}],"circlet_count":0,"master_deck":["AscendersBane","Strike_B","Strike_B","Defend_B","Defend_B","Defend_B","Defend_B","Zap+1","Dualcast","Gash","Sweeping Beam","Loop","Sweeping Beam","Coolheaded","Gash","Reboot","Melter","Gash"],"relics":["Cracked Core","Incense Burner","Strawberry","Juzu Bracelet","Bag of Marbles","Busted Crown","Frozen Egg 2"],"acts_visited":["Exordium","TheCity"],"potions_floor_usage":[8,16,31,31,31],"damage_taken":[{"damage":7,"enemies":"Jaw Worm","floor":1,"turns":4},{"damage":0,"enemies":"Cultist","floor":2,"turns":3},{"damage":5,"enemies":"2 Louse","floor":4,"turns":4},{"damage":0,"enemies":"Looter","floor":7,"turns":2},{"damage":15,"enemies":"Lagavulin","floor":8,"turns":6},{"damage":6,"enemies":"Exordium Wildlife","floor":11,"turns":2},{"damage":0,"enemies":"Large Slime","floor":12,"turns":4},{"damage":13,"enemies":"Exordium Thugs","floor":14,"turns":4},{"damage":22,"enemies":"Slime Boss","floor":16,"turns":12},{"damage":9,"enemies":"Spheric Guardian","floor":18,"turns":4},{"damage":7,"enemies":"3 Byrds","floor":21,"turns":4},{"damage":40,"enemies":"Snake Plant","floor":24,"turns":5},{"damage":12,"enemies":"Cultist and Chosen","floor":27,"turns":7},{"damage":0,"enemies":"Sentry and Sphere","floor":28,"turns":3},{"damage":6,"enemies":"3 Cultists","floor":30,"turns":5},{"damage":36,"enemies":"Gremlin Leader","floor":31,"turns":4}],"seed_played":"-4035297206842988192","potions_obtained":[{"floor":4,"key":"Strength Potion"},{"floor":7,"key":"EssenceOfDarkness"},{"floor":12,"key":"SteroidPotion"},{"floor":21,"key":"ColorlessPotion"},{"floor":27,"key":"ColorlessPotion"}],"is_trial":false,"path_per_floor":["M","M","?","M","$","R","M","E","T","?","M","M","?","M","R","B",null,"M","$","?","M","?","R","M","?","T","M","M","R","M","E"],"character_chosen":"DEFECT","items_purchased":["Sweeping Beam","Melter"],"campfire_rested":3,"item_purchase_floors":[5,19],"current_hp_per_floor":[61,61,61,56,56,56,56,48,48,23,17,17,17,4,28,6,63,54,54,54,47,47,71,31,25,25,13,13,37,31,0,0],"gold":137,"neow_bonus":"ONE_RARE_RELIC","is_daily":false,"chose_seed":false,"campfire_upgraded":1,"win_rate":0.0,"timestamp":1611969045,"path_taken":["M","M","?","M","?","R","M","E","T","?","M","M","?","M","R","BOSS","M","$","?","M","?","R","M","?","T","M","M","R","M","E"],"items_purchased_type":["Card","Card"],"build_version":"2020-12-22","purchased_purges":1,"victory":false,"max_hp_per_floor":[75,75,75,75,75,75,75,82,82,82,82,82,82,82,82,82,82,82,82,82,82,82,82,82,82,82,82,82,82,82,82,82],"card_choices":[{"not_picked":["Heatsinks","Compile Driver"],"picked":"Gash","floor":1},{"not_picked":["Reinforced Body","Force Field","Static Discharge"],"picked":"SKIP","floor":2},{"not_picked":["Redo","Steam","Go for the Eyes"],"picked":"SKIP","floor":4},{"not_picked":["Chaos","Leap","Ball Lightning"],"picked":"SKIP","floor":7},{"not_picked":["Leap","Reprogram"],"picked":"Loop","floor":8},{"not_picked":["Beam Cell","Echo Form"],"picked":"Sweeping Beam","floor":11},{"not_picked":["Recycle","Hologram"],"picked":"Coolheaded","floor":12},{"not_picked":["Barrage","Steam Power"],"picked":"Gash","floor":14},{"not_picked":["Buffer","Core Surge"],"picked":"Reboot","floor":16},{"not_picked":["Cold Snap+1"],"picked":"SKIP","floor":18},{"not_picked":["Heatsinks"],"picked":"SKIP","floor":21},{"not_picked":["Rebound+1"],"picked":"SKIP","floor":24},{"not_picked":["Steam"],"picked":"SKIP","floor":27},{"not_picked":["BootSequence+1"],"picked":"SKIP","floor":28},{"not_picked":["Sweeping Beam"],"picked":"SKIP","floor":30}],"player_experience":2056632,"relics_obtained":[{"floor":8,"key":"Strawberry"},{"floor":9,"key":"Juzu Bracelet"},{"floor":26,"key":"Frozen Egg 2"}],"event_choices":[{"cards_removed":["Strike_B"],"damage_healed":0,"gold_gain":0,"player_choice":"Purged","damage_taken":0,"max_hp_gain":0,"max_hp_loss":0,"event_name":"Purifier","floor":3,"gold_loss":0},{"damage_healed":0,"gold_gain":0,"player_choice":"Success","damage_taken":25,"relics_obtained":["Bag of Marbles"],"max_hp_gain":0,"max_hp_loss":0,"event_name":"Scrap Ooze","floor":10,"gold_loss":0},{"damage_healed":0,"gold_gain":0,"player_choice":"Left Gold","damage_taken":0,"max_hp_gain":0,"max_hp_loss":0,"event_name":"World of Goop","floor":13,"gold_loss":38},{"damage_healed":0,"gold_gain":0,"player_choice":"Read","damage_taken":0,"max_hp_gain":0,"max_hp_loss":0,"event_name":"The Library","floor":20,"gold_loss":0,"cards_obtained":["Gash"]},{"damage_healed":0,"gold_gain":0,"player_choice":"Paid Fearfully","damage_taken":0,"max_hp_gain":0,"max_hp_loss":0,"event_name":"Masked Bandits","floor":22,"gold_loss":53},{"damage_healed":0,"gold_gain":0,"player_choice":"","damage_taken":6,"max_hp_gain":0,"max_hp_loss":0,"event_name":"Knowing Skull","floor":25,"potions_obtained":[],"gold_loss":0,"cards_obtained":[]}],"is_beta":false,"boss_relics":[{"not_picked":["Fusion Hammer","Cursed Key"],"picked":"Busted Crown"}],"items_purged_floors":[19],"is_endless":false,"potions_floor_spawned":[4,7,12,21,27,30],"killed_by":"Gremlin Leader","ascension_level":10}}