{"host":"Tuck","time":1611986801,"event":{"mods":["BaseMod","Minty Spire (QoL Compilation)","StSLib"],"gold_per_floor":[119,119,135,135,150,179,179,190,190,218,218,252,281,323,323,432,432,455,483,40,68,89,126,161,57,81,6,49,77,114,149,149,253,253,269,269,269,298,348,392,418,447,473,507,507,507,341,360,360,360,360,360,285,328,328],"floor_reached":56,"language":"ENG","playtime":3417,"items_purged":["Strike_G+1","Strike_G+1"],"score":2041,"play_id":"7165dabd-09bc-4155-97e7-6f246fd285ef","local_time":"20210129230641","is_ascension_mode":true,"campfire_choices":[{"data":"Corpse Explosion","floor":7,"key":"SMITH"},{"data":"Crippling Poison","floor":15,"key":"SMITH"},{"data":"Envenom","floor":32,"key":"SMITH"},{"data":"Adrenaline","floor":46,"key":"SMITH"},{"floor":49,"key":"RECALL"},{"data":"Wraith Form v2","floor":52,"key":"SMITH"}],"circlet_count":0,"master_deck":["Defend_G","Defend_G+1","Defend_G","Defend_G+1","Defend_G+1","Survivor+1","Neutralize+1","PiercingWail+1","Deadly Poison","Noxious Fumes+1","Cloak And Dagger+1","Corpse Explosion+1","Flechettes+1","Backflip+1","Crippling Poison+1","Backflip+1","Envenom+1","Blade Dance+1","PiercingWail+1","Catalyst+1","Caltrops","Backflip+1","Cloak And Dagger+1","Well Laid Plans","Dodge and Roll","PiercingWail","Calculated Gamble","Poisoned Stab","Wraith Form v2+1","Blur+1","Backflip+1","Adrenaline+1","Acrobatics","Impatience","Leg Sweep+1","Noxious Fumes","Wraith Form v2"],"relics":["Ring of the Snake","NeowsBlessing","Anchor","CeramicFish","Mercury Hourglass","Potion Belt","Eternal Feather","Ice Cream","Black Star","TwistedFunnel","Incense Burner","InkBottle","Oddly Smooth Stone","Boot","Kunai","WingedGreaves","Darkstone Periapt","PreservedInsect","Tough Bandages","Lantern","Bronze Scales","Smiling Mask","Coffee Dripper","Ginger","Torii","Orichalcum","Question Card","Toy Ornithopter","Bag of Preparation","Shuriken","Bottled Lightning","OrangePellets","Letter Opener","Strawberry"],"acts_visited":["Exordium","TheCity","TheBeyond","TheEnding"],"potions_floor_usage":[12,33,55,55,55],"damage_taken":[{"damage":0,"enemies":"Small Slimes","floor":1,"turns":1},{"damage":0,"enemies":"Jaw Worm","floor":3,"turns":1},{"damage":0,"enemies":"Cultist","floor":5,"turns":1},{"damage":0,"enemies":"Gremlin Nob","floor":6,"turns":1},{"damage":0,"enemies":"Blue Slaver","floor":8,"turns":1},{"damage":0,"enemies":"3 Sentries","floor":10,"turns":2},{"damage":8,"enemies":"Lagavulin","floor":12,"turns":5},{"damage":0,"enemies":"Large Slime","floor":13,"turns":4},{"damage":0,"enemies":"Gremlin Nob","floor":14,"turns":4},{"damage":0,"enemies":"Slime Boss","floor":16,"turns":8},{"damage":2,"enemies":"Shell Parasite","floor":18,"turns":4},{"damage":0,"enemies":"Spheric Guardian","floor":19,"turns":5},{"damage":6,"enemies":"Centurion and Healer","floor":21,"turns":5},{"damage":0,"enemies":"Shelled Parasite and Fungi","floor":22,"turns":3},{"damage":0,"enemies":"Gremlin Leader","floor":23,"turns":5},{"damage":0,"enemies":"Slavers","floor":24,"turns":1},{"damage":0,"enemies":"Book of Stabbing","floor":28,"turns":4},{"damage":1,"enemies":"Sentry and Sphere","floor":29,"turns":3},{"damage":2,"enemies":"Slavers","floor":30,"turns":2},{"damage":0,"enemies":"Book of Stabbing","floor":31,"turns":3},{"damage":0,"enemies":"Automaton","floor":33,"turns":7},{"damage":0,"enemies":"3 Darklings","floor":35,"turns":2},{"damage":0,"enemies":"Orb Walker","floor":38,"turns":2},{"damage":0,"enemies":"Mind Bloom Boss Battle","floor":39,"turns":6},{"damage":0,"enemies":"Giant Head","floor":40,"turns":6},{"damage":0,"enemies":"Transient","floor":41,"turns":5},{"damage":0,"enemies":"Nemesis","floor":42,"turns":3},{"damage":0,"enemies":"Reptomancer","floor":44,"turns":4},{"damage":0,"enemies":"3 Darklings","floor":48,"turns":1},{"damage":0,"enemies":"Donu and Deca","floor":50,"turns":6},{"damage":0,"enemies":"Shield and Spear","floor":54,"turns":5},{"damage":3,"enemies":"The Heart","floor":55,"turns":7}],"seed_played":"-7976292387325983288","potions_obtained":[{"floor":1,"key":"Explosive Potion"},{"floor":5,"key":"Regen Potion"},{"floor":8,"key":"Weak Potion"},{"floor":12,"key":"Swift Potion"},{"floor":14,"key":"Weak Potion"},{"floor":16,"key":"SmokeBomb"},{"floor":18,"key":"Strength Potion"},{"floor":29,"key":"Ancient Potion"},{"floor":31,"key":"SkillPotion"},{"floor":38,"key":"ColorlessPotion"}],"is_trial":false,"path_per_floor":["M","?","M","?","M","E","R","M","T","E","?","E","M","E","R","B",null,"M","M","$","M","M","E","E","$","T","?","E","M","E","E","R","B",null,"M","?","?","M","?","E","M","E","T","E","?","R","$","M","R","B",null,"R","$","E","B",null],"character_chosen":"THE_SILENT","items_purchased":["TwistedFunnel","Incense Burner","Cloak And Dagger","Well Laid Plans","Acrobatics","Impatience","Noxious Fumes"],"campfire_rested":0,"item_purchase_floors":[20,20,25,25,47,47,53],"current_hp_per_floor":[70,75,75,75,75,75,75,75,75,75,72,64,64,64,75,75,75,73,73,73,67,67,67,67,67,67,67,67,66,64,64,75,75,75,75,75,71,71,71,71,71,71,71,71,71,71,71,71,71,71,71,71,71,78,77],"gold":328,"neow_bonus":"THREE_ENEMY_KILL","is_daily":false,"chose_seed":false,"campfire_upgraded":5,"win_rate":0.0,"timestamp":1611986801,"path_taken":["M","?","M","?","?","E","R","M","T","E","?","E","M","E","R","BOSS","M","M","$","M","M","E","E","$","T","?","E","M","E","E","R","BOSS","M","?","?","M","?","E","M","E","T","E","?","R","$","M","R","BOSS","R","$","E","BOSS"],"items_purchased_type":["Relic","Relic","Card","Card","Card","Card","Card"],"build_version":"2020-12-18","purchased_purges":2,"victory":true,"max_hp_per_floor":[70,75,75,75,75,75,75,75,75,75,75,75,75,75,75,75,75,75,75,75,75,75,75,75,75,75,75,75,75,75,75,75,75,75,75,75,71,71,71,71,71,71,71,71,71,71,71,71,71,71,71,71,71,78,78],"card_choices":[{"not_picked":["Dodge and Roll","Acrobatics"],"picked":"PiercingWail","floor":1},{"not_picked":["Outmaneuver","Cloak And Dagger"],"picked":"Deadly Poison","floor":3},{"not_picked":["Choke","Acrobatics"],"picked":"Cloak And Dagger","floor":5},{"not_picked":["Well Laid Plans","Dagger Throw"],"picked":"Corpse Explosion","floor":6},{"not_picked":["Escape Plan","Riddle With Holes"],"picked":"Flechettes","floor":8},{"not_picked":["Finisher","Outmaneuver","Bane"],"picked":"SKIP","floor":10},{"not_picked":["Calculated Gamble","Terror"],"picked":"Backflip","floor":12},{"not_picked":["Phantasmal Killer","Dash"],"picked":"Crippling Poison","floor":13},{"not_picked":["Prepared","Setup"],"picked":"Backflip","floor":14},{"not_picked":["Storm of Steel","Die Die Die"],"picked":"Envenom","floor":16},{"not_picked":["Bane","Dash+1"],"picked":"Blade Dance+1","floor":18},{"not_picked":["Terror","Blade Dance"],"picked":"PiercingWail+1","floor":19},{"not_picked":["Dagger Spray","Sucker Punch"],"picked":"Catalyst","floor":21},{"not_picked":["Finisher","Dash"],"picked":"Caltrops","floor":22},{"not_picked":["Quick Slash","Infinite Blades"],"picked":"Backflip+1","floor":23},{"not_picked":["Doppelganger","Flying Knee","Dagger Spray+1"],"picked":"SKIP","floor":24},{"not_picked":["Skewer","Distraction"],"picked":"Dodge and Roll","floor":28},{"not_picked":["Poisoned Stab+1","Backflip"],"picked":"PiercingWail","floor":29},{"not_picked":["Escape Plan","Deadly Poison"],"picked":"Calculated Gamble","floor":30},{"not_picked":["Setup","Deadly Poison"],"picked":"Poisoned Stab","floor":31},{"not_picked":["Glass Knife","After Image"],"picked":"Wraith Form v2","floor":33},{"not_picked":["Blade Dance+1","Dagger Throw+1","Cloak And Dagger+1"],"picked":"SKIP","floor":35},{"not_picked":["Prepared+1","Deflect"],"picked":"Blur+1","floor":38},{"not_picked":["Underhanded Strike+1","Outmaneuver+1"],"picked":"Backflip+1","floor":40},{"not_picked":["Dagger Spray","Flying Knee+1"],"picked":"Adrenaline","floor":41},{"not_picked":["Deadly Poison+1","Bane","Poisoned Stab+1"],"picked":"SKIP","floor":42},{"not_picked":["Deadly Poison","Distraction+1","Slice","All Out Attack+1"],"picked":"SKIP","floor":44},{"not_picked":["Cloak And Dagger","Blade Dance+1","Prepared+1"],"picked":"Leg Sweep+1","floor":48},{"not_picked":["Deadly Poison+1","A Thousand Cuts","Acrobatics"],"picked":"Wraith Form v2","floor":54}],"player_experience":2301562,"relics_obtained":[{"floor":6,"key":"Anchor"},{"floor":9,"key":"CeramicFish"},{"floor":10,"key":"Mercury Hourglass"},{"floor":12,"key":"Eternal Feather"},{"floor":14,"key":"Ice Cream"},{"floor":23,"key":"WingedGreaves"},{"floor":23,"key":"InkBottle"},{"floor":24,"key":"Oddly Smooth Stone"},{"floor":24,"key":"Boot"},{"floor":28,"key":"Darkstone Periapt"},{"floor":28,"key":"PreservedInsect"},{"floor":30,"key":"Tough Bandages"},{"floor":30,"key":"Lantern"},{"floor":31,"key":"Bronze Scales"},{"floor":31,"key":"Smiling Mask"},{"floor":39,"key":"Ginger"},{"floor":40,"key":"Torii"},{"floor":40,"key":"Orichalcum"},{"floor":42,"key":"Question Card"},{"floor":42,"key":"Toy Ornithopter"},{"floor":43,"key":"Bag of Preparation"},{"floor":44,"key":"Shuriken"},{"floor":44,"key":"Bottled Lightning"},{"floor":54,"key":"Letter Opener"},{"floor":54,"key":"Strawberry"}],"event_choices":[{"damage_healed":0,"gold_gain":0,"player_choice":"Donut","damage_taken":0,"max_hp_gain":5,"max_hp_loss":0,"event_name":"Big Fish","floor":2,"gold_loss":0},{"damage_healed":0,"gold_gain":0,"cards_transformed":["Strike_G"],"player_choice":"Transformed","damage_taken":0,"max_hp_gain":0,"max_hp_loss":0,"event_name":"Transmorgrifier","floor":4,"gold_loss":0,"cards_obtained":["Concentrate"]},{"damage_healed":0,"gold_gain":0,"player_choice":"Success","damage_taken":3,"relics_obtained":["Potion Belt"],"max_hp_gain":0,"max_hp_loss":0,"event_name":"Scrap Ooze","floor":11,"gold_loss":0},{"cards_removed":["Strike_G"],"damage_healed":0,"gold_gain":0,"player_choice":"Gave Gold","damage_taken":0,"max_hp_gain":0,"max_hp_loss":0,"event_name":"Beggar","floor":27,"gold_loss":75},{"damage_healed":0,"gold_gain":0,"player_choice":"Ignored","damage_taken":0,"max_hp_gain":0,"max_hp_loss":0,"event_name":"Tomb of Lord Red Mask","floor":36,"gold_loss":0},{"damage_healed":0,"gold_gain":0,"player_choice":"Max HP","damage_taken":0,"max_hp_gain":0,"max_hp_loss":4,"event_name":"Winding Halls","floor":37,"gold_loss":0},{"damage_healed":0,"gold_gain":0,"player_choice":"Fight","damage_taken":0,"max_hp_gain":0,"max_hp_loss":0,"event_name":"MindBloom","floor":39,"gold_loss":0},{"cards_removed":["Strike_G"],"damage_healed":0,"gold_gain":0,"player_choice":"Purged","damage_taken":0,"max_hp_gain":0,"max_hp_loss":0,"event_name":"Purifier","floor":45,"gold_loss":0}],"is_beta":true,"boss_relics":[{"not_picked":["Empty Cage","Busted Crown"],"picked":"Black Star"},{"not_picked":["Snecko Eye","Calling Bell"],"picked":"Coffee Dripper"}],"items_purged_floors":[47,53],"is_endless":false,"potions_floor_spawned":[1,5,8,12,14,16,18,23,28,29,30,31,38,42,48],"ascension_level":1}}