{"host":"2brg86hfzr3u5cix","time":1611996195,"event":{"mods":["AchievementEnabler","Ascension Unlocker","BaseMod","CapriCore","DeckTracker","Highlight Path","Keyboard Shortcuts","Minty Spire (QoL Compilation)","Permanent Neow","Relic Stats","StSLib","Twitch Utils","Uncapped","UnlockEverythingMod"],"gold_per_floor":[417,34,84,94,112,112,26,58,58,58,91,91,105,124,124,124,124],"floor_reached":16,"language":"KOR","playtime":480,"items_purged":["Parasite"],"score":220,"play_id":"91cb3bd5-d176-477a-8288-cb272f62788d","local_time":"20210130174315","is_ascension_mode":true,"campfire_choices":[{"data":"Eruption","floor":6.0,"key":"SMITH"},{"floor":12.0,"key":"REST"},{"floor":15.0,"key":"REST"}],"circlet_count":0,"master_deck":["AscendersBane","Strike_P","Strike_P","Strike_P","Strike_P","Defend_P","Defend_P","Defend_P","Defend_P","Eruption+1","Vigilance","TalkToTheHand","Chrysalis","Halt","PathToVictory","Pray","FollowUp","Scrawl"],"relics":["PureWater","Old Coin","Membership Card","MealTicket","TheAbacus","GoldenEye","Pear","Oddly Smooth Stone","Bag of Preparation"],"acts_visited":["Exordium"],"potions_floor_usage":[],"damage_taken":[{"damage":2.0,"enemies":"Cultist","floor":1.0,"turns":3.0},{"damage":5.0,"enemies":"2 Louse","floor":4.0,"turns":3.0},{"damage":2.0,"enemies":"Small Slimes","floor":5.0,"turns":5.0},{"damage":5.0,"enemies":"Lagavulin","floor":8.0,"turns":6.0},{"damage":56.0,"enemies":"Gremlin Nob","floor":11.0,"turns":4.0},{"damage":4.0,"enemies":"3 Louse","floor":13.0,"turns":3.0},{"damage":0.0,"enemies":"Large Slime","floor":14.0,"turns":2.0},{"damage":48,"enemies":"Slime Boss","floor":16,"turns":9}],"seed_played":"-1393115533715682228","potions_obtained":[{"floor":4.0,"key":"DuplicationPotion"},{"floor":8.0,"key":"AttackPotion"}],"is_trial":false,"path_per_floor":["M","$","?","M","M","R","$","E","T","?","E","R","M","M","R","B"],"character_chosen":"WATCHER","items_purchased":["Membership Card","Chrysalis","MealTicket","TheAbacus"],"campfire_rested":2,"item_purchase_floors":[2,2,2,7],"current_hp_per_floor":[59,59,53,48,46,46,61,56,66,61,5,27,23,23,45,0,0],"gold":124,"neow_bonus":"ONE_RARE_RELIC","is_daily":false,"chose_seed":false,"campfire_upgraded":1,"win_rate":0.0,"timestamp":1611996195,"path_taken":["M","$","?","M","M","R","?","E","T","?","E","R","M","M","R","BOSS"],"items_purchased_type":["Relic","Card","Relic","Relic"],"build_version":"2020-12-22","purchased_purges":1,"victory":false,"max_hp_per_floor":[68,65,65,65,65,65,65,65,75,75,75,75,75,75,75,75,75],"relic_stats":{"TheAbacus":[42],"counters":[8,35],"MealTicket":15,"Bag of Preparation":[6],"GoldenEye":[0],"obtain_stats":[{"TheAbacus":7,"Pear":9,"Oddly Smooth Stone":10,"MealTicket":2,"Bag of Preparation":11,"Membership Card":2,"PureWater":0,"GoldenEye":8,"Old Coin":0},{"TheAbacus":3,"Pear":4,"Oddly Smooth Stone":4,"MealTicket":1,"Bag of Preparation":5,"Membership Card":1,"PureWater":0,"GoldenEye":4,"Old Coin":0},{"TheAbacus":11,"Pear":17,"Oddly Smooth Stone":17,"MealTicket":3,"Bag of Preparation":21,"Membership Card":3,"PureWater":0,"GoldenEye":17,"Old Coin":0}]},"card_choices":[{"not_picked":["WindmillStrike","Halt"],"picked":"TalkToTheHand","floor":1.0},{"not_picked":["FlyingSleeves","FlurryOfBlows"],"picked":"Halt","floor":4.0},{"not_picked":["Consecrate","InnerPeace"],"picked":"PathToVictory","floor":5.0},{"not_picked":["Prostrate","PathToVictory"],"picked":"Pray","floor":8.0},{"not_picked":["WheelKick","Establishment","SpiritShield"],"picked":"SKIP","floor":11.0},{"not_picked":["SashWhip","WreathOfFlame","FollowUp"],"picked":"SKIP","floor":13.0},{"not_picked":["SashWhip","WreathOfFlame"],"picked":"FollowUp","floor":13.0},{"not_picked":["Crescendo","Wallop"],"picked":"Scrawl","floor":14.0}],"player_experience":343110,"relics_obtained":[{"floor":8.0,"key":"GoldenEye"},{"floor":9.0,"key":"Pear"},{"floor":11.0,"key":"Bag of Preparation"}],"event_choices":[{"damage_healed":0.0,"max_hp_gain":0.0,"max_hp_loss":0.0,"gold_gain":50.0,"event_name":"FaceTrader","player_choice":"Touch","floor":3.0,"gold_loss":0.0,"damage_taken":6.0},{"damage_healed":0.0,"max_hp_gain":0.0,"max_hp_loss":0.0,"gold_gain":0.0,"event_name":"Scrap Ooze","player_choice":"Success","floor":10.0,"gold_loss":0.0,"damage_taken":5.0,"relics_obtained":["Oddly Smooth Stone"]}],"is_beta":false,"boss_relics":[],"items_purged_floors":[2],"is_endless":false,"potions_floor_spawned":[4,8],"killed_by":"Slime Boss","ascension_level":20}}