{"host":"gop1q6bv59twswbp","time":1611976739,"event":{"mods":["AlwaysNeverKeys","BaseMod","Downfall","Hermit","Minty Spire (QoL Compilation)","Permanent Neow","Rare Cards Sparkle","StSLib","The Cursed"],"gold_per_floor":[99,249,249,269,285,300,300,300,400,428,328,328,360,119,130,231,231,31,48,60,90,90,75,151,151,183,195,208,208,346,346,360,456,456,456,556,569,580,597,597,671,719,733,226,238,265,283,295,312,312,312,345,66,66,66,66],"floor_reached":57,"language":"ENG","playtime":4699,"items_purged":["Regret","downfall:Bewildered","champ:Strike+1"],"score":1284,"play_id":"b0b5b204-d0a2-4f92-b91a-4375e8d5dc56","local_time":"20210129221859","is_ascension_mode":false,"campfire_choices":[{"data":"champ:Taunt","floor":1.0,"key":"SMITH"},{"data":"champ:FlashCut","floor":11.0,"key":"SMITH"},{"data":"Fasting2","floor":18.0,"key":"SMITH"},{"data":"champ:HoldFirm","floor":29.0,"key":"SMITH"},{"data":"champ:Lariat","floor":35,"key":"SMITH"},{"data":"hexamod:RetreatToShadows","floor":40,"key":"SMITH"},{"data":"champ:BerserkersShout","floor":54,"key":"SMITH"}],"circlet_count":0,"master_deck":["champ:Strike+1","champ:Strike+1","champ:Strike+1","champ:Defend+1","champ:Defend+1","champ:Defend+1","champ:Defend+1","champ:Execute","champ:Taunt+1","downfall:Icky","champ:FlashCut+1","champ:HoldFirm+1","champ:PreciseThrust","champ:BringItOn+1","champ:FlashCut","champ:DefensiveShout","Fasting2+1","Violence+1","Rebound","hexamod:NightmareStrike+1","champ:ArenaPreparation+1","Rupture+1","champ:Lariat+1","champ:TornadoPunch","RitualDagger","Panacea","champ:TripleStrike","Acrobatics+1","hexamod:RetreatToShadows+1","sneckomod:UnknownClassTHE_CHAMP_GRAY","champ:BerserkersShout+1","Slimebound:Nibble"],"relics":["Velvet Choker","Dead Branch","StoneCalendar","downfall:ShatteredFragment","champ:GladiatorsBookOfMartialProwess","downfall:HeartBlessingBlue","Bottled Lightning","PrismaticShard","bronze:MakeshiftBattery","downfall:HeartBlessingRed","downfall:HeartBlessingGreen","Red Mask","sneckomod:BabySnecko","White Beast Statue","hexamod:Sixitude","Busted Crown","Toy Ornithopter","Bottled Flame","Incense Burner","War Paint","CaptainsWheel","Ancient Tea Set","Pear","Pen Nib"],"acts_visited":["Exordium","TheCity","TheBeyond","TheEnding"],"potions_floor_usage":[36,36,39,50,55],"damage_taken":[{"damage":10.0,"enemies":"2 Louse","floor":4.0,"turns":4.0},{"damage":12.0,"enemies":"Small Slimes","floor":5.0,"turns":3.0},{"damage":14.0,"enemies":"Jaw Worm","floor":6.0,"turns":4.0},{"damage":3.0,"enemies":"Gremlin Nob","floor":10.0,"turns":3.0},{"damage":5.0,"enemies":"Lagavulin","floor":13.0,"turns":6.0},{"damage":22.0,"enemies":"downfall:FleeingMerchant","floor":14.0,"turns":4.0},{"damage":10.0,"enemies":"3 Louse","floor":15.0,"turns":2.0},{"damage":1.0,"enemies":"SI_SHIV_ARCHETYPE","floor":16.0,"turns":9.0},{"damage":0.0,"enemies":"Spheric Guardian","floor":19.0,"turns":2.0},{"damage":0.0,"enemies":"Snake Plant","floor":20.0,"turns":3.0},{"damage":0.0,"enemies":"Masked Bandits","floor":21.0,"turns":2.0},{"damage":10.0,"enemies":"downfall:FleeingMerchant","floor":23.0,"turns":4.0},{"damage":11.0,"enemies":"Slavers","floor":26.0,"turns":5.0},{"damage":0.0,"enemies":"Shelled Parasite and Fungi","floor":27.0,"turns":4.0},{"damage":15.0,"enemies":"Centurion and Healer","floor":28.0,"turns":4.0},{"damage":10,"enemies":"downfall:FleeingMerchant","floor":30,"turns":4},{"damage":0,"enemies":"Snecko","floor":32,"turns":3},{"damage":48,"enemies":"IC_MUSHROOM_ARCHETYPE","floor":33,"turns":4},{"damage":55,"enemies":"downfall:LadyInBlue","floor":36,"turns":6},{"damage":25,"enemies":"3 Darklings","floor":37,"turns":4},{"damage":13,"enemies":"Orb Walker","floor":38,"turns":3},{"damage":28,"enemies":"Sphere and 2 Shapes","floor":39,"turns":4},{"damage":21,"enemies":"2 Orb Walkers","floor":42,"turns":4},{"damage":48,"enemies":"3 Darklings","floor":43,"turns":5},{"damage":29,"enemies":"Maw","floor":45,"turns":5},{"damage":16,"enemies":"4 Shapes","floor":47,"turns":5},{"damage":6,"enemies":"3 Darklings","floor":48,"turns":4},{"damage":20,"enemies":"Sphere and 2 Shapes","floor":49,"turns":3},{"damage":81,"enemies":"WA_ARCHETYPE_DIVINITY","floor":50,"turns":7},{"damage":55,"enemies":"downfall:CharBossMerchant","floor":52,"turns":8},{"damage":158,"enemies":"downfall:NeowBoss","floor":55,"turns":8},{"damage":44,"enemies":"downfall:NeowBossFinal","floor":56,"turns":6}],"seed_played":"-3562116279342210415","potions_obtained":[{"floor":6.0,"key":"GamblersBrew"},{"floor":13.0,"key":"LiquidMemories"},{"floor":16.0,"key":"Weak Potion"},{"floor":20.0,"key":"ColorlessPotion"},{"floor":28.0,"key":"AttackPotion"},{"floor":36,"key":"LiquidMemories"},{"floor":36,"key":"Fruit Juice"},{"floor":36,"key":"AttackPotion"},{"floor":39,"key":"Fruit Juice"},{"floor":42,"key":"Dexterity Potion"},{"floor":52,"key":"sneckomod:MuddlingPotion"}],"is_trial":false,"path_per_floor":["R","?","?","M","M","M","T","?","?","E","R","?","E","$","M","B",null,"R","M","M","?","?","$","T","?","E","M","M","R","$","?","M","B",null,"R","?","M","M","M","R","T","?","M","$","M","T","M","M","M","B",null,"E","$","R","B","B",null],"character_chosen":"THE_CHAMP","items_purchased":["PrismaticShard","champ:Lariat","champ:TornadoPunch","War Paint","champ:BerserkersShout","CaptainsWheel","Pen Nib"],"campfire_rested":0,"item_purchase_floors":[14,30,30,44,44,44,53],"current_hp_per_floor":[90,90,90,80,78,74,74,47,47,44,54,54,49,47,47,46,100,100,100,100,100,100,100,100,100,99,99,99,99,99,93,93,85,100,100,105,105,102,104,104,104,98,90,90,91,91,95,104,109,110,110,120,120,120,120,120],"gold":66,"neow_bonus":"BOSS_RELIC","is_daily":false,"chose_seed":false,"campfire_upgraded":7,"win_rate":0.0,"timestamp":1611976739,"path_taken":["R","?","?","M","M","M","T","?","?","E","R","?","E","?","M","BOSS","R","M","M","?","?","$","T","?","E","?","M","R","?","?","M","BOSS","R","?","?","M","M","R","T","?","M","$","M","?","M","M","M","BOSS","E","$","R","BOSS","BOSS"],"items_purchased_type":["Relic","Card","Card","Relic","Card","Relic","Relic"],"build_version":"2020-12-22","purchased_purges":3,"victory":true,"max_hp_per_floor":[90,90,90,90,90,90,90,90,90,90,100,100,100,100,100,100,100,100,100,100,100,100,100,100,100,100,100,100,100,100,100,100,100,100,100,105,105,105,110,110,110,110,110,110,110,110,110,110,110,110,110,120,120,120,120,120],"card_choices":[{"not_picked":["champ:Haymaker","champ:FanOfKnives"],"picked":"champ:FlashCut","floor":4.0},{"not_picked":["champ:StanceDance","champ:BladeFlurry"],"picked":"champ:HoldFirm","floor":5.0},{"not_picked":["champ:HeartStrike","champ:CrownThrow"],"picked":"champ:PreciseThrust","floor":6.0},{"not_picked":["champ:FocusedBerserking","champ:Backstep"],"picked":"champ:BringItOn","floor":10.0},{"not_picked":["champ:Circumvent","champ:TornadoPunch"],"picked":"champ:FlashCut","floor":13.0},{"not_picked":["champ:HeartStrike","champ:FancyFootwork"],"picked":"champ:DefensiveShout","floor":14.0},{"not_picked":["champ:SetATrap","Guardian:Planning"],"picked":"Fasting2","floor":15.0},{"not_picked":["hermit:Reprieve","Judgement"],"picked":"Violence","floor":16.0},{"not_picked":["Cold Snap+1","sneckomod:QuickMove"],"picked":"Rebound","floor":19.0},{"not_picked":["Setup","TheCursedMod:Torture+1"],"picked":"hexamod:NightmareStrike+1","floor":20.0},{"not_picked":["Finisher+1","sneckomod:WideSting","Guardian:Recover+1"],"picked":"SKIP","floor":23.0},{"not_picked":["hermit:Desperado","hermit:FatalDesire","Iron Wave"],"picked":"SKIP","floor":26.0},{"not_picked":["hexamod:HeatMetal","champ:Shatter"],"picked":"champ:ArenaPreparation+1","floor":27.0},{"not_picked":["FollowUp","hermit:Maintenance","TheCursedMod:Hemoplague"],"picked":"SKIP","floor":28.0},{"not_picked":["Slimebound:FinishingTackle","champ:HeartStrike"],"picked":"Rupture+1","floor":30},{"not_picked":["hermit:HighCaliber","Slimebound:SplitBruiser"],"picked":"Panacea","floor":32},{"not_picked":["champ:ShieldThrow","TheCursedMod:CursedRelics"],"picked":"champ:TripleStrike","floor":33},{"not_picked":[],"picked":"Acrobatics+1","floor":36},{"not_picked":["champ:PerfectedStrike+1"],"picked":"SKIP","floor":37},{"not_picked":["Second Wind+1"],"picked":"SKIP","floor":38},{"not_picked":[],"picked":"hexamod:RetreatToShadows","floor":39},{"not_picked":[],"picked":"sneckomod:UnknownClassTHE_CHAMP_GRAY","floor":43},{"not_picked":[],"picked":"Slimebound:Nibble","floor":45},{"not_picked":["Deadly Poison"],"picked":"SKIP","floor":47},{"not_picked":["Guardian:Planning+1"],"picked":"SKIP","floor":48},{"not_picked":["Gash+1"],"picked":"SKIP","floor":49},{"not_picked":["Slimebound:SlimeSpikes+1"],"picked":"SKIP","floor":52}],"player_experience":860203,"relics_obtained":[{"floor":7.0,"key":"StoneCalendar"},{"floor":10.0,"key":"champ:GladiatorsBookOfMartialProwess"},{"floor":13.0,"key":"Bottled Lightning"},{"floor":21.0,"key":"Red Mask"},{"floor":24.0,"key":"White Beast Statue"},{"floor":26.0,"key":"hexamod:Sixitude"},{"floor":36,"key":"Toy Ornithopter"},{"floor":41,"key":"Bottled Flame"},{"floor":42,"key":"Incense Burner"},{"floor":46,"key":"Ancient Tea Set"},{"floor":52,"key":"Pear"}],"event_choices":[{"damage_healed":0.0,"max_hp_gain":0.0,"max_hp_loss":0.0,"gold_gain":0.0,"event_name":"Big Fish","player_choice":"Box","floor":3.0,"gold_loss":0.0,"damage_taken":0.0,"relics_obtained":["Dead Branch"],"cards_obtained":["Regret"]},{"damage_healed":0.0,"max_hp_gain":0.0,"max_hp_loss":0.0,"gold_gain":0.0,"event_name":"Masked Bandits","player_choice":"Fought Bandits","floor":21.0,"gold_loss":0.0,"damage_taken":0.0},{"damage_healed":0,"gold_gain":0,"player_choice":"Fight","damage_taken":0,"max_hp_gain":0,"max_hp_loss":0,"event_name":"Mysterious Sphere","floor":42,"gold_loss":0}],"is_beta":false,"boss_relics":[{"not_picked":["Sozu","Runic Pyramid"],"picked":"bronze:MakeshiftBattery"},{"not_picked":["Coffee Dripper","SlaversCollar"],"picked":"Busted Crown"}],"items_purged_floors":[14,30,53],"is_endless":false,"potions_floor_spawned":[6,13,16,20,26,27,28,30,32,33,36,37,38,39,42,43,45,47,48,49,52],"ascension_level":0}}