{"host":"usru02jcpe2a942d","time":1611991823,"event":{"mods":["Act Like it!","BaseMod","Colored Powertips","GifTheSpireLib","Highlight Path","Hubris","Infinite Spire","Jedi Mod","Minty Spire (QoL Compilation)","MostiFishMod","Pale of the Ancients","Quick Restart","Relic Stats","RumiaBox-露米娅的神秘盒子","StSLib","The Servant 0.9.4","noobMod","【遗物卡牌】REMEMod","篝火指南"],"gold_per_floor":[116,41,41,41,41,59,76,93,119,139,154,166,166,11,11,114,114,129,141,157,157,171,171,171,171,218,237,42,59,75,175,175,271,271,289,289,289,305,305,305,315,28,55,72,72,90,90,190,40,40,58,69,69,94,94,107,107,189,189,189],"floor_reached":61,"language":"ZHS","playtime":2479,"items_purged":["Defend_S","Strike_S","TimeWarp","SoulSculpture"],"score":1394,"play_id":"500f16ae-874c-491b-91d9-e01888e5eafe","local_time":"20210130153023","is_ascension_mode":false,"campfire_choices":[{"data":"Shuttle","floor":13,"key":"SMITH"},{"data":"REME_Scribble","floor":15,"key":"SMITH"},{"data":"InstantArmor","floor":23,"key":"SMITH"},{"data":"TheWorld","floor":32,"key":"SMITH"},{"data":"Madness","floor":40,"key":"SMITH"},{"data":"Madness","floor":45,"key":"SMITH"},{"data":"Shuttle","floor":47,"key":"SMITH"},{"data":"Duplication","floor":55,"key":"SMITH"},{"data":"Initiator","floor":57,"key":"SMITH"}],"circlet_count":0,"master_deck":["REME_Scribble+1","Defy","TimeWarp","TimeWarp","Shuttle+1","TimeWarp","TheWorld+1","Ricochet+1","ShatteredReality+1","InstantArmor+1","Ricochet+1","SilverBlades","Unruled","Dilation+1","SoulSculpture","LightFlow","Initiator+1","FlawlessForm","Duplication+1","BottledTime","Madness+1","Madness+1","ShatteredReality","Shuttle+1","BottledTime","InstantArmor+1"],"relics":["Uniform","DaveBox","ice","REME_ComplimentaryCards","DaCapo","SynthV:TestCard","Letter Opener","White Beast Statue","REME_PuzzleBoxRelic","MostiFishMod:AdaptiveDefenses","Busted Crown","hubris:Towel","Smiling Mask","Lee\u0027s Waffle","ChaoDraw","SumBook","RhineCircuit","ImprovedEquipment","SynthV","Juzu Bracelet","Toolbox","paleoftheancients:Timepiece","Anchor","Bronze Scales","paleoftheancients:SoulOfTheShowman","Bag of Preparation","InkBottle"],"acts_visited":["Exordium","TheCity","TheBeyond","paleoftheancients:PaleOfTheAncients"],"potions_floor_usage":[30,31,31,31,51,51,60],"damage_taken":[{"damage":9.0,"enemies":"Small Slimes","floor":1.0,"turns":5.0},{"damage":0.0,"enemies":"Jaw Worm","floor":6.0,"turns":5.0},{"damage":0,"enemies":"Cultist","floor":7,"turns":4},{"damage":8,"enemies":"Lots of Slimes","floor":8,"turns":4},{"damage":1,"enemies":"Blue Slaver","floor":10,"turns":3},{"damage":7,"enemies":"Looter","floor":11,"turns":3},{"damage":8,"enemies":"Large Slime","floor":12,"turns":4},{"damage":51,"enemies":"Slime Boss","floor":16,"turns":7},{"damage":38,"enemies":"3 Byrds","floor":18,"turns":5},{"damage":18,"enemies":"Shell Parasite","floor":19,"turns":5},{"damage":16,"enemies":"Centurion and Healer","floor":20,"turns":4},{"damage":5,"enemies":"Snecko","floor":22,"turns":4},{"damage":0,"enemies":"Cultist and Chosen","floor":27,"turns":3},{"damage":11,"enemies":"3 Cultists","floor":29,"turns":5},{"damage":0,"enemies":"Centurion and Healer","floor":30,"turns":2},{"damage":0,"enemies":"Colosseum Slavers","floor":31,"turns":1},{"damage":13,"enemies":"Colosseum Nobs","floor":31,"turns":3},{"damage":12,"enemies":"Automaton","floor":33,"turns":6},{"damage":8,"enemies":"3 Shapes","floor":35,"turns":4},{"damage":32,"enemies":"3 Darklings","floor":38,"turns":3},{"damage":28,"enemies":"Jaw Worm Horde","floor":41,"turns":3},{"damage":0,"enemies":"Spire Growth","floor":44,"turns":2},{"damage":0,"enemies":"Maw","floor":46,"turns":4},{"damage":33,"enemies":"Donu and Deca","floor":50,"turns":5},{"damage":66,"enemies":"Donu and Deca","floor":51,"turns":7},{"damage":0,"enemies":"Donu and Deca","floor":52,"turns":2},{"damage":0,"enemies":"Donu and Deca","floor":56,"turns":4},{"damage":316,"enemies":"paleoftheancients:N","floor":60,"turns":9}],"seed_played":"5426675692080548858","potions_obtained":[{"floor":6.0,"key":"BlessingOfTheForge"},{"floor":7,"key":"Fire Potion"},{"floor":8,"key":"DistilledChaos"},{"floor":12,"key":"jedi:wingpotion"},{"floor":16,"key":"ColorlessPotion"},{"floor":18,"key":"Dexterity Potion"},{"floor":30,"key":"Fruit Juice"},{"floor":31,"key":"LiquidMemories"},{"floor":33,"key":"PowerPotion"},{"floor":35,"key":"SkillPotion"},{"floor":38,"key":"jedi:holywater"},{"floor":51,"key":"Fire Potion"},{"floor":52,"key":"DuplicationPotion"}],"is_trial":false,"path_per_floor":["M","$","?","T","?","M","M","M","T","M","M","M","R","$","R","B",null,"M","M","M","?","M","R","?","?","T","M","$","M","M","?","R","B",null,"M","?","AVR","M","?","R","M","$","T","M","R","M","R","?","R","B","M","M","?","T","R","M","R","T","?","B",null],"character_chosen":"THE_SERVANT","items_purchased":["MostiFishMod:AdaptiveDefenses","Lee\u0027s Waffle","SynthV","Shuttle","Toolbox"],"campfire_rested":0,"item_purchase_floors":[14,28,42,42,49],"current_hp_per_floor":[64,64,61,61,61,63,65,59,59,60,55,59,59,59,59,19,88,53,38,34,34,38,38,38,38,38,38,104,99,104,102,102,104,118,113,113,113,92,76,76,63,63,63,64,64,70,70,70,70,136,139,146,108,108,108,153,153,153,153,120],"gold":189,"neow_bonus":"TEN_PERCENT_HP_BONUS","is_daily":false,"chose_seed":false,"campfire_upgraded":9,"win_rate":0.0,"timestamp":1611991823,"path_taken":["M","$","?","?","?","M","M","M","T","?","?","?","R","$","R","BOSS","M","M","M","?","M","R","?","?","T","?","?","M","M","?","R","BOSS","M","?","AVR","M","?","R","?","?","T","M","R","M","R","?","R","BOSS","M","M","?","T","R","M","R","T","?","BOSS"],"items_purchased_type":["Relic","Relic","Relic","Card","Relic"],"build_version":"2020-12-22","purchased_purges":4,"victory":true,"max_hp_per_floor":[73,73,73,73,73,75,77,79,79,81,83,85,85,85,85,88,88,91,94,97,97,97,97,97,97,97,97,104,107,112,115,115,118,118,121,121,121,124,124,124,127,127,127,127,127,133,133,133,133,136,140,147,147,147,147,168,168,168,168,198],"relic_stats":{"Lee\u0027s Waffle":66,"Busted Crown":96,"counters":[28,115],"Bronze Scales":[105],"Juzu Bracelet":2,"Bag of Preparation":[4],"Letter Opener":[644],"Smiling Mask":125,"obtain_stats":[{"DaveBox":0,"SynthV":42,"MostiFishMod:AdaptiveDefenses":14,"Uniform":0,"ice":0,"Juzu Bracelet":43,"Bag of Preparation":54,"Smiling Mask":26,"Toolbox":49,"DaCapo":0,"InkBottle":58,"SumBook":31,"Lee\u0027s Waffle":28,"ImprovedEquipment":37,"Letter Opener":3,"hubris:Towel":24,"White Beast Statue":4,"ChaoDraw":31,"RhineCircuit":34,"paleoftheancients:Timepiece":50,"Anchor":50,"SynthV:TestCard":1,"Busted Crown":17,"Bronze Scales":50,"REME_PuzzleBoxRelic":9,"paleoftheancients:SoulOfTheShowman":51,"REME_ComplimentaryCards":0},{"DaveBox":0,"SynthV":21,"MostiFishMod:AdaptiveDefenses":7,"Uniform":0,"ice":0,"Juzu Bracelet":21,"Bag of Preparation":26,"Smiling Mask":12,"Toolbox":23,"DaCapo":0,"InkBottle":27,"SumBook":17,"Lee\u0027s Waffle":13,"ImprovedEquipment":19,"Letter Opener":1,"hubris:Towel":12,"White Beast Statue":1,"ChaoDraw":17,"RhineCircuit":18,"paleoftheancients:Timepiece":24,"Anchor":24,"SynthV:TestCard":1,"Busted Crown":8,"Bronze Scales":24,"REME_PuzzleBoxRelic":4,"paleoftheancients:SoulOfTheShowman":25,"REME_ComplimentaryCards":0},{"DaveBox":0,"SynthV":82,"MostiFishMod:AdaptiveDefenses":28,"Uniform":0,"ice":0,"Juzu Bracelet":82,"Bag of Preparation":102,"Smiling Mask":53,"Toolbox":88,"DaCapo":0,"InkBottle":106,"SumBook":67,"Lee\u0027s Waffle":56,"ImprovedEquipment":76,"Letter Opener":5,"hubris:Towel":53,"White Beast Statue":5,"ChaoDraw":67,"RhineCircuit":73,"paleoftheancients:Timepiece":93,"Anchor":93,"SynthV:TestCard":5,"Busted Crown":35,"Bronze Scales":93,"REME_PuzzleBoxRelic":18,"paleoftheancients:SoulOfTheShowman":100,"REME_ComplimentaryCards":0}],"InkBottle":[10]},"card_choices":[{"not_picked":["Starlight","Revamp"],"picked":"Defy","floor":1.0},{"not_picked":["Alleviate","Rewind","Defy","Barrier"],"picked":"TimeWarp","floor":6.0},{"not_picked":["Revamp","Advance","Potential","DoubleEdge"],"picked":"TimeWarp","floor":7},{"not_picked":["Rearm","Foresight","Snipe","DualDimension"],"picked":"TimeWarp","floor":8},{"not_picked":["Spin","Defy","Read","Revamp","SurpressingFire"],"picked":"SKIP","floor":10},{"not_picked":["DoubleEdge","Replace","Foresight","Gouge"],"picked":"Shuttle","floor":11},{"not_picked":["Contraction","Moonlight","Collapse","MoonPhase"],"picked":"TimeWarp","floor":12},{"not_picked":["LightFlow","FloweringNight","PendulumOfEternity","FlawlessForm"],"picked":"TheWorld","floor":16},{"not_picked":["Unruled","Starlight"],"picked":"Ricochet+1","floor":18},{"not_picked":["Unruled","Replace"],"picked":"ShatteredReality+1","floor":19},{"not_picked":["Gouge","Starlight"],"picked":"InstantArmor","floor":20},{"not_picked":["Misdirection","Replace"],"picked":"Ricochet","floor":22},{"not_picked":["Luminosity","TimeWarp"],"picked":"SilverBlades","floor":27},{"not_picked":["RealityMarble","Sabotage","Ricochet"],"picked":"SKIP","floor":29},{"not_picked":["DoubleEdge","Advance+1"],"picked":"Unruled","floor":30},{"not_picked":["Initiator","LightFlow"],"picked":"Duplication","floor":33},{"not_picked":["DualDimension","Unruled","Rewind"],"picked":"SKIP","floor":35},{"not_picked":["Replace","Sunlight"],"picked":"BottledTime","floor":38},{"not_picked":["BottledTime","SilverBlades"],"picked":"ShatteredReality","floor":41},{"not_picked":["TimeWarp","Contraction","Starlight"],"picked":"SKIP","floor":44},{"not_picked":["Replace","ShatteredReality","Unruled"],"picked":"SKIP","floor":46},{"not_picked":["Potential+1","TimeWarp"],"picked":"BottledTime","floor":51},{"not_picked":["Rearm+1","DoubleEdge"],"picked":"InstantArmor+1","floor":52},{"not_picked":["infinitespire:Execution","infinitespire:Menacing"],"picked":"infinitespire:SealOfDarkness+","floor":53},{"not_picked":["Hightail","Potential+1","MoonPhase+1"],"picked":"SKIP","floor":56}],"player_experience":234096,"relics_obtained":[{"floor":1.0,"key":"SynthV:TestCard"},{"floor":4.0,"key":"White Beast Statue"},{"floor":9,"key":"REME_PuzzleBoxRelic"},{"floor":26,"key":"Smiling Mask"},{"floor":31,"key":"ChaoDraw"},{"floor":31,"key":"SumBook"},{"floor":43,"key":"Juzu Bracelet"},{"floor":51,"key":"paleoftheancients:SoulOfTheShowman"},{"floor":54,"key":"Bag of Preparation"},{"floor":58,"key":"InkBottle"}],"event_choices":[{"damage_healed":0.0,"max_hp_gain":0.0,"max_hp_loss":0.0,"gold_gain":0.0,"event_name":"Scrap Ooze","player_choice":"Success","floor":3.0,"gold_loss":0.0,"damage_taken":3.0,"relics_obtained":["Letter Opener"]},{"cards_removed":["Strike_S"],"damage_healed":0.0,"max_hp_gain":0.0,"max_hp_loss":0.0,"gold_gain":0.0,"event_name":"Wheel of Change","player_choice":"Card Removal","floor":5.0,"gold_loss":0.0,"damage_taken":0.0},{"damage_healed":0,"gold_gain":0,"player_choice":"Ignored","damage_taken":0,"max_hp_gain":0,"max_hp_loss":0,"event_name":"Ghosts","floor":21,"gold_loss":0},{"damage_healed":0,"gold_gain":0,"player_choice":"Forge","damage_taken":0,"max_hp_gain":0,"max_hp_loss":0,"event_name":"Accursed Blacksmith","floor":25,"gold_loss":0,"cards_upgraded":["Ricochet"]},{"damage_healed":0,"gold_gain":0,"player_choice":"Fight","damage_taken":0,"max_hp_gain":0,"max_hp_loss":0,"event_name":"Colosseum","floor":31,"gold_loss":0},{"damage_healed":0,"gold_gain":0,"player_choice":"Fought Nobs","damage_taken":0,"max_hp_gain":0,"max_hp_loss":0,"event_name":"Colosseum","floor":31,"gold_loss":0},{"cards_removed":["MurderousAura"],"damage_healed":0,"gold_gain":0,"player_choice":"Removed Power","damage_taken":0,"max_hp_gain":0,"max_hp_loss":0,"event_name":"Falling","floor":36,"gold_loss":0},{"damage_healed":0,"gold_gain":0,"player_choice":"Embrace Madness","damage_taken":16,"max_hp_gain":0,"max_hp_loss":0,"event_name":"Winding Halls","floor":39,"gold_loss":0,"cards_obtained":["Madness","Madness"]},{"damage_healed":0,"gold_gain":100,"player_choice":"Pray","damage_taken":0,"max_hp_gain":0,"max_hp_loss":0,"event_name":"Golden Shrine","floor":48,"gold_loss":0}],"is_beta":false,"boss_relics":[{"not_picked":["MysterySword","jedi:hotpepper"],"picked":"Busted Crown"},{"not_picked":["Runic Pyramid","Transparent"],"picked":"RhineCircuit"}],"items_purged_floors":[2,28,37,42],"is_endless":false,"potions_floor_spawned":[6,7,8,10,11,12,16,18,19,20,22,27,29,30,31,31,33,35,38,41,44,46,51,52,56],"ascension_level":0}}