{"host":"bgyhjzqafgkxdxsh","time":1611980295,"event":{"mods":["BaseMod","Colored Map","Downfall","Minty Spire (QoL Compilation)","Relic Stats","StSLib","everything is the same but u backflip on backflip"],"gold_per_floor":[99,99,20,20,20,120,120,147,159,176,191,221,21,40,53,53,53,53],"floor_reached":16,"language":"ENG","playtime":823,"items_purged":[],"score":110,"play_id":"3ae779b4-7a2e-45b3-9a7e-a0c8db80e290","local_time":"20210130141815","is_ascension_mode":false,"campfire_choices":[{"data":"hexamod:Float","floor":1,"key":"SMITH"},{"floor":13,"key":"REST"}],"circlet_count":0,"master_deck":["hexamod:Strike","hexamod:Strike","hexamod:Strike","hexamod:Strike","hexamod:Defend","hexamod:Defend","hexamod:Defend","hexamod:Defend","hexamod:Sear","hexamod:Float+1","hexamod:EmpoweredFlame","hexamod:GhostLash","hexamod:ThirdSeal","hexamod:CatchUp","hexamod:Again","hexamod:FourthSeal","hexamod:RainOfEmbers","hexamod:Hexaguard","hexamod:HeatMetal","hexamod:Firestarter","hexamod:DynamicBlow","hexamod:FastForward","hexamod:Rewind"],"relics":["hexamod:SpiritBrand","downfall:HeartsMalice","downfall:BrokenWingStatue","Bottled Lightning","Mercury Hourglass","downfall:HeartBlessingGreen","downfall:HeartBlessingBlue"],"acts_visited":["Exordium"],"potions_floor_usage":[11,12,12,14,16,16],"damage_taken":[{"damage":0,"enemies":"Cultist","floor":2,"turns":1},{"damage":0,"enemies":"downfall:FleeingMerchant","floor":3,"turns":1},{"damage":0,"enemies":"2 Louse","floor":4,"turns":1},{"damage":24,"enemies":"3 Sentries","floor":8,"turns":10},{"damage":0,"enemies":"Small Slimes","floor":9,"turns":3},{"damage":16,"enemies":"Large Slime","floor":10,"turns":6},{"damage":7,"enemies":"Exordium Thugs","floor":11,"turns":4},{"damage":11,"enemies":"Lagavulin","floor":12,"turns":6},{"damage":0,"enemies":"3 Louse","floor":14,"turns":1},{"damage":16,"enemies":"Exordium Thugs","floor":15,"turns":4},{"damage":30,"enemies":"DF_ARCHETYPE_STREAMLINE","floor":16,"turns":6}],"seed_played":"-5663273788082478274","potions_obtained":[{"floor":8,"key":"PowerPotion"},{"floor":9,"key":"EssenceOfSteel"},{"floor":9,"key":"DuplicationPotion"},{"floor":10,"key":"hexamod:DoubleChargePotion"},{"floor":11,"key":"hexamod:SoulburnPotion"},{"floor":12,"key":"SkillPotion"},{"floor":14,"key":"FearPotion"},{"floor":15,"key":"AttackPotion"}],"is_trial":false,"path_per_floor":["R","M","$","M","?","?","T","E","M","M","M","E","R","M","M","B"],"character_chosen":"THE_SPIRIT","items_purchased":["hexamod:ThirdSeal"],"campfire_rested":1,"item_purchase_floors":[3],"current_hp_per_floor":[70,70,70,70,70,70,70,46,46,30,23,12,46,46,30,0,0,0],"gold":53,"neow_bonus":"THREE_ENEMY_KILL","is_daily":false,"chose_seed":false,"campfire_upgraded":1,"win_rate":0.0,"timestamp":1611980295,"path_taken":["R","M","?","M","?","?","T","E","M","M","M","E","R","M","M","BOSS"],"items_purchased_type":["Card"],"build_version":"2020-12-22","purchased_purges":0,"victory":false,"max_hp_per_floor":[70,70,70,70,70,70,70,70,70,70,70,70,80,80,80,80,80,80],"relic_stats":{"counters":[11,40],"obtain_stats":[{"downfall:BrokenWingStatue":5,"downfall:HeartBlessingBlue":13,"downfall:HeartsMalice":0,"downfall:HeartBlessingGreen":13,"Bottled Lightning":8,"hexamod:SpiritBrand":0,"Mercury Hourglass":12},{"downfall:BrokenWingStatue":3,"downfall:HeartBlessingBlue":8,"downfall:HeartsMalice":0,"downfall:HeartBlessingGreen":8,"Bottled Lightning":4,"hexamod:SpiritBrand":0,"Mercury Hourglass":8},{"downfall:BrokenWingStatue":0,"downfall:HeartBlessingBlue":29,"downfall:HeartsMalice":0,"downfall:HeartBlessingGreen":29,"Bottled Lightning":10,"hexamod:SpiritBrand":0,"Mercury Hourglass":29}],"Mercury Hourglass":[33]},"card_choices":[{"not_picked":["hexamod:FastForward","hexamod:InspiringFlames"],"picked":"hexamod:EmpoweredFlame","floor":2},{"not_picked":["hexamod:NecessarySacrifice","hexamod:HeatMetal"],"picked":"hexamod:GhostLash","floor":3},{"not_picked":["hexamod:BurningTouch","hexamod:AdvancingGuard"],"picked":"hexamod:CatchUp","floor":4},{"not_picked":["hexamod:HeatShield","hexamod:ShieldOfDarkness"],"picked":"hexamod:Again","floor":8},{"not_picked":["hexamod:StepThrough","hexamod:ThirdSeal"],"picked":"hexamod:FourthSeal","floor":8},{"not_picked":["hexamod:ThirdSeal","hexamod:Incineration"],"picked":"hexamod:RainOfEmbers","floor":9},{"not_picked":["hexamod:GhostOfSpireFuture","hexamod:HauntingEcho"],"picked":"hexamod:Hexaguard","floor":9},{"not_picked":["hexamod:ShieldOfDarkness","hexamod:FastForward"],"picked":"hexamod:HeatMetal","floor":10},{"not_picked":["hexamod:GhostOfSpireFuture","hexamod:RainOfEmbers","hexamod:ShieldOfDarkness"],"picked":"SKIP","floor":10},{"not_picked":["hexamod:HeatCrush","hexamod:ShieldOfDarkness"],"picked":"hexamod:Firestarter","floor":11},{"not_picked":["hexamod:ShieldOfDarkness","hexamod:EmpoweredFlame","hexamod:Again"],"picked":"SKIP","floor":11},{"not_picked":["hexamod:ShieldOfDarkness","hexamod:HauntingEcho"],"picked":"hexamod:DynamicBlow","floor":12},{"not_picked":["hexamod:GhostflameInferno","hexamod:CatchUp"],"picked":"hexamod:FastForward","floor":12},{"not_picked":["hexamod:ShieldOfDarkness","hexamod:InspiringFlames","hexamod:CatchUp"],"picked":"SKIP","floor":14},{"not_picked":["hexamod:RainOfEmbers","hexamod:AdvancingGuard"],"picked":"hexamod:Rewind","floor":15},{"not_picked":["hexamod:HexaLevel","hexamod:ExtraCrispy","hexamod:HeatMetal"],"picked":"SKIP","floor":15}],"player_experience":475127,"relics_obtained":[{"floor":8,"key":"Bottled Lightning"},{"floor":12,"key":"Mercury Hourglass"}],"event_choices":[],"is_beta":false,"boss_relics":[],"items_purged_floors":[],"is_endless":false,"potions_floor_spawned":[8,9,11,15],"killed_by":"DF_ARCHETYPE_STREAMLINE","ascension_level":0}}