{"host":"f3vxwlz1n3azqp6q","time":1611966493,"event":{"mods":["Aspiration","BaseMod","BetterRewards","Conspire","Hubris","Infinite Spire","Ironclad Rager","Jorbs\u0027s Wanderer Trilogy","Minty Spire (QoL Compilation)","Permanent Neow","Replay The Spire","Shop Mod","StSLib","The Construct","The Hierophant","The Necromancer","The Servant 0.9.4","Transform Curses"],"gold_per_floor":[112,112,124,8755,8768,8768,8793,8793,8793,8813,8813,8843,8843,8871,8871,8974,8974,8991,7949,7864,7864,7877,7891,7918,7931,7931,7931,7950,7950,8049,7000,7000,7104,7104,7124,7124,7124,7124,5974,6004,6004,6023,6023,6038,6054,4730,4757,4773,4773,4773,4773,4773,3194,3225,3326],"floor_reached":56,"language":"ENG","playtime":5629,"items_purged":["Dualcast","Strike_B","Strike_B","Strike_B","Defend_B","Zap","hubris:SpecializedCircuitry+1"],"score":1398,"play_id":"d7db9d35-695f-40be-8e36-b72667685ae8","local_time":"20210129162813","is_ascension_mode":false,"campfire_choices":[{"floor":6,"key":"RECALL"},{"data":"Crow Ritual","floor":8,"key":"SMITH"},{"data":"Loop","floor":11,"key":"SMITH"},{"data":"Aggregate","floor":15,"key":"SMITH"},{"data":"White Noise","floor":27,"key":"SMITH"},{"floor":32,"key":"DIG"},{"data":"Static Discharge","floor":41,"key":"SMITH"},{"data":"Loop","floor":41,"key":"SMITH"},{"floor":49,"key":"DIG"},{"data":"Mirror Shield","floor":52,"key":"SMITH"},{"data":"White Noise","floor":52,"key":"SMITH"}],"circlet_count":0,"master_deck":["Strike_B+1","Defend_B+1","Genetic Algorithm+1","Coolheaded","Crow Ritual+1","Turbo","Cold Snap+1","Rip and Tear+1","Mind Blast+1","Aggregate+1","Reboot+1","Loop+1","Scrape","Sunder+1","Go for the Eyes+1","Reprogram+1","White Noise+1","Bandage Up","ReplayTheSpireMod:Necrogeddon","ReplayTheSpireMod:GoodbyeWorld","Turbo","hubris:Rewind","infinitespire:Execution","ReplayTheSpireMod:??????????????????????","infinitespire:FutureSight","hubris:PowerSurge","conspire:Banana","Mirror Shield+1","Loop+1","Reboot","Heatsinks","Doom and Gloom","Replay:Dark Deal","Replay:Dark Deal","Static Discharge+1","White Noise+1","conspire:Rain+1","ReplaySort","Storm","aspiration:Polymerization","Chaos","Scrape","Thinking Ahead","Forethought","conspire:SharedLibrary","Madness+1","Secret Technique+1","ReplayTheSpireMod:Calculation Training+1","ReplayTheSpireMod:GoodbyeWorld+1","Rainbow+1","Creative AI+1"],"relics":["Cracked Core","aspiration:Nostalgia","construct:Cogwheel","aspiration:ChemicalBlood","hubris:SlimyHat","Cauldron","MerchantsRug","hubris:BallOfYels","Replay:Mystery Machine","hubris:Potato","Astrolabe","Replay:Frozen Program","Potion Belt","infinitespire:PuzzleCube","Mercury Hourglass","Runic Capacitor","conspire:SpecialSausage","aspiration:TomeofQuesting","FossilizedHelix","Ring of Hypnosis","Ring of Misfortune","Guide Book","Akabeko","hubris:Spice","Incense Burner","hubris:Towel","DollysMirror","Blood Vial","Replay:Arrowhead","aspiration:HatOfInfinitePower","construct:FoamFinger","infinitespire:CursedDice","infinitespire:Broken Mirror","Golden Egg","Whetstone"],"acts_visited":["Exordium","TheCity","TheBeyond","TheEnding"],"potions_floor_usage":[7,7,7,14,16,16,22,22,25,33,33,33,33,40,40,44,47,47,47,47,50,50,54,55,55,55,55],"damage_taken":[{"damage":4,"enemies":"Small Slimes","floor":1,"turns":4},{"damage":4,"enemies":"Cultist","floor":3,"turns":4},{"damage":0,"enemies":"2 Louse","floor":5,"turns":3},{"damage":0,"enemies":"Lagavulin","floor":7,"turns":6},{"damage":0,"enemies":"Exordium Thugs","floor":10,"turns":3},{"damage":8,"enemies":"Gremlin Nob","floor":12,"turns":4},{"damage":8,"enemies":"Lagavulin","floor":14,"turns":5},{"damage":44,"enemies":"Slime Boss","floor":16,"turns":16},{"damage":3,"enemies":"Chosen","floor":18,"turns":3},{"damage":0,"enemies":"Shell Parasite","floor":22,"turns":4},{"damage":0,"enemies":"Sentry and Sphere","floor":23,"turns":1},{"damage":15,"enemies":"Snake Plant","floor":25,"turns":2},{"damage":5,"enemies":"Chosen and Byrds","floor":28,"turns":4},{"damage":0,"enemies":"conspire:MysteriousRune","floor":33,"turns":4},{"damage":0,"enemies":"3 Shapes","floor":35,"turns":3},{"damage":7,"enemies":"R_Hoarder","floor":40,"turns":4},{"damage":0,"enemies":"Orb Walker","floor":42,"turns":2},{"damage":15,"enemies":"3 Darklings","floor":44,"turns":4},{"damage":0,"enemies":"Jaw Worm Horde","floor":45,"turns":2},{"damage":59,"enemies":"Nightmare","floor":47,"turns":5},{"damage":0,"enemies":"Sphere and 2 Shapes","floor":48,"turns":2},{"damage":16,"enemies":"hubris:GrandSnecko","floor":50,"turns":3},{"damage":0,"enemies":"Shield and Spear","floor":54,"turns":5},{"damage":16,"enemies":"The Heart","floor":55,"turns":6}],"seed_played":"-8721960540340187002","potions_obtained":[{"floor":1,"key":"Weak Potion"},{"floor":4,"key":"LifebloodPotion"},{"floor":12,"key":"BlessingOfTheForge"},{"floor":18,"key":"SkillPotion"},{"floor":22,"key":"SmokeBomb"},{"floor":25,"key":"CultistPotion"},{"floor":35,"key":"SteroidPotion"},{"floor":38,"key":"Ancient Potion"},{"floor":38,"key":"Adrenaline Potion"},{"floor":38,"key":"ColorlessPotion"},{"floor":45,"key":"SkillPotion"},{"floor":54,"key":"Elixir"},{"floor":55,"key":"SpeedPotion"}],"is_trial":false,"path_per_floor":["M","?","M","$","M","R","E","R","T","M","R","E","?","E","R","B",null,"M","$","?","AVR","M","M","T","M","T","R","M","?","?","$","R","B",null,"M","?","?","?","$","E","R","M","T","M","M","$","NM","M","R","B",null,"R","$","E","B",null],"character_chosen":"DEFECT","items_purchased":["Adrenaline Potion","Regen Potion","aspiration:ChemicalBlood","hubris:SlimyHat","Crow Ritual","Turbo","Hello World","Cauldron","MerchantsRug","Cold Snap+1","Rip and Tear","Mind Blast","Replay:Frozen Program","Potion Belt","PowerPotion","BlessingOfTheForge","infinitespire:PuzzleCube","Bandage Up","ReplayTheSpireMod:Necrogeddon","ReplayTheSpireMod:GoodbyeWorld","Turbo","conspire:Banana","Mirror Shield","Loop","Guide Book","Akabeko","hubris:Spice","Energy Potion","conspire:TimeTravelPotion","Heatsinks","Doom and Gloom","Replay:Dark Deal","DollysMirror","Blood Vial","hubris:Spice","Venom Potion","construct:FoamFinger","infinitespire:CursedDice","Storm","aspiration:Polymerization","Chaos","Scrape","Thinking Ahead","Forethought","Golden Egg","Explosive Potion","Adrenaline Potion","FocusPotion","hubris:Spice","hubris:Spice","Madness","Secret Technique","ReplayTheSpireMod:Calculation Training","ReplayTheSpireMod:GoodbyeWorld"],"campfire_rested":0,"item_purchase_floors":[4,4,4,4,4,4,4,4,4,4,4,4,19,19,19,19,19,19,19,19,19,31,31,31,31,31,31,31,39,39,39,39,39,39,39,46,46,46,46,46,46,46,46,46,53,53,53,53,53,53,53,53,53,53],"current_hp_per_floor":[71,71,67,67,67,67,75,75,75,75,75,67,75,67,67,23,75,72,72,72,72,75,75,75,60,60,60,59,59,59,67,67,72,92,92,92,92,92,84,82,82,85,85,85,86,86,28,30,30,86,94,94,78,79,68],"gold":3326,"neow_bonus":"NOSTALGIA","is_daily":false,"chose_seed":false,"campfire_upgraded":8,"win_rate":0.0,"timestamp":1611966493,"path_taken":["M","?","M","$","M","R","E","R","T","?","R","E","?","E","R","BOSS","M","$","?","AVR","M","M","?","M","T","R","?","?","?","?","R","BOSS","M","?","?","?","$","E","R","M","T","?","M","$","NM","M","R","BOSS","R","$","E","BOSS"],"items_purchased_type":["Potion","Potion","Relic","Relic","Card","Card","Card","Relic","Relic","Card","Card","Card","Relic","Relic","Potion","Potion","Relic","Card","Card","Card","Card","Card","Card","Card","Relic","Relic","Relic","Potion","Potion","Card","Card","Card","Relic","Relic","Relic","Potion","Relic","Relic","Card","Card","Card","Card","Card","Card","Relic","Potion","Potion","Potion","Relic","Relic","Card","Card","Card","Card"],"build_version":"2020-12-22","purchased_purges":7,"victory":true,"max_hp_per_floor":[75,75,75,75,75,75,75,75,75,75,75,75,75,75,75,75,75,75,75,75,75,75,75,75,75,75,75,75,75,75,83,83,84,92,92,92,92,92,84,85,85,85,85,86,86,86,87,100,92,94,94,94,78,79,80],"card_choices":[{"not_picked":["Conserve Battery","ReplaySolidLightProjector"],"picked":"Genetic Algorithm","floor":1},{"not_picked":["Rebound","Auto Shields"],"picked":"Coolheaded","floor":3},{"not_picked":["Consume","Ball Lightning"],"picked":"Aggregate","floor":5},{"not_picked":["Barrage","Ball Lightning"],"picked":"Reboot","floor":7},{"not_picked":["Redo","Cold Snap"],"picked":"Loop","floor":10},{"not_picked":["Panic Button","Conserve Battery","Cold Snap"],"picked":"SKIP","floor":12},{"not_picked":["Cold Snap","Steam"],"picked":"Scrape","floor":14},{"not_picked":["Multi-Cast","ReplayRNGCard"],"picked":"hubris:SpecializedCircuitry","floor":16},{"not_picked":["Cold Snap+1","Lockon"],"picked":"White Noise","floor":18},{"not_picked":["Reinforced Body","Cold Snap"],"picked":"hubris:PowerSurge","floor":22},{"not_picked":["Steam","Melter+1","Hologram"],"picked":"SKIP","floor":23},{"not_picked":["Ball Lightning","Beam Cell","Gash"],"picked":"SKIP","floor":25},{"not_picked":["Beam Cell","Rebound","Compile Driver"],"picked":"SKIP","floor":28},{"not_picked":["Fission","hubris:Prefetch"],"picked":"Reboot","floor":33},{"not_picked":["BasicCrystalCard+1","ReplayTheSpireMod:System Scan","Rebound"],"picked":"SKIP","floor":35},{"not_picked":["Crystallizer","FTL+1"],"picked":"Static Discharge","floor":40},{"not_picked":["Redo+1","Barrage+1"],"picked":"White Noise","floor":42},{"not_picked":["Darkness+1","aspiration:Polymerization+1"],"picked":"conspire:Rain+1","floor":44},{"not_picked":["Panic Button","Turbo"],"picked":"ReplaySort","floor":45},{"not_picked":["BasicCrystalCard+1","Self Repair+1"],"picked":"conspire:SharedLibrary","floor":47},{"not_picked":["Stack","Conserve Battery"],"picked":"hubris:SpiceAddiction","floor":48},{"not_picked":["Gash","Steam"],"picked":"Rainbow","floor":54},{"not_picked":["ReplayTheSpireMod:Omega Cannon","Hyperbeam"],"picked":"Creative AI","floor":55}],"player_experience":287908,"relics_obtained":[{"floor":7,"key":"hubris:BallOfYels"},{"floor":12,"key":"Replay:Mystery Machine"},{"floor":14,"key":"hubris:Potato"},{"floor":24,"key":"aspiration:TomeofQuesting"},{"floor":26,"key":"FossilizedHelix"},{"floor":29,"key":"Ring of Hypnosis"},{"floor":29,"key":"Ring of Misfortune"},{"floor":32,"key":"Incense Burner"},{"floor":40,"key":"Replay:Arrowhead"},{"floor":43,"key":"aspiration:HatOfInfinitePower"},{"floor":47,"key":"infinitespire:Broken Mirror"},{"floor":49,"key":"hubris:Spice"},{"floor":54,"key":"Whetstone"}],"event_choices":[{"damage_healed":0,"gold_gain":0,"player_choice":"Upgraded","damage_taken":0,"max_hp_gain":0,"max_hp_loss":0,"event_name":"Upgrade Shrine","floor":2,"gold_loss":0,"cards_upgraded":["Genetic Algorithm"]},{"damage_healed":0,"gold_gain":0,"player_choice":"Entered Light","damage_taken":15,"max_hp_gain":0,"max_hp_loss":0,"event_name":"Shining Light","floor":13,"gold_loss":0,"cards_upgraded":["Strike_B","Defend_B"]},{"damage_healed":0,"gold_gain":0,"player_choice":"Obtained Relic","damage_taken":0,"relics_obtained":["Mercury Hourglass"],"max_hp_gain":0,"max_hp_loss":0,"event_name":"Addict","floor":20,"gold_loss":85},{"damage_healed":0,"gold_gain":99,"player_choice":"Stole From Cult","damage_taken":0,"max_hp_gain":0,"max_hp_loss":0,"event_name":"Nest","floor":30,"gold_loss":0},{"damage_healed":0,"gold_gain":0,"player_choice":"Leave","damage_taken":0,"max_hp_gain":0,"max_hp_loss":0,"event_name":"conspire:Investor","floor":37,"gold_loss":0},{"damage_healed":0,"gold_gain":0,"player_choice":"Got Potions","damage_taken":0,"max_hp_gain":0,"max_hp_loss":0,"event_name":"Lab","floor":38,"gold_loss":0}],"is_beta":false,"boss_relics":[{"not_picked":["Replay:Wanted Poster","Replay:Grab Bag"],"picked":"Astrolabe"},{"not_picked":["hubris:Spice","hubris:Spice"],"picked":"hubris:Spice"}],"items_purged_floors":[4,19,21,31,39,46,53],"is_endless":true,"potions_floor_spawned":[1,5,12,18,22,25,35,45,54,55],"ascension_level":0}}