{"host":"tq99ucv8ezzqzioe","time":1611987203,"event":{"mods":["BaseMod","Colored Map","Downfall","Highlight Path","Minty Spire (QoL Compilation)","StSLib"],"gold_per_floor":[115,135,135,156,231,231,14,14,14,96,96,116,137,170,170,299,299,324,348,447,467,467,467,488,513,559,2,2,26,41,62,62,62,62],"floor_reached":33,"language":"ENG","playtime":1313,"items_purged":["Injury","Strike_R"],"score":326,"play_id":"ec6b6f6c-ba46-42c9-a05a-c8ba9bb889a3","local_time":"20210130011323","is_ascension_mode":true,"campfire_choices":[{"data":"Perfected Strike","floor":6.0,"key":"SMITH"},{"floor":15.0,"key":"REST"},{"floor":23.0,"key":"RECALL"},{"data":"Shrug It Off","floor":28.0,"key":"SMITH"},{"data":"Double Tap","floor":32,"key":"SMITH"}],"circlet_count":0,"master_deck":["Strike_R","Strike_R","Strike_R+1","Strike_R","Defend_R","Defend_R","Defend_R","Defend_R","Reckless Charge","Clash","Perfected Strike+1","Pommel Strike+1","Pommel Strike","Pummel","Shrug It Off+1","Headbutt","Clash","Double Tap+1","Battle Trance","Headbutt","Reaper","Inflame+1","Perfected Strike"],"relics":["Burning Blood","Golden Idol","Blue Candle","Mercury Hourglass","Philosopher\u0027s Stone","Nloth\u0027s Gift","Akabeko","Ice Cream","Toolbox"],"acts_visited":["Exordium","TheCity"],"potions_floor_usage":[30,33],"damage_taken":[{"damage":0.0,"enemies":"2 Louse","floor":1.0,"turns":3.0},{"damage":12.0,"enemies":"Small Slimes","floor":2.0,"turns":3.0},{"damage":18.0,"enemies":"Jaw Worm","floor":4.0,"turns":4.0},{"damage":0.0,"enemies":"Blue Slaver","floor":12.0,"turns":2.0},{"damage":0.0,"enemies":"2 Fungi Beasts","floor":13.0,"turns":2.0},{"damage":30.0,"enemies":"Lagavulin","floor":14.0,"turns":4.0},{"damage":23.0,"enemies":"Hexaghost","floor":16.0,"turns":8.0},{"damage":0.0,"enemies":"Spheric Guardian","floor":18.0,"turns":2.0},{"damage":11.0,"enemies":"Shell Parasite","floor":19.0,"turns":3.0},{"damage":35.0,"enemies":"Shelled Parasite and Fungi","floor":21.0,"turns":4.0},{"damage":24.0,"enemies":"Cultist and Chosen","floor":24.0,"turns":5.0},{"damage":0.0,"enemies":"Chosen and Byrds","floor":25.0,"turns":4.0},{"damage":30.0,"enemies":"Shelled Parasite and Fungi","floor":29.0,"turns":3.0},{"damage":1,"enemies":"3 Cultists","floor":30,"turns":4},{"damage":6,"enemies":"Snecko","floor":31,"turns":3},{"damage":133,"enemies":"Collector","floor":33,"turns":8}],"seed_played":"-2190698800357208563","potions_obtained":[{"floor":1.0,"key":"HeartOfIron"},{"floor":4.0,"key":"Regen Potion"},{"floor":16.0,"key":"FairyPotion"},{"floor":18.0,"key":"Slimebound:ThreeZeroPotion"},{"floor":25.0,"key":"Block Potion"},{"floor":29.0,"key":"Block Potion"}],"is_trial":false,"path_per_floor":["M","M","?","M","?","R","$","?","T","T","?","M","M","E","R","B",null,"M","M","?","M","?","R","M","M","T","$","R","M","M","M","R","B"],"character_chosen":"IRONCLAD","items_purchased":["Pommel Strike","SkillPotion","Pummel","Ice Cream","Toolbox"],"campfire_rested":1,"item_purchase_floors":[7,7,7,27,27],"current_hp_per_floor":[78,72,72,60,49,49,49,44,44,44,28,34,40,16,40,23,66,72,67,67,38,38,38,20,54,54,54,54,43,76,80,80,0,0],"gold":62,"neow_bonus":"TRANSFORM_CARD","is_daily":false,"chose_seed":false,"campfire_upgraded":3,"win_rate":0.0,"timestamp":1611987203,"path_taken":["M","M","?","M","?","R","$","?","T","?","?","M","?","E","R","BOSS","M","M","?","M","?","R","M","M","T","$","R","M","M","M","R","BOSS"],"items_purchased_type":["Card","Potion","Card","Relic","Relic"],"build_version":"2020-12-22","purchased_purges":2,"victory":false,"max_hp_per_floor":[80,80,80,80,80,80,80,80,80,80,80,80,80,80,80,80,80,80,80,80,80,80,80,80,80,80,80,80,80,80,80,80,80,80],"card_choices":[{"not_picked":["Rage","Flex"],"picked":"Clash","floor":1.0},{"not_picked":["Seeing Red","Flex"],"picked":"Perfected Strike","floor":2.0},{"not_picked":["Cleave","Warcry"],"picked":"Pommel Strike","floor":4.0},{"not_picked":["Pummel","Flex"],"picked":"Shrug It Off","floor":12.0},{"not_picked":["Bloodletting","Armaments"],"picked":"Headbutt","floor":13.0},{"not_picked":["Sentinel","Combust"],"picked":"Clash","floor":14.0},{"not_picked":["Offering","Limit Break"],"picked":"Double Tap","floor":16.0},{"not_picked":["Warcry+1","True Grit"],"picked":"Battle Trance","floor":18.0},{"not_picked":["Twin Strike","Dropkick","Cleave"],"picked":"SKIP","floor":19.0},{"not_picked":["True Grit","Uppercut"],"picked":"Headbutt","floor":21.0},{"not_picked":["Whirlwind","Blood for Blood"],"picked":"Reaper","floor":24.0},{"not_picked":["Second Wind","Havoc"],"picked":"Inflame+1","floor":25.0},{"not_picked":["Juggernaut","Armaments","Anger"],"picked":"SKIP","floor":29.0},{"not_picked":["Havoc","Dark Embrace+1"],"picked":"Perfected Strike","floor":30},{"not_picked":["Wild Strike","Blood for Blood","Warcry+1"],"picked":"SKIP","floor":31}],"player_experience":817898,"relics_obtained":[{"floor":10.0,"key":"Mercury Hourglass"},{"floor":14.0,"key":"Peace Pipe"},{"floor":26.0,"key":"Akabeko"}],"event_choices":[{"damage_healed":0.0,"max_hp_gain":0.0,"max_hp_loss":0.0,"gold_gain":0.0,"event_name":"Golden Idol","player_choice":"Take Wound","floor":3.0,"gold_loss":0.0,"damage_taken":0.0,"relics_obtained":["Golden Idol"],"cards_obtained":["Injury"]},{"damage_healed":0.0,"max_hp_gain":0.0,"max_hp_loss":0.0,"gold_gain":75.0,"event_name":"World of Goop","player_choice":"Gather Gold","floor":5.0,"gold_loss":0.0,"damage_taken":11.0},{"damage_healed":0.0,"max_hp_gain":0.0,"max_hp_loss":0.0,"gold_gain":0.0,"event_name":"Shining Light","player_choice":"Entered Light","floor":11.0,"gold_loss":0.0,"damage_taken":16.0,"cards_upgraded":["Pommel Strike","Strike_R"]},{"damage_healed":0.0,"max_hp_gain":0.0,"max_hp_loss":0.0,"gold_gain":99.0,"event_name":"Nest","player_choice":"Stole From Cult","floor":20.0,"gold_loss":0.0,"damage_taken":0.0},{"damage_healed":0.0,"max_hp_gain":0.0,"max_hp_loss":0.0,"gold_gain":0.0,"event_name":"N\u0027loth","player_choice":"Traded Relic","floor":22.0,"relics_lost":["Peace Pipe"],"gold_loss":0.0,"damage_taken":0.0,"relics_obtained":["Nloth\u0027s Gift"]}],"is_beta":false,"boss_relics":[{"not_picked":["Busted Crown","Pandora\u0027s Box"],"picked":"Philosopher\u0027s Stone"}],"items_purged_floors":[7,27],"is_endless":false,"potions_floor_spawned":[1,4,16,18,19,25,29],"killed_by":"Collector","ascension_level":6}}