{"host":"uvmuduost5bzvojs","time":1611979347,"event":{"mods":["Aspiration","Bard","BaseMod","Better Match","Block Reminder","Conspire","Hermit","Highlight Path","Hubris","Infinite Spire","Jorbs\u0027s Wanderer Trilogy","Mad Scientist","Marisa????????","Mimic Mod","Minty Spire (QoL Compilation)","Potionbrewer","Replay The Spire","Robot Space Explorer","StSLib","The Blackbeard","The Construct","The Cursed","The Disciple","The Hayseed","The Hierophant","The Juggle","The Jungle","The Poker Player","The Runesmith","The Servant 0.9.4","The Spell Scribe","The Valiant","TheBandit"],"gold_per_floor":[109,125,162,172,184,184,211,228,252,264,150,176,176,196,196,292,292,306,136,147,160,160,160,160],"floor_reached":23,"language":"ENG","playtime":1452,"items_purged":["conspire:Purge","Strike_R"],"score":203,"play_id":"17ce188e-099f-4e66-8a28-0aeec5ed3f58","local_time":"20210129230227","is_ascension_mode":false,"campfire_choices":[{"data":"Headbutt","floor":6.0,"key":"SMITH"},{"data":"ReplayTheSpireMod:Strike From Hell","floor":10.0,"key":"SMITH"},{"data":"ReplayTheSpireMod:Corrosion Curse","floor":13.0,"key":"SMITH"},{"data":"Bash","floor":15.0,"key":"SMITH"}],"circlet_count":0,"master_deck":["Strike_R","Strike_R","Defend_R","Defend_R","Defend_R","Bash+1","Ghostly Armor","Cleave","Headbutt+1","Pommel Strike","ReplayTheSpireMod:Corrosion Curse+1","ReplayTheSpireMod:Strike From Hell+1","Inflame+1","Seeing Red","Exhume","ReplayTheSpireMod:Corrosion Curse","ReplayTheSpireMod:Faulty Equipment","Dark Embrace","Havoc","Wild Strike"],"relics":["Burning Blood","potionbrewer:RamsHorn","Mercury Hourglass","MawBank","aspiration:ChemicalBlood","construct:ClawGrip","ReplayTheSpireMod:CursedCoin","ReplayTheSpireMod:TigerMarble"],"acts_visited":["Exordium","TheCity"],"potions_floor_usage":[23],"damage_taken":[{"damage":7.0,"enemies":"Small Slimes","floor":1.0,"turns":4.0},{"damage":0.0,"enemies":"Cultist","floor":2.0,"turns":3.0},{"damage":23.0,"enemies":"conspire:MimicChest","floor":3.0,"turns":6.0},{"damage":5.0,"enemies":"2 Louse","floor":4.0,"turns":2.0},{"damage":13.0,"enemies":"Lots of Slimes","floor":5.0,"turns":4.0},{"damage":29.0,"enemies":"Gremlin Nob","floor":7.0,"turns":5.0},{"damage":0.0,"enemies":"3 Louse","floor":8.0,"turns":2.0},{"damage":9.0,"enemies":"3 Sentries","floor":12.0,"turns":4.0},{"damage":14.0,"enemies":"Exordium Wildlife","floor":14.0,"turns":3.0},{"damage":23.0,"enemies":"Fading Forest","floor":16.0,"turns":11.0},{"damage":22.0,"enemies":"2 Thieves","floor":18.0,"turns":3.0},{"damage":17.0,"enemies":"Spheric Guardian","floor":20.0,"turns":5.0},{"damage":21,"enemies":"Chosen and Byrds","floor":21,"turns":4},{"damage":44,"enemies":"Book of Stabbing","floor":23,"turns":4}],"seed_played":"2712750621184603864","potions_obtained":[{"floor":1.0,"key":"potionbrewer:CleansingPotion"},{"floor":2.0,"key":"Swift Potion"},{"floor":12.0,"key":"Weak Potion"},{"floor":14.0,"key":"Energy Potion"},{"floor":16.0,"key":"potionbrewer:BoundlessPotion"},{"floor":23,"key":"potionbrewer:ToxicPotion"},{"floor":23,"key":"FearPotion"}],"is_trial":false,"path_per_floor":["M","M","?","M","M","R","E","M","T","R","$","E","R","M","R","B",null,"M","$","M","M","?","E"],"character_chosen":"IRONCLAD","items_purchased":["Inflame+1","ReplayTheSpireMod:CursedCoin","ReplayTheSpireMod:TigerMarble","Dark Embrace"],"campfire_rested":0,"item_purchase_floors":[11,19,19,19],"current_hp_per_floor":[79,80,63,64,57,57,34,40,40,40,40,37,37,29,29,22,80,64,64,53,38,38,0,0],"gold":160,"neow_bonus":"ONE_RANDOM_RARE_CARD","is_daily":false,"chose_seed":false,"campfire_upgraded":4,"win_rate":0.0,"timestamp":1611979347,"path_taken":["M","M","?","M","?","R","E","M","T","R","$","E","R","M","R","BOSS","M","$","M","M","?","E"],"items_purchased_type":["Card","Relic","Relic","Card"],"build_version":"2020-12-22","purchased_purges":2,"victory":false,"max_hp_per_floor":[80,80,80,80,80,80,80,80,80,80,80,80,80,80,80,80,80,80,80,80,80,80,80,80],"card_choices":[{"not_picked":["Armaments","Second Wind"],"picked":"Ghostly Armor","floor":1.0},{"not_picked":["Havoc","Armaments"],"picked":"Cleave","floor":2.0},{"not_picked":["Anger","Metallicize"],"picked":"Headbutt","floor":3.0},{"not_picked":["True Grit","Impervious","Abandon"],"picked":"SKIP","floor":4.0},{"not_picked":["Disarm","Flame Barrier"],"picked":"Pommel Strike","floor":5.0},{"not_picked":["conspire:Charge","Power Through"],"picked":"ReplayTheSpireMod:Corrosion Curse","floor":7.0},{"not_picked":["Clash","Iron Wave"],"picked":"ReplayTheSpireMod:Strike From Hell","floor":8.0},{"not_picked":["Fire Breathing","Clothesline"],"picked":"Seeing Red","floor":12.0},{"not_picked":["Clash","Heavy Blade","Twin Strike"],"picked":"SKIP","floor":14.0},{"not_picked":["Feed","Impervious"],"picked":"Exhume","floor":16.0},{"not_picked":["Pommel Strike","Cleave"],"picked":"ReplayTheSpireMod:Corrosion Curse","floor":18.0},{"not_picked":["Anger+1","Heavy Blade","Havoc"],"picked":"SKIP","floor":20.0},{"not_picked":["Anger+1","Heavy Blade"],"picked":"Havoc","floor":20.0},{"not_picked":["Flame Barrier","ReplayReversal","Searing Blow"],"picked":"SKIP","floor":21}],"player_experience":1923566,"relics_obtained":[{"floor":3.0,"key":"potionbrewer:RamsHorn"},{"floor":7.0,"key":"Mercury Hourglass"},{"floor":9.0,"key":"MawBank"},{"floor":12.0,"key":"aspiration:ChemicalBlood"}],"event_choices":[{"damage_healed":0,"gold_gain":0,"cards_transformed":["Strike_R"],"player_choice":"Transformed","damage_taken":0,"max_hp_gain":0,"max_hp_loss":0,"event_name":"Transmorgrifier","floor":22,"gold_loss":0,"cards_obtained":["Wild Strike"]}],"is_beta":false,"boss_relics":[{"not_picked":["Black Blood","Runic Cube"],"picked":"construct:ClawGrip"}],"items_purged_floors":[11,19],"is_endless":false,"potions_floor_spawned":[1,2,12,14,16],"killed_by":"Book of Stabbing","ascension_level":0}}