{"host":"0o4jkshs65tojivq","time":1611979088,"event":{"mods":["BaseMod","Downfall","Minty Spire (QoL Compilation)","Relic Stats","Slay the Relics Exporter","StSLib"],"gold_per_floor":[99,159,159,23,298,298,298,310,310,17,17,50,60,210,223,223,223,223],"floor_reached":16,"language":"ENG","playtime":1306,"items_purged":["Regret"],"score":96,"play_id":"874b36bd-274e-4c46-af9a-1f4396765ce0","local_time":"20210129195808","is_ascension_mode":false,"campfire_choices":[{"data":"bronze:Replicate","floor":1.0,"key":"SMITH"},{"data":"1","floor":6,"key":"LIFT"},{"floor":9,"key":"REST"},{"floor":11,"key":"REST"}],"circlet_count":0,"master_deck":["bronze:Strike","bronze:Strike","bronze:Strike","bronze:Defend","bronze:Defend","bronze:Defend","bronze:Replicate+1","bronze:Goto","bronze:CloningBeam","expansioncontent:YouAreMine","bronze:CutThrough","bronze:BugBarrage","bronze:Frontload","bronze:OilSpill","bronze:BronzeArmor","bronze:Refactor","downfall:Icky","bronze:Shield"],"relics":["Empty Cage","Girya","Pen Nib","OrangePellets","Kunai"],"acts_visited":[],"potions_floor_usage":[16,16],"damage_taken":[{"damage":46,"enemies":"Gremlin Nob","floor":2,"turns":5},{"damage":10,"enemies":"downfall:FleeingMerchant","floor":4,"turns":4},{"damage":6,"enemies":"Small Slimes","floor":8,"turns":3},{"damage":7,"enemies":"downfall:FleeingMerchant","floor":10,"turns":4},{"damage":29,"enemies":"Gremlin Nob","floor":12,"turns":5},{"damage":0,"enemies":"Cultist","floor":13,"turns":2},{"damage":0,"enemies":"2 Louse","floor":15,"turns":2},{"damage":27,"enemies":"DF_ARCHETYPE_STREAMLINE","floor":16,"turns":6}],"seed_played":"-557187789280789974","potions_obtained":[{"floor":2,"key":"Dexterity Potion"},{"floor":8,"key":"bronze:FreeFunctionsPotion"},{"floor":12,"key":"DistilledChaos"}],"is_trial":false,"path_per_floor":["R","?","?","$","?","R","T","M","R","$","R","E","M","?","M","B"],"character_chosen":"THE_AUTOMATON","items_purchased":["expansioncontent:YouAreMine","bronze:CutThrough","OrangePellets","bronze:OilSpill"],"campfire_rested":2,"item_purchase_floors":[4,4,10,10],"current_hp_per_floor":[70,24,24,14,14,14,14,8,29,22,43,14,14,14,14,0,0,0],"gold":223,"neow_bonus":"BOSS_RELIC","is_daily":false,"chose_seed":false,"campfire_upgraded":1,"win_rate":0.0,"timestamp":1611979088,"path_taken":["R","?","?","$","?","R","T","M","R","$","R","E","?","?","M","BOSS"],"items_purchased_type":["Card","Card","Relic","Card"],"build_version":"2020-12-22","purchased_purges":1,"victory":false,"max_hp_per_floor":[70,70,70,70,70,70,70,70,70,70,70,70,70,70,70,70,70,70],"relic_stats":{"OrangePellets":[0],"counters":[8,31],"Pen Nib":[3],"Kunai":[3],"obtain_stats":[{"Girya":2,"OrangePellets":10,"Pen Nib":7,"Kunai":12,"Empty Cage":0},{"Girya":1,"OrangePellets":4,"Pen Nib":2,"Kunai":5,"Empty Cage":0},{"Girya":5,"OrangePellets":16,"Pen Nib":9,"Kunai":21,"Empty Cage":0}]},"card_choices":[{"not_picked":["bronze:BitShift","bronze:Backtrace"],"picked":"bronze:CloningBeam","floor":2},{"not_picked":["bronze:Invalidate","bronze:ChildClass","bronze:BuggyMess"],"picked":"SKIP","floor":4},{"not_picked":["bronze:BronzeOrb","bronze:Frontload"],"picked":"bronze:BugBarrage","floor":8},{"not_picked":["bronze:ShipIt","bronze:AlphaBuild"],"picked":"bronze:Frontload","floor":10},{"not_picked":["bronze:WhirlingStrike","bronze:BuggyMess"],"picked":"bronze:BronzeArmor","floor":12},{"not_picked":["bronze:Frontload","bronze:CutThrough"],"picked":"bronze:Refactor","floor":13},{"not_picked":["bronze:BronzeOrb","bronze:BronzeArmor"],"picked":"bronze:Shield","floor":15}],"player_experience":1166663,"relics_obtained":[{"floor":2,"key":"Girya"},{"floor":7,"key":"Pen Nib"},{"floor":12,"key":"Kunai"}],"event_choices":[],"is_beta":false,"boss_relics":[],"items_purged_floors":[10],"is_endless":false,"potions_floor_spawned":[2,8,12],"killed_by":"DF_ARCHETYPE_STREAMLINE","ascension_level":0}}