{"host":"ffjrj7fisyni1ebk","time":1611998550,"event":{"mods":["2.2 Compatiblity","BaseMod","Bestiary","Colored Map","Colored Powertips","Curses Come First","Highlight Path","Keyboard Shortcuts","Minty Spire (QoL Compilation)","Relic Stats","Slay the Relics Exporter","StSLib","SuperFastMode"],"gold_per_floor":[113,38,51,1,12,43,58,58,58,84,84,30,0,58,58,58,58],"floor_reached":16,"language":"ENG","playtime":650,"items_purged":["Strike_R"],"score":108,"play_id":"1701945c-520c-4ef7-9603-02979af7e19b","local_time":"20210130112230","is_ascension_mode":false,"campfire_choices":[{"data":"Fire Breathing","floor":8,"key":"SMITH"},{"floor":11,"key":"REST"},{"floor":15,"key":"RECALL"}],"circlet_count":1,"master_deck":["Strike_R","Strike_R","Strike_R","Defend_R","Defend_R","Defend_R","Defend_R","Bash","Fire Breathing+1","Entrench","Ghostly Armor","Bloodletting","Feed","True Grit"],"relics":["Burning Blood","NeowsBlessing","Circlet","Eternal Feather","Turnip"],"acts_visited":[],"potions_floor_usage":[10,10,16],"damage_taken":[{"damage":0.0,"enemies":"Small Slimes","floor":1.0,"turns":1.0},{"damage":0.0,"enemies":"2 Louse","floor":3.0,"turns":1.0},{"damage":0.0,"enemies":"Jaw Worm","floor":5.0,"turns":1.0},{"damage":29.0,"enemies":"3 Sentries","floor":6.0,"turns":8.0},{"damage":17.0,"enemies":"2 Fungi Beasts","floor":7.0,"turns":7.0},{"damage":38,"enemies":"Gremlin Nob","floor":10,"turns":6},{"damage":53,"enemies":"The Guardian","floor":16,"turns":6}],"seed_played":"-807735887534680055","potions_obtained":[{"floor":6.0,"key":"BlessingOfTheForge"},{"floor":7.0,"key":"EssenceOfSteel"},{"floor":10,"key":"Dexterity Potion"}],"is_trial":false,"path_per_floor":["M","$","M","?","M","E","M","R","T","E","R","$","?","?","R","B"],"character_chosen":"IRONCLAD","items_purchased":["True Grit"],"campfire_rested":1,"item_purchase_floors":[12],"current_hp_per_floor":[80,80,80,80,80,57,46,46,46,14,44,44,44,44,50,0,0],"gold":58,"neow_bonus":"THREE_ENEMY_KILL","is_daily":false,"chose_seed":false,"campfire_upgraded":1,"win_rate":0.0,"timestamp":1611998550,"path_taken":["M","$","M","?","M","E","M","R","T","E","R","$","?","?","R","BOSS"],"items_purchased_type":["Card"],"build_version":"2020-12-22","purchased_purges":1,"victory":false,"max_hp_per_floor":[80,80,80,80,80,80,80,80,80,80,80,80,80,80,80,80,80],"relic_stats":{"counters":[2,12],"Eternal Feather":12,"Turnip":[0],"obtain_stats":[{"NeowsBlessing":0,"Circlet":0,"Eternal Feather":9,"Turnip":10,"Burning Blood":0},{"NeowsBlessing":0,"Circlet":0,"Eternal Feather":0,"Turnip":1,"Burning Blood":0},{"NeowsBlessing":0,"Circlet":0,"Eternal Feather":0,"Turnip":6,"Burning Blood":0}],"Burning Blood":6},"card_choices":[{"not_picked":["Cleave","Rampage"],"picked":"Fire Breathing","floor":1.0},{"not_picked":["Sword Boomerang","Thunderclap","Twin Strike"],"picked":"SKIP","floor":3.0},{"not_picked":["Flex","Hemokinesis"],"picked":"Entrench","floor":5.0},{"not_picked":["Havoc","Dropkick"],"picked":"Ghostly Armor","floor":6.0},{"not_picked":["Clothesline","Infernal Blade"],"picked":"Bloodletting","floor":7.0},{"not_picked":["Twin Strike","Clothesline"],"picked":"Feed","floor":10}],"player_experience":265982,"relics_obtained":[{"floor":6.0,"key":"reliquary:PartyBalloon"},{"floor":9,"key":"Eternal Feather"},{"floor":10,"key":"Turnip"}],"event_choices":[{"cards_removed":["Strike_R"],"damage_healed":0.0,"max_hp_gain":0.0,"max_hp_loss":0.0,"gold_gain":0.0,"event_name":"The Cleric","player_choice":"Card Removal","floor":4.0,"gold_loss":50.0,"damage_taken":0.0},{"damage_healed":0,"gold_gain":0,"player_choice":"Left Gold","damage_taken":0,"max_hp_gain":0,"max_hp_loss":0,"event_name":"World of Goop","floor":13,"gold_loss":30},{"damage_healed":0,"gold_gain":58,"player_choice":"Gained Gold","damage_taken":0,"max_hp_gain":0,"max_hp_loss":0,"event_name":"Golden Wing","floor":14,"gold_loss":0}],"is_beta":false,"boss_relics":[],"items_purged_floors":[2],"is_endless":false,"potions_floor_spawned":[6,7,10],"killed_by":"The Guardian","ascension_level":0}}