{"host":"d52brwsy6af8zvaq","time":1611970174,"event":{"mods":["AchievementEnabler","BaseMod","Bestiary","Highlight Path","Minty Spire (QoL Compilation)","Quick Restart","Relic Stats"],"gold_per_floor":[115,115,115,135,151,191,36,36,63,0,0,0],"floor_reached":11,"language":"ENG","playtime":387,"items_purged":["Strike_G"],"score":142,"play_id":"811a79ef-640b-4e9f-bd25-097d0fda9cd7","local_time":"20210129182934","is_ascension_mode":true,"campfire_choices":[{"data":"Footwork","floor":8.0,"key":"SMITH"}],"circlet_count":0,"master_deck":["AscendersBane","Strike_G","Strike_G","Strike_G","Strike_G","Defend_G","Defend_G","Defend_G","Defend_G","Defend_G","Survivor","Neutralize","Riddle With Holes","Well Laid Plans","Choke","Footwork+1","Blur"],"relics":["Ring of the Snake","Golden Idol","Lantern","MealTicket"],"acts_visited":[],"potions_floor_usage":[],"damage_taken":[{"damage":0.0,"enemies":"2 Louse","floor":1.0,"turns":3.0},{"damage":2.0,"enemies":"Small Slimes","floor":4.0,"turns":4.0},{"damage":0.0,"enemies":"Jaw Worm","floor":5.0,"turns":5.0},{"damage":29.0,"enemies":"3 Sentries","floor":6.0,"turns":9.0},{"damage":30,"enemies":"Lagavulin","floor":11,"turns":8}],"seed_played":"4980169440519060717","potions_obtained":[{"floor":1.0,"key":"FairyPotion"},{"floor":4.0,"key":"Strength Potion"}],"is_trial":false,"path_per_floor":["M","?","?","M","M","E","$","R","T","?","E"],"character_chosen":"THE_SILENT","items_purchased":["Blur"],"campfire_rested":0,"item_purchase_floors":[7],"current_hp_per_floor":[65,65,65,63,63,34,34,34,34,34,4,4],"gold":0,"neow_bonus":"TEN_PERCENT_HP_BONUS","is_daily":false,"chose_seed":false,"campfire_upgraded":1,"win_rate":0.0,"timestamp":1611970174,"path_taken":["M","?","?","M","M","E","?","R","T","?","E"],"items_purchased_type":["Card"],"build_version":"2020-12-22","purchased_purges":1,"victory":false,"max_hp_per_floor":[72,65,65,65,65,65,65,65,65,65,65,65],"relic_stats":{"counters":[5,29],"Golden Idol":15,"MealTicket":0,"obtain_stats":[{"Lantern":6,"Golden Idol":2,"MealTicket":9,"Ring of the Snake":0},{"Lantern":4,"Golden Idol":1,"MealTicket":4,"Ring of the Snake":0},{"Lantern":21,"Golden Idol":3,"MealTicket":21,"Ring of the Snake":0}],"Ring of the Snake":[10]},"card_choices":[{"not_picked":["Caltrops","Flying Knee"],"picked":"Riddle With Holes","floor":1.0},{"not_picked":["Catalyst","Prepared"],"picked":"Well Laid Plans","floor":4.0},{"not_picked":["Acrobatics","Leg Sweep"],"picked":"Choke","floor":5.0},{"not_picked":["Outmaneuver","Tactician"],"picked":"Footwork","floor":6.0}],"player_experience":2061511,"relics_obtained":[{"floor":6.0,"key":"Lantern"},{"floor":9.0,"key":"MealTicket"}],"event_choices":[{"damage_healed":0.0,"max_hp_gain":0.0,"max_hp_loss":7.0,"gold_gain":0.0,"event_name":"Golden Idol","player_choice":"Lose Max HP","floor":2.0,"gold_loss":0.0,"damage_taken":0.0,"relics_obtained":["Golden Idol"]},{"damage_healed":0.0,"max_hp_gain":0.0,"max_hp_loss":0.0,"gold_gain":0.0,"event_name":"Shining Light","player_choice":"Ignored","floor":3.0,"gold_loss":0.0,"damage_taken":0.0},{"damage_healed":0.0,"max_hp_gain":0.0,"max_hp_loss":0.0,"gold_gain":0.0,"event_name":"World of Goop","player_choice":"Left Gold","floor":10.0,"gold_loss":63.0,"damage_taken":0.0}],"is_beta":false,"boss_relics":[],"items_purged_floors":[7],"is_endless":false,"potions_floor_spawned":[1,4],"killed_by":"Lagavulin","ascension_level":20}}