{"host":"bcxgpd1eu8czocm9","time":1611994640,"event":{"mods":["BaseMod","Downfall","Minty Spire (QoL Compilation)","Quick Restart","Replay The Spire","Spicy Shops","StSLib","¡¾ÒÅÎï¿¨ÅÆ¡¿REMEMod"],"gold_per_floor":[117,132,149,167,179,189,216,234,259,269,69,69,89,89,89,89,89,89],"floor_reached":16,"language":"ZHS","playtime":785,"items_purged":[],"score":133,"play_id":"9cecde6a-deae-404a-9fa0-e16d78189981","local_time":"20210130161720","is_ascension_mode":false,"campfire_choices":[{"floor":11.0,"key":"RECALL"},{"floor":15,"key":"REST"}],"circlet_count":0,"master_deck":["champ:Strike","champ:Strike","champ:Strike","champ:Strike","champ:Defend","champ:Defend","champ:Defend","champ:Execute","champ:Taunt","REME_BattleFury","champ:Haymaker","champ:SwordSigil","champ:FancyFootwork","champ:SetATrap","champ:RageSigil","champ:MurderStrike","champ:TornadoPunch","champ:EnGarde"],"relics":["champ:ChampionCrown","REME_ComplimentaryCards","bronze:DecasWashers","downfall:HeartBlessingGreen","downfall:HeartBlessingBlue","champ:LiftRelic"],"acts_visited":["Exordium"],"potions_floor_usage":[],"damage_taken":[{"damage":21.0,"enemies":"Jaw Worm","floor":1.0,"turns":3.0},{"damage":10.0,"enemies":"Small Slimes","floor":2.0,"turns":3.0},{"damage":15.0,"enemies":"2 Louse","floor":3.0,"turns":2.0},{"damage":33.0,"enemies":"Blue Slaver","floor":4.0,"turns":3.0},{"damage":18.0,"enemies":"Large Slime","floor":5.0,"turns":5.0},{"damage":10.0,"enemies":"2 Fungi Beasts","floor":6.0,"turns":4.0},{"damage":13.0,"enemies":"3 Louse","floor":8.0,"turns":3.0},{"damage":31.0,"enemies":"Lagavulin","floor":9.0,"turns":7.0},{"damage":18.0,"enemies":"Blue Slaver","floor":10.0,"turns":4.0},{"damage":30,"enemies":"Gremlin Gang","floor":13,"turns":4},{"damage":64,"enemies":"WA_ARCHETYPE_RETAIN","floor":16,"turns":7}],"seed_played":"8615908761132307262","potions_obtained":[{"floor":4.0,"key":"Fire Potion"},{"floor":6.0,"key":"SpeedPotion"},{"floor":10.0,"key":"REME_GoldPotion"}],"is_trial":false,"path_per_floor":["M","M","M","M","M","M","T","M","E","M","R","?","M","?","R","B"],"character_chosen":"THE_CHAMP","items_purchased":[],"campfire_rested":1,"item_purchase_floors":[],"current_hp_per_floor":[88,88,83,75,72,67,67,54,33,25,35,35,25,25,57,0,0,0],"gold":89,"neow_bonus":"TEN_PERCENT_HP_BONUS","is_daily":false,"chose_seed":false,"campfire_upgraded":0,"win_rate":0.0,"timestamp":1611994640,"path_taken":["M","M","M","M","M","M","T","M","E","M","R","?","M","?","R","BOSS"],"items_purchased_type":[],"build_version":"2020-12-22","purchased_purges":0,"victory":false,"max_hp_per_floor":[99,99,99,99,99,99,99,99,99,99,109,109,109,109,109,109,109,109],"card_choices":[{"not_picked":["champ:AdrenalArmor","champ:PerfectedStrike"],"picked":"champ:Haymaker","floor":1.0},{"not_picked":["champ:DefensiveShout","champ:FanOfKnives"],"picked":"champ:SwordSigil","floor":2.0},{"not_picked":["champ:FanOfKnives","champ:Haymaker"],"picked":"champ:FancyFootwork","floor":3.0},{"not_picked":["champ:StanceDance","champ:BladeFlurry"],"picked":"champ:SetATrap","floor":4.0},{"not_picked":["champ:DeathBlow","champ:SkillfulDodge","champ:RecklessLeap"],"picked":"SKIP","floor":5.0},{"not_picked":["champ:StanceDance","champ:Haymaker"],"picked":"champ:RageSigil","floor":6.0},{"not_picked":["champ:CrownThrow","champ:EndlessRage"],"picked":"champ:MurderStrike","floor":8.0},{"not_picked":["champ:DefensiveShout","champ:ShieldSigil"],"picked":"champ:TornadoPunch","floor":9.0},{"not_picked":["champ:PerfectedStrike","champ:Haymaker","champ:TornadoPunch"],"picked":"SKIP","floor":10.0},{"not_picked":["champ:BerserkerStyle","champ:CrookedStrike"],"picked":"champ:EnGarde","floor":13}],"player_experience":434645,"relics_obtained":[{"floor":9.0,"key":"bronze:DecasWashers"}],"event_choices":[{"cards_removed":["champ:Defend"],"damage_healed":0.0,"max_hp_gain":0.0,"max_hp_loss":0.0,"gold_gain":0.0,"event_name":"The Cleric","player_choice":"Card Removal","floor":12.0,"gold_loss":0.0,"damage_taken":0.0}],"is_beta":false,"boss_relics":[],"items_purged_floors":[],"is_endless":false,"potions_floor_spawned":[4,6,10],"killed_by":"WA_ARCHETYPE_RETAIN","ascension_level":0}}