{"host":"usru02jcpe2a942d","time":1611966970,"event":{"mods":["Act Like it!","BaseMod","Colored Powertips","GifTheSpireLib","GungeonMod","Highlight Path","Hubris","Infinite Spire","Minty Spire (QoL Compilation)","MostiFishMod","Quick Restart","Relic Stats","RumiaBox-露米娅的神秘盒子","StSLib","noobMod","【遗物卡牌】REMEMod","篝火指南"],"gold_per_floor":[118,118,141,316,12,38,52,71,71,71,81,81,94,108,108,210,210,232,252,252,263,291,291,291,291,291,291,308,324,337,360,380,19,19,116,116,127,146,166,166,183,183,196,196,196,246,351,43,43,43,43,43],"floor_reached":53,"language":"ZHS","playtime":2765,"items_purged":["Doubt","DemoMod:Strike_Huntress","DemoMod:Strike_Huntress"],"score":738,"play_id":"b388c82e-306d-41b1-b166-e18381417582","local_time":"20210130083610","is_ascension_mode":false,"campfire_choices":[{"data":"DemoMod:Elimentaler","floor":15.0,"key":"SMITH"},{"data":"DemoMod:ChanceBullets","floor":23.0,"key":"SMITH"},{"data":"DemoMod:ManualReload","floor":27.0,"key":"SMITH"},{"data":"DemoMod:SuppressiveFire","floor":42.0,"key":"SMITH"},{"data":"MostiFishMod:JungleRules","floor":44.0,"key":"SMITH"},{"data":"MostiFishMod:OneDayCity","floor":49,"key":"SMITH"},{"data":"Madness","floor":51,"key":"SMITH"}],"circlet_count":0,"master_deck":["DemoMod:Defend_Huntress","DemoMod:Defend_Huntress","DemoMod:Defend_Huntress","DemoMod:Defend_Huntress","DemoMod:Roll","DemoMod:ManualReload+1","DemoMod:RustySidearm","DemoMod:CrossBow","DemoMod:BalloonGun+1","DemoMod:HardPowerCard","MostiFishMod:ButterFly","DemoMod:BattleInHaste","DemoMod:DoubleSwitch","DemoMod:Elimentaler+1","DemoMod:DoubleVision","DemoMod:ChanceBullets+1","DemoMod:FinishedGun","DemoMod:DoubleVision","DemoMod:FeignSurrender+1","DemoMod:FeignSurrender+1","DemoMod:BattleInHaste","DemoMod:PotionOfGunFriendShip+1","MostiFishMod:ButterFly+1","DemoMod:Camera+1","hubris:Insight+1","REME_TheoryOfElimination","DemoMod:SuppressiveFire+1","DemoMod:TripleGun+1","DemoMod:Camera+1","MostiFishMod:JungleRules+1","DemoMod:SpreadAmmo","MostiFishMod:OneDayCity+1","Madness+1","Madness"],"relics":["DemoMod:Dog","DaveBox","ice","REME_ComplimentaryCards","PatriotShield","SynthV:TestCard","hubris:Towel","hubris:SlimyHat","DemoMod:MonsterBlood","MagicDraw2","REME_LowDesire","Nunchaku","Art of War","Red Mask","Civilization","hubris:MobiusCoin","DemoMod:RatBoots","DemoMod:ResourcefulSack","DemoMod:PartiallyEatenCheese","DemoMod:Wolf","hubris:ScarierMask","Ccalipers","DemoMod:GlassGuonStoneRelic","ChaoDraw","Lee\u0027s Waffle","Omamori"],"acts_visited":["Exordium","TheCity","TheCity","TheBeyond"],"potions_floor_usage":[52],"damage_taken":[{"damage":0.0,"enemies":"Small Slimes","floor":1.0,"turns":2.0},{"damage":0.0,"enemies":"Gremlin Nob","floor":6.0,"turns":2.0},{"damage":0.0,"enemies":"Cultist","floor":7.0,"turns":2.0},{"damage":0.0,"enemies":"Jaw Worm","floor":8.0,"turns":1.0},{"damage":0.0,"enemies":"Lots of Slimes","floor":11.0,"turns":3.0},{"damage":0.0,"enemies":"Exordium Wildlife","floor":13.0,"turns":1.0},{"damage":0.0,"enemies":"3 Louse","floor":14.0,"turns":2.0},{"damage":16.0,"enemies":"The Guardian","floor":16.0,"turns":5.0},{"damage":0.0,"enemies":"Chosen","floor":18.0,"turns":2.0},{"damage":0.0,"enemies":"Spheric Guardian","floor":19.0,"turns":1.0},{"damage":0.0,"enemies":"Snake Plant","floor":21.0,"turns":2.0},{"damage":0.0,"enemies":"Masked Bandits","floor":22.0,"turns":3.0},{"damage":5.0,"enemies":"DemoMod:Veteran_shot_gun_kin_and_bullet_kin","floor":28.0,"turns":2.0},{"damage":0.0,"enemies":"DemoMod:2_Veteran_bullet_kins_and_red_shotgun_kin","floor":29.0,"turns":2.0},{"damage":5.0,"enemies":"DemoMod:2_Mousers","floor":30.0,"turns":4.0},{"damage":6.0,"enemies":"DemoMod:Red_and_blue_shotgun_kin_with_gunsinger","floor":31.0,"turns":1.0},{"damage":4.0,"enemies":"DemoMod:Veteran_shot_gun_kin_and_blue_shotgun_kin","floor":32.0,"turns":1.0},{"damage":0.0,"enemies":"DemoMod:ResourcefulRat","floor":35.0,"turns":7.0},{"damage":0.0,"enemies":"3 Shapes","floor":37.0,"turns":1.0},{"damage":0.0,"enemies":"3 Darklings","floor":38.0,"turns":1.0},{"damage":0.0,"enemies":"Spire Growth","floor":39.0,"turns":2.0},{"damage":0.0,"enemies":"4 Shapes","floor":41.0,"turns":1.0},{"damage":0.0,"enemies":"Transient","floor":43.0,"turns":5.0},{"damage":0.0,"enemies":"infinitespire:Three Voidlings","floor":47.0,"turns":2.0},{"damage":20.0,"enemies":"Nightmare_Alpha","floor":47.0,"turns":4.0},{"damage":0,"enemies":"hubris:GrandSnecko","floor":52,"turns":3}],"seed_played":"3768313392876808164","potions_obtained":[{"floor":6.0,"key":"Ancient Potion"},{"floor":7.0,"key":"FearPotion"},{"floor":8.0,"key":"Swift Potion"},{"floor":16.0,"key":"infinitespire:BlackPotion"},{"floor":19.0,"key":"Ancient Potion"},{"floor":31.0,"key":"DemoMod:LeadSkinPotion"},{"floor":35.0,"key":"DistilledChaos"},{"floor":43.0,"key":"DemoMod:LeadSkinPotion"}],"is_trial":false,"path_per_floor":["M","?","T","?","$","E","M","M","T","?","M","$","M","M","R","B",null,"M","M","?","M","?","R","AVR","?","T","R","M","M","M","M","M","R","B","B",null,"M","M","M","?","M","R","M","R","T","?","?","$","R","?","R","B",null],"character_chosen":"HUNTRESS","items_purchased":["DemoMod:GnawedKey","MostiFishMod:ButterFly","DemoMod:BattleInHaste","hubris:MobiusCoin","Lee\u0027s Waffle","Omamori"],"campfire_rested":0,"item_purchase_floors":[5,5,5,33,48,48],"current_hp_per_floor":[77,77,77,77,77,84,84,84,84,84,84,84,84,84,84,68,84,84,84,84,84,84,84,84,84,84,84,81,91,95,101,102,102,90,116,116,121,126,131,98,103,103,141,141,141,141,131,158,158,138,138,163],"gold":93,"neow_bonus":"TEN_PERCENT_HP_BONUS","is_daily":false,"chose_seed":false,"campfire_upgraded":7,"win_rate":0.0,"timestamp":1611966970,"path_taken":["M","?","?","?","$","E","?","M","T","?","M","$","M","?","R","BOSS","M","?","?","M","?","R","AVR","?","T","R","M","M","M","M","M","R","BOSS","BOSS","M","M","M","?","M","R","M","R","T","?","?","$","R","?","R","BOSS"],"items_purchased_type":["Relic","Card","Card","Relic","Relic","Relic"],"build_version":"2020-12-22","purchased_purges":3,"victory":true,"max_hp_per_floor":[77,77,77,77,77,84,84,84,84,84,84,84,84,84,84,84,84,84,84,84,84,84,84,84,84,84,84,86,91,96,101,106,106,111,116,116,121,126,131,131,136,136,141,141,141,141,151,158,158,158,158,163],"relic_stats":{"Nunchaku":[22],"Lee\u0027s Waffle":27,"counters":[27,76],"Art of War":[8],"obtain_stats":[{"PatriotShield":0,"DaveBox":0,"DemoMod:GlassGuonStoneRelic":6,"ice":0,"hubris:SlimyHat":3,"MagicDraw2":9,"Civilization":24,"Nunchaku":17,"DemoMod:MonsterBlood":6,"Ccalipers":45,"hubris:ScarierMask":36,"DemoMod:GnawedKey":5,"Red Mask":22,"REME_LowDesire":17,"hubris:MobiusCoin":33,"Lee\u0027s Waffle":48,"DemoMod:Dog":0,"DemoMod:Wolf":36,"DemoMod:PartiallyEatenCheese":36,"DemoMod:RatBoots":36,"Omamori":48,"hubris:Towel":2,"ChaoDraw":47,"SynthV:TestCard":1,"Art of War":17,"DemoMod:ResourcefulSack":36,"REME_ComplimentaryCards":0},{"PatriotShield":0,"DaveBox":0,"DemoMod:GlassGuonStoneRelic":2,"ice":0,"hubris:SlimyHat":1,"MagicDraw2":4,"Civilization":12,"Nunchaku":8,"DemoMod:MonsterBlood":2,"Ccalipers":24,"hubris:ScarierMask":19,"DemoMod:GnawedKey":1,"Red Mask":12,"REME_LowDesire":8,"hubris:MobiusCoin":17,"Lee\u0027s Waffle":26,"DemoMod:Dog":0,"DemoMod:Wolf":19,"DemoMod:PartiallyEatenCheese":19,"DemoMod:RatBoots":19,"Omamori":26,"hubris:Towel":1,"ChaoDraw":26,"SynthV:TestCard":1,"Art of War":8,"DemoMod:ResourcefulSack":19,"REME_ComplimentaryCards":0},{"PatriotShield":0,"DaveBox":0,"DemoMod:GlassGuonStoneRelic":4,"ice":0,"hubris:SlimyHat":2,"MagicDraw2":7,"Civilization":26,"Nunchaku":18,"DemoMod:MonsterBlood":4,"Ccalipers":67,"hubris:ScarierMask":57,"DemoMod:GnawedKey":2,"Red Mask":26,"REME_LowDesire":18,"hubris:MobiusCoin":36,"Lee\u0027s Waffle":73,"DemoMod:Dog":0,"DemoMod:Wolf":57,"DemoMod:PartiallyEatenCheese":57,"DemoMod:RatBoots":57,"Omamori":73,"hubris:Towel":2,"ChaoDraw":73,"SynthV:TestCard":2,"Art of War":18,"DemoMod:ResourcefulSack":57,"REME_ComplimentaryCards":0}]},"card_choices":[{"not_picked":["DemoMod:BoxingGlove","DemoMod:TableSutra"],"picked":"DemoMod:HardPowerCard","floor":1.0},{"not_picked":["DemoMod:GunShield","DemoMod:CursedBullets","DemoMod:TripleGun","DemoMod:ShadowBullets"],"picked":"DemoMod:DoubleSwitch","floor":6.0},{"not_picked":["DemoMod:FastSwitch","DemoMod:SAA","DemoMod:FortunesFavor","DemoMod:BattleInHaste"],"picked":"DemoMod:Elimentaler","floor":7.0},{"not_picked":["DemoMod:DoubleSwitch","DemoMod:AWP","DemoMod:TripleGun","DemoMod:GunstockTap"],"picked":"DemoMod:DoubleVision","floor":8.0},{"not_picked":["DemoMod:DirectionalPad","DemoMod:ShadowBullets","DemoMod:StickyCrossBow","DemoMod:JK47","DemoMod:AC15"],"picked":"SKIP","floor":11.0},{"not_picked":["DemoMod:GunstockTap","DemoMod:DirectionalPad","DemoMod:HardPowerCard","DemoMod:FastSwitch","DemoMod:Elimentaler"],"picked":"SKIP","floor":13.0},{"not_picked":["DemoMod:GunShield","DemoMod:HardPowerCard","DemoMod:TeaPot","DemoMod:JK47"],"picked":"DemoMod:FinishedGun","floor":14.0},{"not_picked":["DemoMod:BalloonGun","DemoMod:DarkMarker","DemoMod:FinishedGun","DemoMod:FightSabre"],"picked":"DemoMod:DoubleVision","floor":16.0},{"not_picked":["DemoMod:SniperShot","DemoMod:FastSwitch","DemoMod:ShadowBullets","DemoMod:ConditionalReflex","Bandage Up+1"],"picked":"DemoMod:FeignSurrender+1","floor":18.0},{"not_picked":["DemoMod:HardPowerCard","DemoMod:JK47","DemoMod:Purify","DemoMod:StickyCrossBow","Bandage Up"],"picked":"DemoMod:FeignSurrender+1","floor":19.0},{"not_picked":["DemoMod:RadGun","DemoMod:AbyssalTentacle","DemoMod:TeaPot","DemoMod:ConditionalReflex","Dramatic Entrance"],"picked":"DemoMod:BattleInHaste","floor":21.0},{"not_picked":["DemoMod:GunstockTap","DemoMod:HuntsMan","DemoMod:ShadowBullets","DemoMod:FeignSurrender","Trip"],"picked":"DemoMod:PotionOfGunFriendShip+1","floor":22.0},{"not_picked":["DemoMod:SAA+1","DemoMod:AWP","DemoMod:BoxingGlove","DemoMod:FastSwitch","DemoMod:AbyssalTentacle"],"picked":"MostiFishMod:ButterFly+1","floor":28.0},{"not_picked":["DemoMod:EasyReloadBullets+1","DemoMod:DirectionalPad","DemoMod:DoubleSwitch+1","DemoMod:Ejector+1","DemoMod:PracticeMakesPerfect","Violence"],"picked":"SKIP","floor":28.0},{"not_picked":["DemoMod:SniperShot+1","DemoMod:StickyCrossBow","DemoMod:ShadowBullets","DemoMod:AWP+1","DemoMod:Invincible"],"picked":"DemoMod:Camera+1","floor":29.0},{"not_picked":["DemoMod:SniperShot+1","DemoMod:BalloonGun","DemoMod:HuntsMan+1","DemoMod:FeignSurrender+1","DemoMod:ConditionalReflex","Impatience"],"picked":"SKIP","floor":30.0},{"not_picked":["DemoMod:Ejector","DemoMod:FinishedGun","DemoMod:Purify","DemoMod:HighKaliber","DemoMod:Unity+1"],"picked":"hubris:Insight+1","floor":31.0},{"not_picked":["DemoMod:MachoBrace+1","DemoMod:HuntsMan","DemoMod:EasyReloadBullets","DemoMod:BoxingGlove+1","DemoMod:CombinedRifle"],"picked":"REME_TheoryOfElimination","floor":32.0},{"not_picked":["DemoMod:BlankBullets","DemoMod:Elimentaler","DemoMod:FullFirepower","DemoMod:BlackHoleGun","Good Instincts+1"],"picked":"DemoMod:SuppressiveFire","floor":35.0},{"not_picked":["DemoMod:DoubleSwitch+1","DemoMod:BoxingGlove","DemoMod:Ejector+1","DemoMod:ChanceBullets","Mind Blast"],"picked":"DemoMod:TripleGun+1","floor":36.0},{"not_picked":["DemoMod:MachoBrace","DemoMod:StickyCrossBow","DemoMod:HardPowerCard+1","DemoMod:Unity+1","DemoMod:CombinedRifle+1","MostiFishMod:PerfectForm"],"picked":"SKIP","floor":37.0},{"not_picked":["DemoMod:DirectionalPad+1","DemoMod:BattleInHaste","DemoMod:FinishedGun","DemoMod:HardPowerCard+1","DemoMod:Ejector+1","Transmutation"],"picked":"SKIP","floor":38.0},{"not_picked":["DemoMod:Unmoved+1","DemoMod:EasyReloadBullets+1","DemoMod:HardPowerCard","DemoMod:JK47","DemoMod:MegaHand","MostiFishMod:PerfectForm"],"picked":"SKIP","floor":39.0},{"not_picked":["hubris:InfiniteBlow","infinitespire:Menacing"],"picked":"hubris:Fate","floor":40.0},{"not_picked":["DemoMod:FeignSurrender","DemoMod:HighKaliber","DemoMod:AC15","DemoMod:Unmoved+1","MostiFishMod:SupremeArchaeology"],"picked":"DemoMod:Camera+1","floor":41.0},{"not_picked":["DemoMod:MegaHand","DemoMod:DirectionalPad","DemoMod:TripleGun","DemoMod:BattleInHaste+1","DemoMod:TableSutra"],"picked":"MostiFishMod:JungleRules","floor":43.0},{"not_picked":["DemoMod:SniperShot","DemoMod:GunstockTap+1","DemoMod:ZorGun+1","DemoMod:Polaris","DemoMod:PotionOfGunFriendShip"],"picked":"MostiFishMod:OneDayCity","floor":47}],"player_experience":230329,"relics_obtained":[{"floor":1.0,"key":"SynthV:TestCard"},{"floor":3.0,"key":"hubris:SlimyHat"},{"floor":6.0,"key":"DemoMod:MonsterBlood"},{"floor":9.0,"key":"MagicDraw2"},{"floor":17.0,"key":"Nunchaku"},{"floor":17.0,"key":"Art of War"},{"floor":22.0,"key":"Red Mask"},{"floor":36.0,"key":"DemoMod:RatBoots"},{"floor":36.0,"key":"DemoMod:ResourcefulSack"},{"floor":36.0,"key":"DemoMod:PartiallyEatenCheese"},{"floor":36.0,"key":"DemoMod:Wolf"},{"floor":36.0,"key":"hubris:ScarierMask"},{"floor":45.0,"key":"Ccalipers"},{"floor":47,"key":"ChaoDraw"}],"event_choices":[{"damage_healed":0.0,"max_hp_gain":0.0,"max_hp_loss":0.0,"gold_gain":175.0,"event_name":"Liars Game","player_choice":"AGREE","floor":4.0,"gold_loss":0.0,"damage_taken":0.0,"cards_obtained":["Doubt"]},{"damage_healed":0.0,"max_hp_gain":0.0,"max_hp_loss":0.0,"gold_gain":0.0,"cards_transformed":["DemoMod:Strike_Huntress"],"event_name":"Transmorgrifier","player_choice":"Transformed","floor":10.0,"gold_loss":0.0,"damage_taken":0.0,"cards_obtained":["DemoMod:ChanceBullets"]},{"damage_healed":0.0,"max_hp_gain":0.0,"max_hp_loss":0.0,"gold_gain":0.0,"event_name":"Ghosts","player_choice":"Ignored","floor":20.0,"gold_loss":0.0,"damage_taken":0.0},{"damage_healed":0.0,"max_hp_gain":0.0,"max_hp_loss":0.0,"gold_gain":0.0,"event_name":"Masked Bandits","player_choice":"Fought Bandits","floor":22.0,"gold_loss":0.0,"damage_taken":0.0},{"damage_healed":0,"gold_gain":0,"player_choice":"Embrace Madness","damage_taken":20,"max_hp_gain":0,"max_hp_loss":0,"event_name":"Winding Halls","floor":50,"gold_loss":0,"cards_obtained":["Madness","Madness"]}],"is_beta":false,"boss_relics":[{"not_picked":["RhineFirstAidKit","SacredBark"],"picked":"REME_LowDesire"},{"not_picked":[]}],"items_purged_floors":[5,24,33],"is_endless":true,"potions_floor_spawned":[6,7,8,16,19,22,29,31,35,37,41,43,47],"ascension_level":0}}