{"host":"u7lm8z2rvb4dg2oo","time":1611985812,"event":{"mods":["AchievementEnabler","BaseMod","Bestiary","Block Reminder","Colored Map","Colored Powertips","Curses Come First","DeckTracker","Googly Eyes","Highlight Path","Minty Spire (QoL Compilation)","Quick Restart","StSLib"],"gold_per_floor":[116,126,144,161,6,33,33,49,49,69,69,80,80,80,80,185,185,197,207,224,17,33,33,68,68,95,95,113,124,75,75,75,179,179,194,213,263,263,263],"floor_reached":38,"language":"ENG","playtime":4306,"items_purged":[],"score":736,"play_id":"aeccd07f-812c-47b2-aa93-7f4d857d63d0","local_time":"20210130005012","is_ascension_mode":true,"campfire_choices":[{"data":"Footwork","floor":7.0,"key":"SMITH"},{"floor":11.0,"key":"REST"},{"data":"Noxious Fumes","floor":13.0,"key":"SMITH"},{"data":"Bouncing Flask","floor":15.0,"key":"SMITH"},{"floor":23.0,"key":"REST"},{"floor":25.0,"key":"REST"},{"floor":27.0,"key":"REST"},{"floor":32.0,"key":"REST"}],"circlet_count":0,"master_deck":["AscendersBane","Strike_G","Strike_G","Strike_G","Strike_G","Strike_G","Defend_G","Defend_G","Defend_G","Defend_G","Defend_G","Survivor","Neutralize","Caltrops","Bouncing Flask+1","Well Laid Plans","Noxious Fumes+1","Deadly Poison","Footwork+1","Dodge and Roll+1","Bouncing Flask+1","Corpse Explosion+1","Leg Sweep+1","Terror+1","Backflip+1","Catalyst+1","Noxious Fumes","Poisoned Stab","Deadly Poison+1","Bane","PiercingWail+1","Bullet Time+1","Backflip+1","Underhanded Strike+1"],"relics":["Ring of the Serpent","Snake Skull","Ice Cream","Toxic Egg 2","Gremlin Horn","StrikeDummy","Akabeko","Philosopher\u0027s Stone","Dead Branch"],"acts_visited":["Exordium","TheCity","TheBeyond"],"potions_floor_usage":[38],"damage_taken":[{"damage":0.0,"enemies":"Jaw Worm","floor":1.0,"turns":7.0},{"damage":0.0,"enemies":"Cultist","floor":2.0,"turns":5.0},{"damage":10.0,"enemies":"Small Slimes","floor":3.0,"turns":4.0},{"damage":5.0,"enemies":"Looter","floor":4.0,"turns":5.0},{"damage":14.0,"enemies":"Gremlin Nob","floor":6.0,"turns":4.0},{"damage":4.0,"enemies":"Large Slime","floor":8.0,"turns":5.0},{"damage":8.0,"enemies":"Blue Slaver","floor":10.0,"turns":3.0},{"damage":1.0,"enemies":"Exordium Wildlife","floor":12.0,"turns":3.0},{"damage":23.0,"enemies":"Slime Boss","floor":16.0,"turns":8.0},{"damage":3.0,"enemies":"Shell Parasite","floor":18.0,"turns":5.0},{"damage":16.0,"enemies":"2 Thieves","floor":19.0,"turns":4.0},{"damage":17.0,"enemies":"Centurion and Healer","floor":20.0,"turns":5.0},{"damage":12.0,"enemies":"Sentry and Sphere","floor":22.0,"turns":6.0},{"damage":21.0,"enemies":"Gremlin Leader","floor":24.0,"turns":6.0},{"damage":14.0,"enemies":"Cultist and Chosen","floor":28.0,"turns":4.0},{"damage":17.0,"enemies":"Shelled Parasite and Fungi","floor":29.0,"turns":4.0},{"damage":0.0,"enemies":"Champ","floor":33.0,"turns":6.0},{"damage":10.0,"enemies":"Orb Walker","floor":35.0,"turns":3.0},{"damage":22.0,"enemies":"3 Darklings","floor":36.0,"turns":4.0},{"damage":3.0,"enemies":"Mind Bloom Boss Battle","floor":37.0,"turns":5.0},{"damage":29,"enemies":"Writhing Mass","floor":38,"turns":4}],"seed_played":"6514222452378379071","potions_obtained":[{"floor":2.0,"key":"LiquidBronze"},{"floor":4.0,"key":"GamblersBrew"},{"floor":10.0,"key":"CunningPotion"},{"floor":12.0,"key":"Weak Potion"},{"floor":24.0,"key":"ColorlessPotion"},{"floor":28.0,"key":"LiquidBronze"},{"floor":29.0,"key":"DistilledChaos"},{"floor":33.0,"key":"LiquidBronze"},{"floor":35.0,"key":"LiquidBronze"},{"floor":36.0,"key":"Dexterity Potion"}],"is_trial":false,"path_per_floor":["M","M","M","M","$","E","R","M","T","M","R","M","R","?","R","B",null,"M","M","M","$","M","R","E","R","T","R","M","M","$","$","R","B",null,"M","M","?","M"],"character_chosen":"THE_SILENT","items_purchased":["Noxious Fumes","Deadly Poison","SteroidPotion","Catalyst+1","Noxious Fumes","Dexterity Potion","PowerPotion"],"campfire_rested":5,"item_purchase_floors":[5,5,5,21,21,21,30],"current_hp_per_floor":[63,63,53,48,48,34,34,30,30,22,43,42,42,42,42,19,57,54,38,21,21,9,30,9,30,30,51,37,20,20,20,41,41,63,53,31,28,0,0],"gold":263,"neow_bonus":"RANDOM_COMMON_RELIC","is_daily":false,"chose_seed":false,"campfire_upgraded":3,"win_rate":0.0,"timestamp":1611985812,"path_taken":["M","M","M","M","$","E","R","M","T","M","R","M","R","?","R","BOSS","M","M","M","$","M","R","E","R","T","R","M","?","?","$","R","BOSS","M","M","?","M"],"items_purchased_type":["Card","Card","Potion","Card","Card","Potion","Potion"],"build_version":"2020-12-22","purchased_purges":0,"victory":false,"max_hp_per_floor":[70,70,70,70,70,70,70,70,70,70,70,70,70,70,70,70,70,70,70,70,70,70,70,70,70,70,70,70,70,70,70,70,70,70,70,70,70,70,70],"card_choices":[{"not_picked":["Outmaneuver","Dagger Throw"],"picked":"Caltrops","floor":1.0},{"not_picked":["Backflip","Outmaneuver"],"picked":"Bouncing Flask","floor":2.0},{"not_picked":["Backstab","Endless Agony"],"picked":"Well Laid Plans","floor":3.0},{"not_picked":["Cloak And Dagger","Well Laid Plans","Riddle With Holes"],"picked":"SKIP","floor":4.0},{"not_picked":["Distraction","Deflect"],"picked":"Footwork","floor":6.0},{"not_picked":["Calculated Gamble","Cloak And Dagger","Dagger Spray"],"picked":"SKIP","floor":8.0},{"not_picked":["Prepared+1","Finisher"],"picked":"Dodge and Roll+1","floor":10.0},{"not_picked":["Prepared+1","Outmaneuver+1"],"picked":"Bouncing Flask+1","floor":12.0},{"not_picked":["Wraith Form v2","Tools of the Trade"],"picked":"Corpse Explosion+1","floor":16.0},{"not_picked":["Dagger Throw","Outmaneuver+1"],"picked":"Leg Sweep+1","floor":18.0},{"not_picked":["Acrobatics+1","Backstab"],"picked":"Terror+1","floor":19.0},{"not_picked":["Outmaneuver+1","Unload"],"picked":"Backflip+1","floor":20.0},{"not_picked":["Outmaneuver+1","Footwork"],"picked":"Poisoned Stab","floor":22.0},{"not_picked":["Concentrate+1","Dodge and Roll+1"],"picked":"Deadly Poison+1","floor":24.0},{"not_picked":["Deflect+1","Flying Knee+1"],"picked":"Bane","floor":28.0},{"not_picked":["Unload","Expertise+1"],"picked":"PiercingWail+1","floor":29.0},{"not_picked":["Phantasmal Killer+1","Unload"],"picked":"Bullet Time+1","floor":33.0},{"not_picked":["Quick Slash+1","Slice"],"picked":"Backflip+1","floor":35.0},{"not_picked":["Distraction+1","Slice+1","Blade Dance+1"],"picked":"SKIP","floor":36.0},{"not_picked":["Accuracy+1","Setup+1"],"picked":"Underhanded Strike+1","floor":37.0}],"player_experience":1056496,"relics_obtained":[{"floor":6.0,"key":"Ice Cream"},{"floor":9.0,"key":"Toxic Egg 2"},{"floor":24.0,"key":"StrikeDummy"},{"floor":26.0,"key":"Akabeko"},{"floor":37.0,"key":"Dead Branch"}],"event_choices":[{"damage_healed":0.0,"max_hp_gain":0.0,"max_hp_loss":0.0,"gold_gain":0.0,"event_name":"WeMeetAgain","player_choice":"Gave Potion","floor":14.0,"gold_loss":0.0,"damage_taken":0.0,"relics_obtained":["Gremlin Horn"]},{"damage_healed":0.0,"max_hp_gain":0.0,"max_hp_loss":0.0,"gold_gain":0.0,"event_name":"MindBloom","player_choice":"Fight","floor":37.0,"gold_loss":0.0,"damage_taken":0.0}],"is_beta":false,"boss_relics":[{"not_picked":["Fusion Hammer","SacredBark"],"picked":"Ring of the Serpent"},{"not_picked":["Snecko Eye","Coffee Dripper"],"picked":"Philosopher\u0027s Stone"}],"items_purged_floors":[],"is_endless":false,"potions_floor_spawned":[2,4,10,12,24,28,29,33,35,36],"killed_by":"Writhing Mass","ascension_level":11}}