{"host":"0awa854l6bexpjrv","time":1611983536,"event":{"mods":["BaseMod","Block Reminder","Colored Map","Colored Powertips","Downfall","Highlight Path","Minty Spire (QoL Compilation)","Quick Restart","Rare Cards Sparkle","StSLib","SuperFastMode"],"gold_per_floor":[366,366,382,399,415,415,429,445,445,620,63,63,141,160,160,264,264,280,71,89,108,108,108,120,140,140,140,140],"floor_reached":27,"language":"ENG","playtime":2842,"items_purged":["Doubt","Strike_R"],"score":251,"play_id":"c73e2ec6-e3e1-43e4-9e22-60c138eb6a7b","local_time":"20210129211216","is_ascension_mode":true,"campfire_choices":[{"data":"Anger","floor":6.0,"key":"SMITH"},{"data":"Spot Weakness","floor":12.0,"key":"SMITH"},{"floor":15.0,"key":"REST"},{"floor":23,"key":"REST"}],"circlet_count":0,"master_deck":["Strike_R+1","Strike_R+1","Strike_R+1","Strike_R+1","Defend_R+1","Defend_R+1","Defend_R+1","Defend_R+1","Bash+1","Clash","Heavy Blade","Anger+1","Heavy Blade","Inflame","Headbutt","Spot Weakness+1","Whirlwind","Impervious","Clothesline","Seeing Red","Uppercut","Bloodletting+1","Sever Soul","Havoc+1","Power Through+1"],"relics":["Burning Blood","Letter Opener","Incense Burner","Frozen Egg 2","Mark of Pain","White Beast Statue"],"acts_visited":["Exordium","TheCity"],"potions_floor_usage":[16,16,18,27],"damage_taken":[{"damage":6.0,"enemies":"Jaw Worm","floor":1.0,"turns":5.0},{"damage":0.0,"enemies":"Cultist","floor":3.0,"turns":3.0},{"damage":0.0,"enemies":"2 Louse","floor":4.0,"turns":2.0},{"damage":21.0,"enemies":"Exordium Wildlife","floor":5.0,"turns":4.0},{"damage":8.0,"enemies":"2 Fungi Beasts","floor":7.0,"turns":3.0},{"damage":6.0,"enemies":"Looter","floor":8.0,"turns":2.0},{"damage":12.0,"enemies":"Large Slime","floor":14.0,"turns":3.0},{"damage":28,"enemies":"Hexaghost","floor":16,"turns":6},{"damage":12,"enemies":"Chosen","floor":18,"turns":3},{"damage":21,"enemies":"Shell Parasite","floor":20,"turns":5},{"damage":21,"enemies":"Shelled Parasite and Fungi","floor":21,"turns":4},{"damage":26,"enemies":"Snake Plant","floor":24,"turns":3},{"damage":0,"enemies":"Cultist and Chosen","floor":25,"turns":5},{"damage":45,"enemies":"Book of Stabbing","floor":27,"turns":4}],"seed_played":"7103987641389202790","potions_obtained":[{"floor":3.0,"key":"champ:CounterPotion"},{"floor":5.0,"key":"Guardian:BlockOnCardUsePotion"},{"floor":16,"key":"AttackPotion"},{"floor":18,"key":"BlessingOfTheForge"}],"is_trial":false,"path_per_floor":["M","?","M","M","M","R","M","M","T","?","$","R","T","M","R","B",null,"M","$","M","M","?","R","M","M","T","E"],"character_chosen":"IRONCLAD","items_purchased":["Incense Burner","Spot Weakness","CultistPotion","Seeing Red","Uppercut"],"campfire_rested":2,"item_purchase_floors":[11,11,11,19,19],"current_hp_per_floor":[72,72,72,72,57,57,55,55,55,55,55,55,55,49,70,48,72,66,66,51,36,36,57,37,43,43,0,0],"gold":140,"neow_bonus":"TWO_FIFTY_GOLD","is_daily":false,"chose_seed":false,"campfire_upgraded":2,"win_rate":0.0,"timestamp":1611983536,"path_taken":["M","?","M","?","M","R","M","?","T","?","$","R","?","M","R","BOSS","M","$","M","M","?","R","M","M","T","E"],"items_purchased_type":["Relic","Card","Potion","Card","Card"],"build_version":"2020-12-22","purchased_purges":2,"victory":false,"max_hp_per_floor":[72,72,72,72,72,72,72,72,72,72,72,72,72,72,72,72,72,72,72,72,72,72,72,72,72,72,72,72],"card_choices":[{"not_picked":["Feel No Pain","Warcry"],"picked":"Clash","floor":1.0},{"not_picked":["Feel No Pain","Body Slam"],"picked":"Heavy Blade","floor":3.0},{"not_picked":["Armaments","Flex"],"picked":"Anger","floor":4.0},{"not_picked":["Corruption","Perfected Strike"],"picked":"Heavy Blade","floor":5.0},{"not_picked":["Second Wind","Combust"],"picked":"Inflame","floor":7.0},{"not_picked":["Disarm","Iron Wave"],"picked":"Headbutt","floor":8.0},{"not_picked":["Rupture+1","Shrug It Off"],"picked":"Whirlwind","floor":14.0},{"not_picked":["Feed","Double Tap"],"picked":"Impervious","floor":16},{"not_picked":["Twin Strike+1","Power Through"],"picked":"Clothesline","floor":18},{"not_picked":["Intimidate+1","Sever Soul"],"picked":"Bloodletting+1","floor":20},{"not_picked":["Clothesline","Rupture+1"],"picked":"Sever Soul","floor":21},{"not_picked":["Dark Embrace+1","Twin Strike"],"picked":"Havoc+1","floor":24},{"not_picked":["Feed","Wild Strike"],"picked":"Power Through+1","floor":25}],"player_experience":670511,"relics_obtained":[{"floor":9.0,"key":"Letter Opener"},{"floor":13.0,"key":"Frozen Egg 2"},{"floor":26,"key":"White Beast Statue"}],"event_choices":[{"damage_healed":0.0,"max_hp_gain":0.0,"max_hp_loss":0.0,"gold_gain":0.0,"event_name":"Upgrade Shrine","player_choice":"Upgraded","floor":2.0,"gold_loss":0.0,"damage_taken":0.0,"cards_upgraded":["Bash"]},{"damage_healed":0.0,"max_hp_gain":0.0,"max_hp_loss":0.0,"gold_gain":175.0,"event_name":"Liars Game","player_choice":"AGREE","floor":10.0,"gold_loss":0.0,"damage_taken":0.0,"cards_obtained":["Doubt"]},{"damage_healed":0,"gold_gain":0,"player_choice":"Simplicity","damage_taken":0,"max_hp_gain":0,"max_hp_loss":0,"event_name":"Back to Basics","floor":22,"gold_loss":0,"cards_upgraded":["Strike_R","Strike_R","Strike_R","Strike_R","Defend_R","Defend_R","Defend_R","Defend_R"]}],"is_beta":false,"boss_relics":[{"not_picked":["Calling Bell","Busted Crown"],"picked":"Mark of Pain"}],"items_purged_floors":[11,19],"is_endless":false,"potions_floor_spawned":[3,5,16,18],"killed_by":"Book of Stabbing","ascension_level":4}}