{"host":"otf1z5955ddlv5pq","time":1611974422,"event":{"mods":["BaseMod","Better Altar","Better Match","Better Note","Better Sensory Stone","Better Skull","Better Third Choice","Colored Map","Colored Powertips","Downfall","Minty Spire (QoL Compilation)","Rare Cards Sparkle","StSLib","Synergy Search"],"gold_per_floor":[118,2,20,20,20,20,38,56,56,79,94,123,123,137,137,233,233,245,122,122,147,164,164,182,57,132,142,171,171,199,209,209,308,308,323,339,639,649,335,335,346,346,346,171,200,104,104,122,122,122],"floor_reached":51,"language":"ENG","playtime":3343,"items_purged":["Strike_G","Defend_G","Strike_G","Defend_G","Defend_G"],"score":804,"play_id":"aa8db9bf-fe68-4165-87cb-21708f5afba1","local_time":"20210129184022","is_ascension_mode":true,"campfire_choices":[{"data":"Infinite Blades","floor":6,"key":"SMITH"},{"data":"Footwork","floor":13,"key":"SMITH"},{"data":"Accuracy","floor":15,"key":"SMITH"},{"data":"Cloak And Dagger","floor":23,"key":"SMITH"},{"floor":32,"key":"REST"},{"data":"Envenom","floor":40,"key":"SMITH"},{"data":"Adrenaline","floor":42,"key":"SMITH"},{"floor":47,"key":"REST"},{"floor":49,"key":"DIG"}],"circlet_count":0,"master_deck":["Defend_G","Defend_G","Survivor","Neutralize","Dagger Spray","Infinite Blades+1","Adrenaline+1","Deflect","Footwork+1","Dash","Accuracy+1","Dodge and Roll","Cloak And Dagger+1","Blade Dance","Cloak And Dagger+1","Slice","Envenom+1","Backstab+1","Flash of Steel"],"relics":["Ring of the Serpent","Eternal Feather","Bronze Scales","Turnip","Red Mask","Bottled Lightning","Bag of Marbles","Art of War","WristBlade","Shovel","Meat on the Bone","StrikeDummy"],"acts_visited":["Exordium","TheCity","TheBeyond"],"potions_floor_usage":[16,16,16,28,30,33,33,38,50,50],"damage_taken":[{"damage":0,"enemies":"2 Louse","floor":1,"turns":3},{"damage":0,"enemies":"Jaw Worm","floor":3,"turns":4},{"damage":0,"enemies":"Cultist","floor":7,"turns":4},{"damage":0,"enemies":"2 Fungi Beasts","floor":8,"turns":4},{"damage":1,"enemies":"Red Slaver","floor":11,"turns":3},{"damage":4,"enemies":"3 Sentries","floor":12,"turns":7},{"damage":0,"enemies":"3 Louse","floor":14,"turns":3},{"damage":0,"enemies":"Slime Boss","floor":16,"turns":4},{"damage":0,"enemies":"Spheric Guardian","floor":18,"turns":5},{"damage":7,"enemies":"Masked Bandits","floor":21,"turns":5},{"damage":0,"enemies":"3 Byrds","floor":22,"turns":3},{"damage":0,"enemies":"3 Cultists","floor":24,"turns":5},{"damage":14,"enemies":"Snake Plant","floor":27,"turns":4},{"damage":20,"enemies":"Slavers","floor":28,"turns":4},{"damage":0,"enemies":"Book of Stabbing","floor":30,"turns":4},{"damage":0,"enemies":"Chosen and Byrds","floor":31,"turns":4},{"damage":36,"enemies":"Champ","floor":33,"turns":14},{"damage":3,"enemies":"3 Shapes","floor":35,"turns":4},{"damage":2,"enemies":"Orb Walker","floor":36,"turns":3},{"damage":0,"enemies":"3 Darklings","floor":38,"turns":3},{"damage":23,"enemies":"Spire Growth","floor":41,"turns":4},{"damage":13,"enemies":"Nemesis","floor":45,"turns":7},{"damage":0,"enemies":"Transient","floor":48,"turns":5},{"damage":45,"enemies":"Donu and Deca","floor":50,"turns":7}],"seed_played":"1738955145666651530","potions_obtained":[{"floor":3,"key":"DuplicationPotion"},{"floor":7,"key":"CunningPotion"},{"floor":12,"key":"Strength Potion"},{"floor":27,"key":"Strength Potion"},{"floor":28,"key":"Block Potion"},{"floor":30,"key":"BlessingOfTheForge"},{"floor":31,"key":"SpeedPotion"},{"floor":36,"key":"AttackPotion"},{"floor":45,"key":"Ancient Potion"},{"floor":48,"key":"sneckomod:MuddlingPotion"}],"is_trial":false,"path_per_floor":["M","$","M","?","?","R","M","M","T","T","M","E","R","M","R","B",null,"M","$","?","?","M","R","M","$","T","M","E","?","E","M","R","B",null,"M","M","?","M","$","R","M","R","T","$","E","$","R","M","R","B",null],"character_chosen":"THE_SILENT","items_purchased":["Infinite Blades","Cloak And Dagger","Envenom","Flash of Steel"],"campfire_rested":2,"item_purchase_floors":[2,19,39,46],"current_hp_per_floor":[70,70,70,75,75,75,75,75,75,75,74,70,75,75,75,75,75,75,75,75,68,68,75,75,75,75,61,41,41,41,41,72,36,75,72,70,70,70,70,75,52,61,61,61,48,48,75,75,75,42],"gold":122,"neow_bonus":"REMOVE_CARD","is_daily":false,"chose_seed":false,"campfire_upgraded":6,"win_rate":0.0,"timestamp":1611974422,"path_taken":["M","$","M","?","?","R","?","M","T","?","M","E","R","M","R","BOSS","M","$","?","?","M","R","M","$","T","M","E","?","E","M","R","BOSS","M","?","?","M","$","R","M","R","T","$","E","$","R","M","R","BOSS"],"items_purchased_type":["Card","Card","Card","Card"],"build_version":"2020-12-22","purchased_purges":5,"victory":true,"max_hp_per_floor":[70,70,70,75,75,75,75,75,75,75,75,75,75,75,75,75,75,75,75,75,75,75,75,75,75,75,75,75,75,75,75,75,75,75,75,75,75,75,75,75,75,75,75,75,75,75,75,75,75,75],"card_choices":[{"not_picked":["Slice","Blur"],"picked":"Dagger Spray","floor":1},{"not_picked":["Quick Slash","Endless Agony","Riddle With Holes"],"picked":"SKIP","floor":3},{"not_picked":["Calculated Gamble","Riddle With Holes"],"picked":"Deflect","floor":7},{"not_picked":["Dodge and Roll","Acrobatics"],"picked":"Footwork","floor":8},{"not_picked":["Phantasmal Killer","Quick Slash","Outmaneuver"],"picked":"SKIP","floor":11},{"not_picked":["Expertise","Phantasmal Killer"],"picked":"Dash","floor":12},{"not_picked":["Outmaneuver","Dagger Spray"],"picked":"Accuracy","floor":14},{"not_picked":["Masterful Stab","Poisoned Stab"],"picked":"Dodge and Roll","floor":18},{"not_picked":["Expertise","Acrobatics","Deadly Poison"],"picked":"SKIP","floor":22},{"not_picked":["Predator+1","Outmaneuver","Well Laid Plans"],"picked":"SKIP","floor":24},{"not_picked":["Well Laid Plans","Flying Knee","Acrobatics+1"],"picked":"SKIP","floor":27},{"not_picked":["Leg Sweep+1","Cloak And Dagger"],"picked":"Blade Dance","floor":28},{"not_picked":["Footwork","Outmaneuver","Bouncing Flask"],"picked":"SKIP","floor":30},{"not_picked":["Bane","Dagger Spray","Unload"],"picked":"SKIP","floor":31},{"not_picked":["All Out Attack+1","Endless Agony+1"],"picked":"Cloak And Dagger+1","floor":35},{"not_picked":["Cloak And Dagger","Acrobatics+1"],"picked":"Slice","floor":36},{"not_picked":["Dagger Throw","Bouncing Flask+1","Crippling Poison+1"],"picked":"SKIP","floor":38},{"not_picked":["Dagger Throw+1","Distraction+1","Concentrate+1"],"picked":"SKIP","floor":41},{"not_picked":["Catalyst","Dodge and Roll"],"picked":"Backstab+1","floor":45},{"not_picked":["Sucker Punch","Catalyst+1","Bane+1"],"picked":"SKIP","floor":48}],"player_experience":1207188,"relics_obtained":[{"floor":9,"key":"Eternal Feather"},{"floor":10,"key":"Bronze Scales"},{"floor":12,"key":"Turnip"},{"floor":21,"key":"Red Mask"},{"floor":26,"key":"Bottled Lightning"},{"floor":28,"key":"Bag of Marbles"},{"floor":30,"key":"Art of War"},{"floor":43,"key":"Shovel"},{"floor":45,"key":"Meat on the Bone"},{"floor":49,"key":"StrikeDummy"}],"event_choices":[{"damage_healed":0,"gold_gain":0,"player_choice":"Donut","damage_taken":0,"max_hp_gain":5,"max_hp_loss":0,"event_name":"Big Fish","floor":4,"gold_loss":0},{"damage_healed":0,"gold_gain":0,"cards_transformed":["Strike_G"],"player_choice":"Change","damage_taken":0,"max_hp_gain":0,"max_hp_loss":0,"event_name":"Living Wall","floor":5,"gold_loss":0,"cards_obtained":["Adrenaline"]},{"cards_removed":["Adrenaline"],"damage_healed":0,"gold_gain":0,"player_choice":"Give","damage_taken":0,"max_hp_gain":0,"max_hp_loss":0,"event_name":"betterNote:BetterNote","floor":20,"gold_loss":0,"cards_obtained":["None"]},{"damage_healed":0,"gold_gain":0,"player_choice":"Fought Bandits","damage_taken":0,"max_hp_gain":0,"max_hp_loss":0,"event_name":"Masked Bandits","floor":21,"gold_loss":0},{"cards_removed":["Strike_G"],"damage_healed":0,"gold_gain":0,"player_choice":"Purged","damage_taken":0,"max_hp_gain":0,"max_hp_loss":0,"event_name":"Purifier","floor":29,"gold_loss":0},{"damage_healed":0,"gold_gain":300,"player_choice":"Gold","damage_taken":0,"max_hp_gain":0,"max_hp_loss":0,"event_name":"Wheel of Change","floor":37,"gold_loss":0}],"is_beta":false,"boss_relics":[{"not_picked":["Tiny House","Philosopher\u0027s Stone"],"picked":"Ring of the Serpent"},{"not_picked":["SlaversCollar","Runic Dome"],"picked":"WristBlade"}],"items_purged_floors":[2,19,25,39,44],"is_endless":false,"potions_floor_spawned":[3,7,12,27,28,30,31,36,45,48],"ascension_level":1}}