{"host":"5p9hybygolzp0efr","time":1611975990,"event":{"mods":["AchievementEnabler","BaseMod","Bestiary","Colored Map","Minty Spire (QoL Compilation)","Permanent Neow","Relic Stats","StSLib"],"gold_per_floor":[114,133,153,172,17,32,62,62,88,68,86,86,114,126,126,126,126],"floor_reached":16,"language":"ENG","playtime":816,"items_purged":["Strike_R"],"score":171,"play_id":"e59100a8-3cac-4d02-8f47-9201c9bd3f2d","local_time":"20210130110630","is_ascension_mode":true,"campfire_choices":[{"floor":8,"key":"REST"},{"data":"True Grit","floor":12,"key":"SMITH"},{"floor":15,"key":"REST"}],"circlet_count":0,"master_deck":["AscendersBane","Strike_R","Strike_R","Strike_R","Strike_R","Defend_R","Defend_R","Defend_R","Defend_R","Bash","Clothesline","Cleave","Shrug It Off","Carnage","Fire Breathing","True Grit+1","Thunderclap","Shrug It Off"],"relics":["Philosopher\u0027s Stone","Mummified Hand","Strawberry","Akabeko"],"acts_visited":["Exordium"],"potions_floor_usage":[7,16],"damage_taken":[{"damage":18,"enemies":"Small Slimes","floor":1,"turns":4},{"damage":0,"enemies":"Cultist","floor":2,"turns":2},{"damage":0,"enemies":"2 Louse","floor":3,"turns":3},{"damage":4,"enemies":"Looter","floor":4,"turns":2},{"damage":21,"enemies":"Exordium Thugs","floor":6,"turns":4},{"damage":18,"enemies":"Lagavulin","floor":7,"turns":5},{"damage":0,"enemies":"Large Slime","floor":11,"turns":4},{"damage":21,"enemies":"3 Sentries","floor":13,"turns":5},{"damage":17,"enemies":"3 Louse","floor":14,"turns":3},{"damage":33,"enemies":"Hexaghost","floor":16,"turns":10}],"seed_played":"-8120749528253046414","potions_obtained":[{"floor":2,"key":"SteroidPotion"},{"floor":4,"key":"Strength Potion"},{"floor":6,"key":"CultistPotion"},{"floor":10,"key":"EssenceOfSteel"}],"is_trial":false,"path_per_floor":["M","M","M","M","$","M","E","R","T","?","M","R","E","M","R","B"],"character_chosen":"IRONCLAD","items_purchased":["Carnage"],"campfire_rested":2,"item_purchase_floors":[5],"current_hp_per_floor":[54,54,54,50,50,29,11,35,42,42,42,42,21,4,30,0,0],"gold":126,"neow_bonus":"BOSS_RELIC","is_daily":false,"chose_seed":false,"campfire_upgraded":1,"win_rate":0.0,"timestamp":1611975990,"path_taken":["M","M","M","M","$","M","E","R","T","?","M","R","E","M","R","BOSS"],"items_purchased_type":["Card"],"build_version":"2020-12-22","purchased_purges":1,"victory":false,"max_hp_per_floor":[80,80,80,80,80,80,80,80,87,87,87,87,87,87,87,87,87],"relic_stats":{"counters":[10,42],"Mummified Hand":[3],"obtain_stats":[{"Mummified Hand":7,"Strawberry":9,"Philosopher\u0027s Stone":0,"Burning Blood":0,"Akabeko":13},{"Mummified Hand":6,"Strawberry":6,"Philosopher\u0027s Stone":0,"Burning Blood":0,"Akabeko":8},{"Mummified Hand":20,"Strawberry":20,"Philosopher\u0027s Stone":0,"Burning Blood":0,"Akabeko":29}]},"card_choices":[{"not_picked":["Clash","Entrench"],"picked":"Clothesline","floor":1},{"not_picked":["Uppercut","Heavy Blade","Warcry"],"picked":"SKIP","floor":2},{"not_picked":["True Grit","Anger"],"picked":"Cleave","floor":3},{"not_picked":["Twin Strike","Seeing Red"],"picked":"Shrug It Off","floor":4},{"not_picked":["Carnage","Warcry"],"picked":"Fire Breathing","floor":6},{"not_picked":["Immolate","Cleave","Ghostly Armor"],"picked":"SKIP","floor":7},{"not_picked":["Clash","Ghostly Armor"],"picked":"True Grit","floor":11},{"not_picked":["Rupture","True Grit"],"picked":"Thunderclap","floor":13},{"not_picked":["Shrug It Off","Reaper","Headbutt"],"picked":"SKIP","floor":14},{"not_picked":["Reaper","Headbutt"],"picked":"Shrug It Off","floor":14}],"player_experience":562378,"relics_obtained":[{"floor":7,"key":"Mummified Hand"},{"floor":9,"key":"Strawberry"},{"floor":13,"key":"Akabeko"}],"event_choices":[{"damage_healed":0,"gold_gain":0,"player_choice":"Bought 1 Potion","damage_taken":0,"max_hp_gain":0,"max_hp_loss":0,"event_name":"The Woman in Blue","floor":10,"gold_loss":0}],"is_beta":false,"boss_relics":[],"items_purged_floors":[5],"is_endless":false,"potions_floor_spawned":[2,4,6,11],"killed_by":"Hexaghost","ascension_level":10}}