{"host":"5kuyqt569m09uheu","time":1611976241,"event":{"mods":["BaseMod","Downfall","Minty Spire (QoL Compilation)","StSLib"],"gold_per_floor":[99,115,127,577,603,630,630,730,755,855,873,31,23,23,34,140,140,140,152,175,188,188,201,201,401,401,416,2,14,14,14,29,136,136,136,147,163,163,190,228,240,252,317,329,358,370,370,370],"floor_reached":46,"language":"ENG","playtime":2756,"items_purged":[],"score":585,"play_id":"2fc0e236-ee12-4af6-bed3-d23eb140e9ec","local_time":"20210130041041","is_ascension_mode":false,"campfire_choices":[{"data":"hexamod:Float","floor":1,"key":"SMITH"},{"floor":10,"key":"RECALL"},{"data":"hexamod:UnlimitedPower","floor":18,"key":"SMITH"},{"floor":30,"key":"REST"},{"data":"hexamod:VolcanoVisage","floor":35,"key":"SMITH"},{"floor":44,"key":"REST"}],"circlet_count":0,"master_deck":["hexamod:Sear+1","hexamod:Float+1","hexamod:StepThrough+1","downfall:Icky","downfall:Icky","hexamod:EmpoweredFlame+1","hexamod:SpectersWail+1","hexamod:WildfireWeapon+1","hexamod:HauntingEcho","hexamod:ThirdSeal","hexamod:RainOfEmbers+1","hexamod:RainOfEmbers","hexamod:FirstSeal","hexamod:SecondSeal","hexamod:ThirdSeal","hexamod:FourthSeal","hexamod:FourthSeal","hexamod:SixthSeal","hexamod:TimeOfNeed","hexamod:PhantomCloak+1","hexamod:UnlimitedPower+1","hexamod:PhantomFireball+1","hexamod:NecessarySacrifice","hexamod:SixthSeal","hexamod:HauntingEcho+1","hexamod:SoulSteal","hexamod:DynamicBlow+1","hexamod:GhostLash+1","hexamod:ThermalTransfer+1","hexamod:VolcanoVisage+1","hexamod:InspiringFlames+1","hexamod:FourthSeal","Writhe","hexamod:ExtraCrispy+1","hexamod:NightmareGuise+1","Pride","hexamod:Incineration+1","hexamod:SpectralAdrenaline","hexamod:SpectersWail+1","hexamod:SearingWound","hexamod:SecondSeal","hexamod:SpectersWail","hexamod:InspiringFlames+1","hexamod:RadiantFlame","hexamod:ParanormalForm","hexamod:ChargedBarrage+1","hexamod:GhostOfSpirePast+1","hexamod:GhostOfSpireFuture+1","hexamod:EmpoweredFlame","hexamod:GhostOfSpirePresent","hexamod:RainOfEmbers"],"relics":["hexamod:UnbrokenSoul","Akabeko","Pear","The Courier","downfall:GremlinWheel","Centennial Puzzle","Lantern","Gremlin Horn","Whetstone","Vajra","War Paint","Pandora\u0027s Box","Question Card","Tiny Chest","Ornamental Fan","Chemical X","Bird Faced Urn","CaptainsWheel","MawBank","Torii","Meat on the Bone","Du-Vu Doll"],"acts_visited":["Exordium","TheCity","TheBeyond"],"potions_floor_usage":[6,19,29,33,33,33,43],"damage_taken":[{"damage":0,"enemies":"Cultist","floor":2,"turns":3},{"damage":2,"enemies":"Jaw Worm","floor":3,"turns":4},{"damage":7,"enemies":"Gremlin Nob","floor":6,"turns":3},{"damage":22,"enemies":"Gremlin Nob","floor":8,"turns":4},{"damage":9,"enemies":"Lagavulin","floor":9,"turns":9},{"damage":5,"enemies":"Small Slimes","floor":11,"turns":3},{"damage":0,"enemies":"downfall:FleeingMerchant","floor":12,"turns":4},{"damage":0,"enemies":"Red Slaver","floor":15,"turns":1},{"damage":33,"enemies":"SI_SHIV_ARCHETYPE","floor":16,"turns":10},{"damage":14,"enemies":"3 Byrds","floor":19,"turns":4},{"damage":12,"enemies":"Shell Parasite","floor":20,"turns":5},{"damage":10,"enemies":"Snecko","floor":21,"turns":3},{"damage":3,"enemies":"Centurion and Healer","floor":23,"turns":3},{"damage":36,"enemies":"Centurion and Healer","floor":25,"turns":7},{"damage":24,"enemies":"Cultist and Chosen","floor":27,"turns":5},{"damage":5,"enemies":"downfall:FleeingMerchant","floor":28,"turns":4},{"damage":15,"enemies":"Shelled Parasite and Fungi","floor":29,"turns":5},{"damage":32,"enemies":"Centurion and Healer","floor":32,"turns":4},{"damage":27,"enemies":"WA_ARCHETYPE_CALM","floor":33,"turns":8},{"damage":11,"enemies":"Orb Walker","floor":36,"turns":3},{"damage":16,"enemies":"3 Darklings","floor":37,"turns":3},{"damage":11,"enemies":"Transient","floor":39,"turns":5},{"damage":99,"enemies":"Reptomancer","floor":40,"turns":8},{"damage":15,"enemies":"2 Orb Walkers","floor":43,"turns":3},{"damage":10,"enemies":"Jaw Worm Horde","floor":45,"turns":2},{"damage":82,"enemies":"Nemesis","floor":46,"turns":6}],"seed_played":"-3818667065940717","potions_obtained":[{"floor":3,"key":"AttackPotion"},{"floor":9,"key":"DistilledChaos"},{"floor":16,"key":"Dexterity Potion"},{"floor":16,"key":"ColorlessPotion"},{"floor":16,"key":"Guardian:BlockOnCardUsePotion"},{"floor":19,"key":"FairyPotion"},{"floor":32,"key":"SmokeBomb"},{"floor":32,"key":"Weak Potion"},{"floor":32,"key":"DistilledChaos"},{"floor":32,"key":"BlessingOfTheForge"},{"floor":33,"key":"CultistPotion"},{"floor":33,"key":"Strength Potion"},{"floor":33,"key":"FairyPotion"},{"floor":40,"key":"Slimebound:ThreeZeroPotion"},{"floor":45,"key":"CultistPotion"}],"is_trial":false,"path_per_floor":["R","M","M","?","T","E","T","?","E","R","M","$","?","?","M","B",null,"R","M","M","M","?","M","T","?","?","M","$","M","R","T","M","B",null,"R","M","M","T","M","E","T","?","?","R","M","E"],"character_chosen":"THE_SPIRIT","items_purchased":["hexamod:ThirdSeal","Lantern","Gremlin Horn","hexamod:RainOfEmbers","hexamod:RainOfEmbers","Whetstone","Vajra","War Paint","Chemical X","Bird Faced Urn","hexamod:SecondSeal"],"campfire_rested":2,"item_purchase_floors":[12,12,12,12,12,12,12,12,28,28,28],"current_hp_per_floor":[77,77,75,75,75,78,78,56,47,47,42,42,35,35,35,2,87,87,73,61,58,58,55,55,26,26,9,4,26,52,52,32,27,87,87,76,66,66,67,29,29,29,32,58,52,0,0,0],"gold":370,"neow_bonus":"TEN_PERCENT_HP_BONUS","is_daily":false,"chose_seed":false,"campfire_upgraded":3,"win_rate":0.0,"timestamp":1611976241,"path_taken":["R","M","M","?","?","E","T","?","E","R","?","$","?","?","M","BOSS","R","M","M","M","?","M","T","?","?","M","$","M","R","?","M","BOSS","R","M","M","?","?","E","T","?","?","R","M","E"],"items_purchased_type":["Card","Relic","Relic","Card","Card","Relic","Relic","Relic","Relic","Relic","Card"],"build_version":"2020-12-22","purchased_purges":0,"victory":false,"max_hp_per_floor":[77,77,77,77,77,87,87,87,87,87,87,87,87,87,87,87,87,87,87,87,87,87,87,87,87,87,87,87,87,87,87,87,87,87,87,87,87,87,87,87,87,87,87,87,87,87,87,87],"card_choices":[{"not_picked":["hexamod:HauntingEcho","hexamod:AdvancingGuard"],"picked":"hexamod:StepThrough","floor":2},{"not_picked":["hexamod:HauntingEcho","hexamod:Firestarter"],"picked":"hexamod:GhostShield","floor":3},{"not_picked":["hexamod:HauntingEcho","hexamod:AdvancingGuard"],"picked":"hexamod:EmpoweredFlame","floor":6},{"not_picked":["hexamod:GhostflameBarrier","hexamod:AdvancingGuard"],"picked":"hexamod:SpectersWail","floor":9},{"not_picked":["hexamod:GhostShield","hexamod:ThermalTransfer"],"picked":"hexamod:WildfireWeapon","floor":11},{"not_picked":["hexamod:FastForward","hexamod:Haunt"],"picked":"hexamod:HauntingEcho","floor":12},{"not_picked":["hexamod:HeatMetal","hexamod:BacktrackSmack"],"picked":"hexamod:FourthSeal","floor":15},{"not_picked":["hexamod:GhostflameInferno","hexamod:WildfireWeapon"],"picked":"hexamod:SixthSeal","floor":16},{"not_picked":["hexamod:ForkedFlame","hexamod:WildfireWeapon"],"picked":"hexamod:TimeOfNeed","floor":16},{"not_picked":["hexamod:ThermalTransfer","hexamod:Hexaguard"],"picked":"hexamod:GhostLash","floor":19},{"not_picked":["hexamod:SkipABeat","hexamod:FastForward+1"],"picked":"hexamod:ThermalTransfer+1","floor":19},{"not_picked":["hexamod:Rewind","hexamod:GhostflameBarrier"],"picked":"hexamod:VolcanoVisage","floor":20},{"not_picked":["hexamod:GhostShield","hexamod:BacktrackSmack"],"picked":"hexamod:InspiringFlames+1","floor":20},{"not_picked":["hexamod:Rewind","hexamod:NightmareStrike"],"picked":"hexamod:FourthSeal","floor":21},{"not_picked":["hexamod:GhostflameBarrier","hexamod:GhostShield","hexamod:BacktrackSmack+1"],"picked":"hexamod:ExtraCrispy+1","floor":23},{"not_picked":["hexamod:EmpoweredFlame","hexamod:SwordOfDarkness","hexamod:NightmareStrike"],"picked":"hexamod:NightmareGuise+1","floor":23},{"not_picked":["hexamod:PhantomFireball+1","hexamod:HeatCrush","hexamod:PhantomCloak"],"picked":"hexamod:Incineration+1","floor":27},{"not_picked":["hexamod:SecondSeal","hexamod:Firestarter","hexamod:ShieldOfDarkness"],"picked":"hexamod:SpectralAdrenaline","floor":27},{"not_picked":["hexamod:GhostflameBarrier","hexamod:ThermalTransfer","hexamod:Firestarter"],"picked":"hexamod:SpectersWail+1","floor":27},{"not_picked":["hexamod:SwordOfDarkness","hexamod:FastForward","hexamod:BurningTouch+1"],"picked":"hexamod:SearingWound","floor":28},{"not_picked":["hexamod:HeatMetal+1","hexamod:AdvancingGuard","hexamod:StepThrough+1"],"picked":"hexamod:SpectersWail","floor":29},{"not_picked":["hexamod:Firestarter+1","hexamod:PhantomCloak","hexamod:HeatMetal"],"picked":"hexamod:InspiringFlames","floor":29},{"not_picked":["hexamod:NightmareStrike","hexamod:ThirdSeal","hexamod:SpectersWail"],"picked":"hexamod:RadiantFlame","floor":32},{"not_picked":["hexamod:TimeOfNeed","hexamod:FifthSeal","hexamod:ForkedFlame"],"picked":"hexamod:ParanormalForm","floor":33},{"not_picked":["hexamod:StepThrough+1","hexamod:NightmareGuise","hexamod:BacktrackSmack+1"],"picked":"hexamod:ChargedBarrage+1","floor":36},{"not_picked":["hexamod:RecurringNightmare","hexamod:HauntingEcho+1","hexamod:NecessarySacrifice"],"picked":"hexamod:GhostOfSpirePast+1","floor":37},{"not_picked":["hexamod:BacktrackSmack+1","hexamod:ShieldOfDarkness","hexamod:SkipABeat"],"picked":"hexamod:GhostOfSpireFuture+1","floor":39},{"not_picked":["hexamod:SpectersWail","hexamod:GhostflameBarrier","hexamod:NightmareStrike"],"picked":"hexamod:EmpoweredFlame","floor":40},{"not_picked":["hexamod:PhantomCloak+1","hexamod:ShieldOfDarkness","hexamod:NightmareStrike"],"picked":"hexamod:GhostOfSpirePresent","floor":43},{"not_picked":["hexamod:PhantomFireball","hexamod:InspiringFlames","hexamod:StepThrough+1"],"picked":"hexamod:RainOfEmbers","floor":45}],"player_experience":3913924,"relics_obtained":[{"floor":5,"key":"Akabeko"},{"floor":6,"key":"Pear"},{"floor":7,"key":"The Courier"},{"floor":8,"key":"downfall:GremlinWheel"},{"floor":9,"key":"Centennial Puzzle"},{"floor":24,"key":"Tiny Chest"},{"floor":38,"key":"CaptainsWheel"},{"floor":40,"key":"MawBank"},{"floor":41,"key":"Torii"},{"floor":42,"key":"Meat on the Bone"},{"floor":43,"key":"Du-Vu Doll"}],"event_choices":[{"damage_healed":0,"gold_gain":100,"player_choice":"Gold","damage_taken":0,"max_hp_gain":0,"max_hp_loss":0,"event_name":"Wheel of Change","floor":10,"gold_loss":0},{"cards_removed":["downfall:Icky"],"damage_healed":0,"gold_gain":0,"player_choice":"Card Removal","damage_taken":0,"max_hp_gain":0,"max_hp_loss":0,"event_name":"The Cleric","floor":14,"gold_loss":0},{"damage_healed":0,"gold_gain":0,"player_choice":"Stole Relic","damage_taken":0,"relics_obtained":["Ornamental Fan"],"max_hp_gain":0,"max_hp_loss":0,"event_name":"Addict","floor":26,"gold_loss":0,"cards_obtained":["Pride"]},{"damage_healed":0,"gold_gain":0,"player_choice":"Fight","damage_taken":0,"max_hp_gain":0,"max_hp_loss":0,"event_name":"Mysterious Sphere","floor":43,"gold_loss":0}],"is_beta":false,"boss_relics":[{"not_picked":["bronze:MakeshiftBattery","Coffee Dripper"],"picked":"Pandora\u0027s Box"},{"not_picked":["SacredBark","Sozu"],"picked":"hexamod:UnbrokenSoul"}],"items_purged_floors":[],"is_endless":false,"potions_floor_spawned":[3,9,16,19,23,25,32,37,40,45],"killed_by":"Nemesis","ascension_level":0}}