{"host":"hfxahm4y1ssattqc","time":1611990585,"event":{"mods":["2.2 Compatiblity","Act Like it!","Aspiration","BaseMod","Beaked The Cultist","Better Third Choice","BetterRewards","Colored Map","Colored Powertips","Custom Start","Googly Eyes","Halation","Hallownest","Hermit","Highlight Path","Hubris","Mimic Mod","Minty Spire (QoL Compilation)","Reorder Act Four","Replay The Spire","Shop Mod","Spikes Relics","StSLib","The Bug Knight","The IronCluck","The Jungle","Unknown Chances","slay the spire mod where everything is the same but ironclad has a cowboy hat"],"gold_per_floor":[116,133,148,162,172,172,124,124,149,166,194,206,240,267,267,372,372,384,384,299,399,418,418,453,453,453,476,495,530,540,558,558,558,558],"floor_reached":33,"language":"ENG","playtime":1106,"items_purged":[],"score":328,"play_id":"85da20a3-e6b7-42ac-b587-4afbfed2f04f","local_time":"20210129230945","is_ascension_mode":false,"campfire_choices":[{"data":"Whirlwind","floor":6.0,"key":"SMITH"},{"data":"Armaments","floor":15.0,"key":"SMITH"},{"floor":23.0,"key":"REST"},{"data":"Disarm","floor":25.0,"key":"SMITH"},{"floor":32,"key":"REST"}],"circlet_count":0,"master_deck":["Strike_R+1","Strike_R+1","Strike_R+1","Strike_R+1","Strike_R+1","Defend_R+1","Defend_R+1","Defend_R+1","Defend_R+1","Bash","Cleave","Heavy Blade+1","Bloodletting","Whirlwind+1","Seeing Red","Armaments+1","Armaments+1","Inflame","ReplayTheSpireMod:Muscle Training","Disarm+1","Berserk","beaked:CursingBlood","hubris:ReadiedAction+1","Disarm"],"relics":["Burning Blood","NeowsBlessing","Ancient Tea Set","CeramicFish","aspiration:BeakedSkillbook","halation:BlackBeret","RollingBoulder","hubris:Reverence","Gremlin Food"],"acts_visited":["Exordium","TheCity"],"potions_floor_usage":[33,33],"damage_taken":[{"damage":0.0,"enemies":"Cultist","floor":1.0,"turns":1.0},{"damage":0.0,"enemies":"2 Louse","floor":2.0,"turns":1.0},{"damage":0.0,"enemies":"Jaw Worm","floor":3.0,"turns":1.0},{"damage":8.0,"enemies":"Looter","floor":4.0,"turns":2.0},{"damage":16.0,"enemies":"Large Slime","floor":5.0,"turns":4.0},{"damage":0.0,"enemies":"Gremlin Gang","floor":10.0,"turns":1.0},{"damage":33.0,"enemies":"3 Sentries","floor":11.0,"turns":7.0},{"damage":8.0,"enemies":"Lots of Slimes","floor":12.0,"turns":3.0},{"damage":3.0,"enemies":"Lagavulin","floor":13.0,"turns":4.0},{"damage":16.0,"enemies":"Blue Slaver","floor":14.0,"turns":5.0},{"damage":39.0,"enemies":"The Guardian","floor":16.0,"turns":10.0},{"damage":34.0,"enemies":"Chosen","floor":18.0,"turns":6.0},{"damage":24.0,"enemies":"Spheric Guardian","floor":22.0,"turns":4.0},{"damage":25.0,"enemies":"HollowMod:Nosk","floor":24.0,"turns":9.0},{"damage":3.0,"enemies":"3 Cultists","floor":27.0,"turns":1.0},{"damage":7.0,"enemies":"Centurion and Healer","floor":28.0,"turns":4.0},{"damage":20.0,"enemies":"Book of Stabbing","floor":29.0,"turns":5.0},{"damage":8.0,"enemies":"Snecko","floor":30.0,"turns":5.0},{"damage":43.0,"enemies":"Cultist and Chosen","floor":31.0,"turns":9.0},{"damage":51,"enemies":"Champ","floor":33,"turns":10}],"seed_played":"955086171945951101","potions_obtained":[{"floor":2.0,"key":"AttackPotion"},{"floor":3.0,"key":"BloodPotion"},{"floor":12.0,"key":"Explosive Potion"},{"floor":13.0,"key":"Adrenaline Potion"},{"floor":16.0,"key":"Adrenaline Potion"},{"floor":22.0,"key":"DistilledChaos"},{"floor":28.0,"key":"FearPotion"}],"is_trial":false,"path_per_floor":["M","M","M","M","M","R","$","?","T","M","E","M","E","M","R","B",null,"M","?","?","?","M","R","E","R","T","M","M","E","M","M","R","B"],"character_chosen":"IRONCLAD","items_purchased":["Armaments"],"campfire_rested":2,"item_purchase_floors":[7],"current_hp_per_floor":[80,80,80,78,68,68,68,68,68,74,63,61,64,54,54,21,80,52,52,52,52,39,63,62,62,62,65,64,50,48,11,35,0,0],"gold":558,"neow_bonus":"THREE_ENEMY_KILL","is_daily":false,"chose_seed":false,"campfire_upgraded":3,"win_rate":0.0,"timestamp":1611990585,"path_taken":["M","?","M","M","M","R","$","?","T","M","E","M","E","M","R","BOSS","M","?","?","?","M","R","E","R","T","M","M","E","?","M","R","BOSS"],"items_purchased_type":["Card"],"build_version":"2020-12-22","purchased_purges":0,"victory":false,"max_hp_per_floor":[80,80,80,80,80,80,80,80,80,80,80,80,80,80,80,80,80,80,80,80,80,80,80,80,80,80,80,80,80,80,80,80,80,80],"card_choices":[{"not_picked":["Warcry","Second Wind"],"picked":"Cleave","floor":1.0},{"not_picked":["Sword Boomerang","Pummel"],"picked":"Heavy Blade","floor":2.0},{"not_picked":["Havoc","hubris:ReadiedAction"],"picked":"Bloodletting","floor":3.0},{"not_picked":["Uppercut","Entrench"],"picked":"Whirlwind","floor":4.0},{"not_picked":["Anger","Wild Strike"],"picked":"Seeing Red","floor":5.0},{"not_picked":["Anger","Warcry"],"picked":"Armaments","floor":10.0},{"not_picked":["Rampage","Uppercut"],"picked":"Inflame","floor":11.0},{"not_picked":["Wild Strike","Warcry","Perfected Strike"],"picked":"SKIP","floor":12.0},{"not_picked":["Havoc","ReplayTheSpireMod:Corrosion Curse"],"picked":"ReplayTheSpireMod:Muscle Training","floor":13.0},{"not_picked":["Feed","Thunderclap"],"picked":"Disarm","floor":14.0},{"not_picked":["Fiend Fire","Barricade"],"picked":"Berserk","floor":16.0},{"not_picked":["Clash+1","beaked:BarbedWire+1","beaked:Overexert","beaked:Resilience"],"picked":"SKIP","floor":18.0},{"not_picked":["beaked:Pecker","beaked:Evade","Carnage"],"picked":"beaked:CursingBlood","floor":22.0},{"not_picked":["Bloodletting+1","beaked:FeelMyPain+1","Inflame"],"picked":"hubris:ReadiedAction+1","floor":24.0},{"not_picked":["beaked:BarbedWire","Abandon+1","Sword Boomerang"],"picked":"Disarm","floor":27.0},{"not_picked":["beaked:HuntressSpirit","Invigoration","Flex+1","beaked:WarriorSpirit"],"picked":"SKIP","floor":28.0},{"not_picked":["beaked:Foresight","beaked:Negation","ReplayTheSpireMod:Corrosion Curse","Life Link"],"picked":"SKIP","floor":29.0},{"not_picked":["Headbutt","beaked:Caw","beaked:Redirect","beaked:TuckingFeathers"],"picked":"SKIP","floor":30.0},{"not_picked":["beaked:Overpower","beaked:Cower","beaked:Insight","beaked:MaddeningMurmurs"],"picked":"SKIP","floor":31.0}],"player_experience":945001,"relics_obtained":[{"floor":11.0,"key":"Ancient Tea Set"},{"floor":13.0,"key":"CeramicFish"},{"floor":24.0,"key":"RollingBoulder"},{"floor":26.0,"key":"hubris:Reverence"},{"floor":29.0,"key":"Gremlin Food"}],"event_choices":[{"damage_healed":0.0,"max_hp_gain":0.0,"max_hp_loss":9.0,"gold_gain":0.0,"event_name":"betterThird:BetterWriting","player_choice":"Simplicity","floor":19.0,"gold_loss":0.0,"damage_taken":0.0},{"damage_healed":0.0,"max_hp_gain":0.0,"max_hp_loss":0.0,"gold_gain":0.0,"event_name":"Addict","player_choice":"Obtained Relic","floor":20.0,"gold_loss":85.0,"damage_taken":0.0,"relics_obtained":["halation:BlackBeret"]},{"damage_healed":0.0,"max_hp_gain":0.0,"max_hp_loss":0.0,"gold_gain":100.0,"event_name":"Golden Shrine","player_choice":"Pray","floor":21.0,"gold_loss":0.0,"damage_taken":0.0}],"is_beta":false,"boss_relics":[{"not_picked":["halation:ForbiddenBikini","aspiration:DefectSkillbook"],"picked":"aspiration:BeakedSkillbook"}],"items_purged_floors":[],"is_endless":false,"potions_floor_spawned":[2,3,12,13,16,18,22,28],"killed_by":"Champ","ascension_level":0}}