{"host":"juoup3p5tvzzktl5","time":1611989685,"event":{"mods":["ATMod(∞¢Ë™Mod)","Aspiration","BaseMod","Better Vampires","BetterRewards","Colored Map","Colored Powertips","Downfall","Friendly Minions","GifTheSpireLib","Hermit","Hubris","Infinite Spire","KinomotoSakuraMod(ƒæ÷Æ±æ”£)","Koishi","KomeijiMod","Marisa£®ÏF”Í°°ƒß¿Ì…≥£©","Minty Spire (QoL Compilation)","Quick Restart","Reimu£®≤©¿ˆ¡È√Œ£©","Relic Filter Mod","Reliquary","Replay The Spire","Shop Mod","StSLib","The Administrix","The Alterego","The Bug Knight","The Construct","The Cursed","The Jungle","The Mystic","The Runesmith","The Senshi","Youmu£®ªÍ∆«—˝√Œ£©","Yuyuko"],"gold_per_floor":[99,119,136,147,158,158,458,486,498,514,530,430,430,446,456,456,456,456],"floor_reached":16,"language":"ZHS","playtime":665,"items_purged":[],"score":108,"play_id":"9793837a-c2a1-471f-94f2-26ec3fc3fe54","local_time":"20210130155445","is_ascension_mode":false,"campfire_choices":[{"data":"Guardian:TwinSlam","floor":1.0,"key":"SMITH"},{"floor":12,"key":"REST"}],"circlet_count":0,"master_deck":["Guardian:Strike_Guardian","Guardian:Strike_Guardian","Guardian:Strike_Guardian","Guardian:Strike_Guardian","Guardian:Defend_Guardian","Guardian:Defend_Guardian","Guardian:Defend_Guardian","Guardian:Defend_Guardian","Guardian:CurlUp","Guardian:TwinSlam+1","Guardian:Incinerate","Guardian:BodySlam","Guardian:ChargeCore","Guardian:RollAttack","Guardian:ShieldSpikes","Guardian:Planning","Guardian:TemporalStrike"],"relics":["Guardian:ModeShifter","AT_ATBox","downfall:BrokenWingStatue","Old Coin","HollowMod:StagPassRelic","downfall:HeartBlessingGreen","Replay:PocketPolymizer"],"acts_visited":["Exordium"],"potions_floor_usage":[],"damage_taken":[{"damage":1.0,"enemies":"Jaw Worm","floor":2.0,"turns":5.0},{"damage":2.0,"enemies":"Small Slimes","floor":3.0,"turns":4.0},{"damage":1.0,"enemies":"Cultist","floor":4.0,"turns":3.0},{"damage":6.0,"enemies":"Exordium Wildlife","floor":5.0,"turns":4.0},{"damage":20.0,"enemies":"Lagavulin","floor":8.0,"turns":6.0},{"damage":11,"enemies":"Lots of Slimes","floor":9,"turns":4},{"damage":12,"enemies":"3 Louse","floor":10,"turns":3},{"damage":8,"enemies":"Large Slime","floor":11,"turns":6},{"damage":0,"enemies":"2 Fungi Beasts","floor":14,"turns":2},{"damage":0,"enemies":"Exordium Wildlife","floor":15,"turns":3},{"damage":36,"enemies":"DF_ARCHETYPE_STREAMLINE","floor":16,"turns":9}],"seed_played":"7040734521192786618","potions_obtained":[{"floor":2.0,"key":"Strength Potion"},{"floor":5.0,"key":"ZuzhouPotion:ReiMu"},{"floor":11,"key":"Explosive Potion"},{"floor":14,"key":"infinitespire:BlackPotion"}],"is_trial":false,"path_per_floor":["R","M","M","M","M","?","T","E","M","M","M","R","?","M","M","B"],"character_chosen":"GUARDIAN","items_purchased":[],"campfire_rested":1,"item_purchase_floors":[],"current_hp_per_floor":[88,87,85,84,78,78,78,58,47,35,27,53,35,35,35,0,0,0],"gold":456,"neow_bonus":"TEN_PERCENT_HP_BONUS","is_daily":false,"chose_seed":false,"campfire_upgraded":1,"win_rate":0.0,"timestamp":1611989685,"path_taken":["R","M","M","M","M","?","T","E","M","M","M","R","?","M","M","BOSS"],"items_purchased_type":[],"build_version":"2020-12-22","purchased_purges":0,"victory":false,"max_hp_per_floor":[88,88,88,88,88,88,88,88,88,88,88,88,88,88,88,88,88,88],"card_choices":[{"not_picked":["Guardian:WalkerClaw","Guardian:Repulse","Guardian:Reroute"],"picked":"SKIP","floor":2.0},{"not_picked":["Guardian:BronzeArmor","Guardian:Planning"],"picked":"Guardian:Incinerate","floor":3.0},{"not_picked":["Guardian:Planning","Guardian:RollAttack"],"picked":"Guardian:BodySlam","floor":4.0},{"not_picked":["Guardian:RollAttack","Guardian:TemporalShield"],"picked":"Guardian:Gem_White","floor":5.0},{"not_picked":["Guardian:Incinerate","Guardian:DecasProtection"],"picked":"Guardian:ChargeCore","floor":8},{"not_picked":["Guardian:Incinerate","Guardian:CrystalBeam"],"picked":"Guardian:RollAttack","floor":9},{"not_picked":["Guardian:ShieldCharger","Guardian:DonusPower"],"picked":"Guardian:Gem_Red","floor":10},{"not_picked":["Guardian:Preprogram","Guardian:Gem_White"],"picked":"Guardian:ShieldSpikes","floor":11},{"not_picked":["Guardian:PrimingBeam","Guardian:RefractedBeam"],"picked":"Guardian:Planning","floor":14},{"not_picked":["Guardian:Repulse","Guardian:VentSteam"],"picked":"Guardian:TemporalStrike","floor":15}],"player_experience":1134374,"relics_obtained":[{"floor":7.0,"key":"Old Coin"},{"floor":8,"key":"HollowMod:StagPassRelic"}],"event_choices":[{"damage_healed":0,"gold_gain":0,"player_choice":"Success","damage_taken":18,"relics_obtained":["Replay:PocketPolymizer"],"max_hp_gain":0,"max_hp_loss":0,"event_name":"Scrap Ooze","floor":13,"gold_loss":0}],"is_beta":false,"boss_relics":[],"items_purged_floors":[],"is_endless":false,"potions_floor_spawned":[2,5,11,14,15],"killed_by":"DF_ARCHETYPE_STREAMLINE","ascension_level":0}}