{"host":"8is2j71l4wmybkoi","time":1612021979,"event":{"mods":["AchievementEnabler","BaseMod","Colored Map","Minty Spire (QoL Compilation)","Rare Cards Sparkle","StSLib","SuperFastMode"],"gold_per_floor":[109,184,239,239,259,259,290,290,340,340,340,360,376,409,409,514,514,528,43,62,75,75,75,105,117,117,132,132,132,132,157,157,257,257,271,284,284,302,320,320,353,376,388,413,425,437,449,487,499,511,523,535,38,70,70],"floor_reached":56,"language":"KOR","playtime":2533,"items_purged":["Strike_G","Defend_G"],"score":1733,"play_id":"99f3ef01-9281-4f33-9ecd-6ba141d4fdf7","local_time":"20210131005259","is_ascension_mode":true,"campfire_choices":[{"data":"Neutralize","floor":6.0,"key":"SMITH"},{"data":"Dagger Spray","floor":8.0,"key":"SMITH"},{"data":"Heel Hook","floor":10.0,"key":"SMITH"},{"data":"Terror","floor":15,"key":"SMITH"},{"data":"Sucker Punch","floor":23,"key":"SMITH"},{"data":"Acrobatics","floor":28,"key":"SMITH"},{"floor":30,"key":"REST"},{"data":"Heel Hook","floor":32,"key":"SMITH"},{"data":"Tactician","floor":40,"key":"SMITH"},{"floor":45,"key":"DIG"},{"floor":47,"key":"RECALL"},{"floor":49,"key":"DIG"},{"data":"Reflex","floor":52,"key":"SMITH"}],"circlet_count":0,"master_deck":["AscendersBane","Strike_G","Defend_G","Defend_G","Defend_G","Defend_G","Survivor","Neutralize+1","Heel Hook+1","Heel Hook+1","Dagger Spray+1","Escape Plan","Terror+1","Venomology","Leg Sweep","Well Laid Plans+1","Sucker Punch+1","Acrobatics+1","Phantasmal Killer","Blur","Acrobatics+1","Tactician+1","Reflex+1","Injury","Panacea","Dark Shackles","Apotheosis"],"relics":["Ring of the Snake","NeowsBlessing","Bronze Scales","Toy Ornithopter","Snake Skull","Paper Crane","Empty Cage","Incense Burner","Bag of Preparation","Ancient Tea Set","Cursed Key","MawBank","Shovel","Centennial Puzzle","PreservedInsect","Kunai","Sling","Sundial"],"acts_visited":["Exordium","TheCity","TheBeyond","TheEnding"],"potions_floor_usage":[14,16,18,18,21,24,24,24,27,31,31,33,33,33,36,39,41,41,42,42,42,42,42,48,48,50,50,54,55,55,55,55],"damage_taken":[{"damage":0.0,"enemies":"Small Slimes","floor":1.0,"turns":1.0},{"damage":0.0,"enemies":"Jaw Worm","floor":5.0,"turns":1.0},{"damage":0.0,"enemies":"3 Sentries","floor":7.0,"turns":1.0},{"damage":14.0,"enemies":"The Mushroom Lair","floor":11.0,"turns":4.0},{"damage":0,"enemies":"Cultist","floor":12,"turns":3},{"damage":4,"enemies":"Blue Slaver","floor":13,"turns":3},{"damage":15,"enemies":"Lagavulin","floor":14,"turns":6},{"damage":18,"enemies":"The Guardian","floor":16,"turns":10},{"damage":26,"enemies":"Spheric Guardian","floor":18,"turns":6},{"damage":10,"enemies":"3 Byrds","floor":20,"turns":4},{"damage":0,"enemies":"3 Cultists","floor":21,"turns":4},{"damage":37,"enemies":"Gremlin Leader","floor":24,"turns":6},{"damage":0,"enemies":"Snecko","floor":25,"turns":5},{"damage":1,"enemies":"Cultist and Chosen","floor":27,"turns":3},{"damage":8,"enemies":"Book of Stabbing","floor":31,"turns":5},{"damage":57,"enemies":"Collector","floor":33,"turns":10},{"damage":22,"enemies":"3 Shapes","floor":35,"turns":5},{"damage":11,"enemies":"3 Darklings","floor":36,"turns":3},{"damage":7,"enemies":"Maw","floor":38,"turns":7},{"damage":2,"enemies":"Jaw Worm Horde","floor":39,"turns":4},{"damage":2,"enemies":"Nemesis","floor":41,"turns":9},{"damage":14,"enemies":"Writhing Mass","floor":42,"turns":5},{"damage":0,"enemies":"Spire Growth","floor":44,"turns":4},{"damage":3,"enemies":"Giant Head","floor":48,"turns":7},{"damage":18,"enemies":"Donu and Deca","floor":50,"turns":14},{"damage":20,"enemies":"Shield and Spear","floor":54,"turns":4},{"damage":41,"enemies":"The Heart","floor":55,"turns":12}],"seed_played":"1553874404703996332","potions_obtained":[{"floor":7.0,"key":"LiquidBronze"},{"floor":13,"key":"Strength Potion"},{"floor":14,"key":"Block Potion"},{"floor":21,"key":"Explosive Potion"},{"floor":25,"key":"Block Potion"},{"floor":36,"key":"SpeedPotion"},{"floor":41,"key":"GhostInAJar"},{"floor":54,"key":"GhostInAJar"}],"is_trial":false,"path_per_floor":["M","?","T","?","M","R","E","R","T","R","?","M","M","E","R","B",null,"M","$","M","M","?","R","E","M","T","M","R","?","R","E","R","B",null,"M","M","?","M","M","R","E","M","T","M","R","?","R","E","R","B",null,"R","$","E","B",null],"character_chosen":"THE_SILENT","items_purchased":["Incense Burner","Weak Potion","PowerPotion","Apotheosis","Dexterity Potion","Sling","Poison Potion"],"campfire_rested":1,"item_purchase_floors":[19,19,19,53,53,53,53],"current_hp_per_floor":[63,52,52,57,57,57,57,57,57,57,43,43,39,29,29,16,60,44,44,34,39,39,39,17,17,17,21,21,21,43,45,45,3,57,35,29,66,59,62,62,66,52,52,52,52,42,42,49,49,41,60,60,60,45,24],"gold":70,"neow_bonus":"THREE_ENEMY_KILL","is_daily":false,"chose_seed":false,"campfire_upgraded":9,"win_rate":0.0,"timestamp":1612021979,"path_taken":["M","?","?","?","M","R","E","R","T","R","?","M","?","E","R","BOSS","M","$","M","M","?","R","E","M","T","?","R","?","R","E","R","BOSS","M","M","?","M","M","R","E","M","T","M","R","?","R","E","R","BOSS","R","$","E","BOSS"],"items_purchased_type":["Relic","Potion","Potion","Card","Potion","Relic","Potion"],"build_version":"2020-12-22","purchased_purges":2,"victory":true,"max_hp_per_floor":[70,70,70,75,75,75,75,75,75,75,75,75,75,75,75,75,75,75,75,75,75,75,75,75,75,75,75,75,75,75,75,75,75,75,75,75,66,66,66,66,66,66,66,66,66,66,66,66,66,66,66,66,66,66,66],"card_choices":[{"not_picked":["Backflip","Dagger Spray"],"picked":"Heel Hook","floor":1.0},{"not_picked":["Well Laid Plans","Slice"],"picked":"Heel Hook","floor":5.0},{"not_picked":["Cloak And Dagger","Storm of Steel"],"picked":"Dagger Spray","floor":7.0},{"not_picked":["Riddle With Holes","Underhanded Strike","Quick Slash"],"picked":"SKIP","floor":12},{"not_picked":["PiercingWail","Masterful Stab"],"picked":"Escape Plan","floor":13},{"not_picked":["Cloak And Dagger","Backflip"],"picked":"Terror","floor":14},{"not_picked":["Grand Finale","Wraith Form v2"],"picked":"Venomology","floor":16},{"not_picked":["Dodge and Roll","Acrobatics"],"picked":"Leg Sweep","floor":18},{"not_picked":["Dagger Throw","Concentrate+1"],"picked":"Well Laid Plans+1","floor":20},{"not_picked":["Choke+1","Poisoned Stab"],"picked":"Sucker Punch","floor":21},{"not_picked":["Dodge and Roll+1","Heel Hook+1"],"picked":"Acrobatics","floor":24},{"not_picked":["PiercingWail","Dagger Throw","Accuracy+1"],"picked":"SKIP","floor":25},{"not_picked":["Bullet Time","Underhanded Strike","Deflect"],"picked":"SKIP","floor":27},{"not_picked":["Predator","Dagger Spray","Flying Knee"],"picked":"SKIP","floor":31},{"not_picked":["After Image","Night Terror"],"picked":"Phantasmal Killer","floor":33},{"not_picked":["Terror","Underhanded Strike","Poisoned Stab"],"picked":"SKIP","floor":35},{"not_picked":["Sucker Punch+1","Cloak And Dagger+1"],"picked":"Blur","floor":36},{"not_picked":["Caltrops+1","Blade Dance+1"],"picked":"Acrobatics+1","floor":38},{"not_picked":["Catalyst+1","Setup+1"],"picked":"Tactician","floor":39},{"not_picked":["Dodge and Roll","Caltrops+1","Sucker Punch+1"],"picked":"SKIP","floor":41},{"not_picked":["Deflect","PiercingWail"],"picked":"Reflex","floor":42},{"not_picked":["Noxious Fumes","Underhanded Strike","Deflect"],"picked":"SKIP","floor":44},{"not_picked":["Purity","Dramatic Entrance"],"picked":"Panacea","floor":46},{"not_picked":["Forethought","Jack Of All Trades"],"picked":"Dark Shackles","floor":46},{"not_picked":["Bouncing Flask+1","Glass Knife","Heel Hook"],"picked":"SKIP","floor":48},{"not_picked":["Slice","Dagger Spray+1","Deadly Poison"],"picked":"SKIP","floor":54}],"player_experience":859373,"relics_obtained":[{"floor":3.0,"key":"Bronze Scales"},{"floor":7.0,"key":"Toy Ornithopter"},{"floor":9.0,"key":"Snake Skull"},{"floor":14,"key":"Paper Crane"},{"floor":24,"key":"Bag of Preparation"},{"floor":31,"key":"Ancient Tea Set"},{"floor":41,"key":"MawBank"},{"floor":43,"key":"Shovel"},{"floor":45,"key":"Centennial Puzzle"},{"floor":48,"key":"PreservedInsect"},{"floor":49,"key":"Kunai"},{"floor":54,"key":"Sundial"}],"event_choices":[{"damage_healed":0.0,"max_hp_gain":0.0,"max_hp_loss":0.0,"gold_gain":75.0,"event_name":"World of Goop","player_choice":"Gather Gold","floor":2.0,"gold_loss":0.0,"damage_taken":11.0},{"damage_healed":0.0,"max_hp_gain":5.0,"max_hp_loss":0.0,"gold_gain":0.0,"event_name":"Big Fish","player_choice":"Donut","floor":4.0,"gold_loss":0.0,"damage_taken":0.0},{"damage_healed":0.0,"max_hp_gain":0.0,"max_hp_loss":0.0,"gold_gain":0.0,"event_name":"Mushrooms","player_choice":"Fought Mushrooms","floor":11.0,"gold_loss":0.0,"damage_taken":0.0},{"damage_healed":0,"gold_gain":0,"player_choice":"Ignored","damage_taken":0,"max_hp_gain":0,"max_hp_loss":0,"event_name":"NoteForYourself","floor":22,"gold_loss":0},{"cards_removed":["Strike_G"],"damage_healed":0,"gold_gain":0,"player_choice":"Elegance","damage_taken":0,"max_hp_gain":0,"max_hp_loss":0,"event_name":"Back to Basics","floor":29,"gold_loss":0},{"damage_healed":66,"gold_gain":0,"player_choice":"Heal","damage_taken":0,"max_hp_gain":0,"max_hp_loss":9,"event_name":"The Moai Head","floor":37,"gold_loss":0},{"damage_healed":0,"gold_gain":0,"player_choice":"Memory 3","damage_taken":10,"max_hp_gain":0,"max_hp_loss":0,"event_name":"SensoryStone","floor":46,"gold_loss":0}],"is_beta":false,"boss_relics":[{"not_picked":["Ectoplasm","Busted Crown"],"picked":"Empty Cage"},{"not_picked":["Philosopher\u0027s Stone","SlaversCollar"],"picked":"Cursed Key"}],"items_purged_floors":[19,53],"is_endless":false,"potions_floor_spawned":[7,11,13,14,21,25,27,36,41,54],"ascension_level":10}}