{"host":"9gwavclf33b2mpxe","time":1612008044,"event":{"mods":["BaseMod","Bestiary","Block Reminder","Colored Map","Colored Powertips","Downfall","Highlight Path","Minty Spire (QoL Compilation)","Permanent Neow","Quick Restart","Relic Stats","StSLib","SuperFastMode"],"gold_per_floor":[99,112,124,181,181,181,207,382,182,196,106,106,132,144,164,164,164,164],"floor_reached":16,"language":"ENG","playtime":772,"items_purged":["bronze:Strike"],"score":100,"play_id":"ceb7ef40-55a0-41d1-94cd-c671c75c91e5","local_time":"20210130200044","is_ascension_mode":false,"campfire_choices":[{"floor":1.0,"key":"RECALL"},{"data":"bronze:FineTuning","floor":9.0,"key":"SMITH"},{"data":"bronze:OilSpill","floor":12.0,"key":"SMITH"}],"circlet_count":0,"master_deck":["bronze:Strike","bronze:Defend","bronze:Defend","bronze:Defend","bronze:Replicate","bronze:Goto","bronze:FineTuning+1","bronze:OilSpill+1","bronze:AlphaBuild","Doubt","bronze:Invalidate","bronze:FineTuning","bronze:Refactor"],"relics":["Empty Cage","Bottled Lightning","downfall:ShatteredFragment","downfall:HeartBlessingRed","downfall:HeartBlessingBlue","Ancient Tea Set"],"acts_visited":["Exordium"],"potions_floor_usage":[16,16],"damage_taken":[{"damage":3.0,"enemies":"Jaw Worm","floor":2.0,"turns":3.0},{"damage":8.0,"enemies":"2 Louse","floor":3.0,"turns":3.0},{"damage":12.0,"enemies":"3 Sentries","floor":4.0,"turns":10.0},{"damage":0.0,"enemies":"Cultist","floor":10.0,"turns":2.0},{"damage":5.0,"enemies":"downfall:FleeingMerchant","floor":11.0,"turns":4.0},{"damage":13.0,"enemies":"Lagavulin","floor":13.0,"turns":3.0},{"damage":7.0,"enemies":"2 Fungi Beasts","floor":14.0,"turns":2.0},{"damage":0,"enemies":"Exordium Wildlife","floor":15,"turns":1},{"damage":23,"enemies":"DF_ARCHETYPE_STREAMLINE","floor":16,"turns":4}],"seed_played":"13008592018730555","potions_obtained":[{"floor":2.0,"key":"GamblersBrew"},{"floor":3.0,"key":"Dexterity Potion"},{"floor":13.0,"key":"SteroidPotion"},{"floor":15,"key":"Regen Potion"}],"is_trial":false,"path_per_floor":["R","M","M","?","?","?","T","?","R","M","$","R","E","M","M","B"],"character_chosen":"THE_AUTOMATON","items_purchased":[],"campfire_rested":0,"item_purchase_floors":[],"current_hp_per_floor":[70,67,59,47,26,26,26,26,36,36,31,31,18,11,11,0,0,0],"gold":164,"neow_bonus":"BOSS_RELIC","is_daily":false,"chose_seed":false,"campfire_upgraded":2,"win_rate":0.0,"timestamp":1612008044,"path_taken":["R","M","M","?","?","?","T","?","R","M","$","R","E","M","M","BOSS"],"items_purchased_type":[],"build_version":"2020-12-22","purchased_purges":1,"victory":false,"max_hp_per_floor":[70,70,70,70,70,70,70,70,80,80,80,80,80,80,80,80,80,80],"relic_stats":{"counters":[9,32],"obtain_stats":[{"bronze:BronzeCore":0,"downfall:ShatteredFragment":5,"downfall:HeartBlessingRed":9,"downfall:HeartBlessingBlue":9,"Bottled Lightning":4,"Empty Cage":0,"Ancient Tea Set":13},{"bronze:BronzeCore":0,"downfall:ShatteredFragment":3,"downfall:HeartBlessingRed":3,"downfall:HeartBlessingBlue":3,"Bottled Lightning":3,"Empty Cage":0,"Ancient Tea Set":6},{"bronze:BronzeCore":0,"downfall:ShatteredFragment":16,"downfall:HeartBlessingRed":16,"downfall:HeartBlessingBlue":16,"Bottled Lightning":16,"Empty Cage":0,"Ancient Tea Set":25}]},"card_choices":[{"not_picked":["bronze:Boost","bronze:ClassDefault"],"picked":"bronze:FineTuning","floor":2.0},{"not_picked":["bronze:Overload","bronze:CutThrough","bronze:BuggyMess"],"picked":"SKIP","floor":3.0},{"not_picked":["bronze:ChosenStrike","bronze:Overheat"],"picked":"bronze:OilSpill","floor":4.0},{"not_picked":["bronze:Iterate","bronze:Overheat"],"picked":"bronze:Invalidate","floor":10.0},{"not_picked":["bronze:Branch","bronze:WildBeam","bronze:Invalidate"],"picked":"SKIP","floor":11.0},{"not_picked":["bronze:BurnOut","bronze:Constructor","bronze:Invalidate"],"picked":"SKIP","floor":13.0},{"not_picked":["bronze:Branch","bronze:BugBarrage"],"picked":"bronze:FineTuning","floor":14.0},{"not_picked":["bronze:Turbo","bronze:Overheat"],"picked":"bronze:Refactor","floor":15}],"player_experience":139177,"relics_obtained":[{"floor":4.0,"key":"Bottled Lightning"},{"floor":13.0,"key":"Ancient Tea Set"}],"event_choices":[],"is_beta":false,"boss_relics":[],"items_purged_floors":[11],"is_endless":false,"potions_floor_spawned":[2,3,13,15],"killed_by":"DF_ARCHETYPE_STREAMLINE","ascension_level":0}}