{"host":"1pkwkj8mkn7raipg","time":1612018618,"event":{"mods":["BaseMod","LagranYue(拉格朗・月)","Minty Spire (QoL Compilation)","Replay The Spire","StSLib","TestMod","The Animator","The Hierophant","The Saiyan"],"gold_per_floor":[218,143,543,543,591,620,631,631,631,631,642,53,84,97,97,97,97],"floor_reached":16,"language":"ZHS","playtime":451,"items_purged":["Strike_R"],"score":200,"play_id":"e6b1d6cc-e574-47f9-b91f-572214a1538e","local_time":"20210130225658","is_ascension_mode":true,"campfire_choices":[{"data":"Feed","floor":10.0,"key":"SMITH"},{"data":"Barricade","floor":15,"key":"SMITH"}],"circlet_count":0,"master_deck":["AscendersBane","Strike_R","Strike_R","Strike_R","Strike_R","Defend_R","Defend_R","Defend_R","Defend_R","Whirlwind","Replay:Undeath\u0027s Touch","Feed+1","ReplayTheSpireMod:Strike From Hell","testmod-ChaoticCore","Seeing Red","Barricade+1"],"relics":["Burning Blood","LagranYue:RandomDrawCardRelic","testmod-ObsoleteBoomerang","Paper Frog","Question Card","Smiling Mask","Dead Branch","Sundial"],"acts_visited":["Exordium"],"potions_floor_usage":[13,16,16],"damage_taken":[{"damage":9.0,"enemies":"2 Louse","floor":1.0,"turns":3.0},{"damage":28.0,"enemies":"Gremlin Nob","floor":6.0,"turns":4.0},{"damage":7.0,"enemies":"Jaw Worm","floor":7.0,"turns":2.0},{"damage":3.0,"enemies":"Small Slimes","floor":11.0,"turns":2.0},{"damage":20,"enemies":"3 Sentries","floor":13,"turns":4},{"damage":8,"enemies":"Blue Slaver","floor":14,"turns":2},{"damage":34,"enemies":"Slime Boss","floor":16,"turns":4}],"seed_played":"-3241041120378565105","potions_obtained":[{"floor":1.0,"key":"Elixir"},{"floor":5.0,"key":"BloodPotion"},{"floor":11.0,"key":"Dexterity Potion"},{"floor":14,"key":"SteroidPotion"}],"is_trial":false,"path_per_floor":["M","?","?","?","?","E","M","?","T","R","M","$","E","M","R","B"],"character_chosen":"IRONCLAD","items_purchased":["Dead Branch","testmod-ChaoticCore"],"campfire_rested":0,"item_purchase_floors":[12,12],"current_hp_per_floor":[65,65,65,70,44,22,21,21,21,21,28,28,35,33,33,0,0],"gold":97,"neow_bonus":"HUNDRED_GOLD","is_daily":false,"chose_seed":false,"campfire_upgraded":2,"win_rate":0.0,"timestamp":1612018618,"path_taken":["M","?","?","?","?","E","?","?","T","R","M","?","E","M","R","BOSS"],"items_purchased_type":["Relic","Card"],"build_version":"2020-12-22","purchased_purges":1,"victory":false,"max_hp_per_floor":[75,75,75,80,80,80,80,80,80,80,84,84,88,88,88,88,88],"card_choices":[{"not_picked":["ReplayTheSpireMod:LeadingStrike","Clothesline"],"picked":"Whirlwind","floor":1.0},{"not_picked":["Uppercut","Havoc"],"picked":"Replay:Undeath\u0027s Touch","floor":5.0},{"not_picked":["Rupture","Clothesline","Wild Strike"],"picked":"SKIP","floor":6.0},{"not_picked":["Heavy Blade","Sever Soul","Run Through","ReplayTheSpireMod:Corrosion Curse"],"picked":"SKIP","floor":7.0},{"not_picked":["Run Through","Heavy Blade","Perfected Strike"],"picked":"ReplayTheSpireMod:Strike From Hell","floor":11.0},{"not_picked":["Bloodletting","Power Through","Massacre"],"picked":"Seeing Red","floor":13},{"not_picked":["Clothesline","Body Slam","ReplayReversal"],"picked":"Barricade","floor":14}],"player_experience":388412,"relics_obtained":[{"floor":5.0,"key":"Paper Frog"},{"floor":6.0,"key":"Question Card"},{"floor":9.0,"key":"Smiling Mask"},{"floor":13,"key":"Sundial"}],"event_choices":[{"cards_removed":["Bash"],"damage_healed":0.0,"max_hp_gain":0.0,"max_hp_loss":0.0,"gold_gain":0.0,"event_name":"The Cleric","player_choice":"Card Removal","floor":2.0,"gold_loss":75.0,"damage_taken":0.0},{"damage_healed":0.0,"max_hp_gain":0.0,"max_hp_loss":0.0,"gold_gain":400.0,"event_name":"恩洛斯的盘子","player_choice":"Sell","floor":3.0,"relics_lost":["testmod-TestBox"],"gold_loss":0.0,"damage_taken":0.0},{"damage_healed":0.0,"max_hp_gain":5.0,"max_hp_loss":0.0,"gold_gain":0.0,"event_name":"Big Fish","player_choice":"Donut","floor":4.0,"gold_loss":0.0,"damage_taken":0.0},{"damage_healed":0.0,"max_hp_gain":0.0,"max_hp_loss":0.0,"gold_gain":0.0,"event_name":"Match and Keep!","player_choice":"1 cards matched","floor":8.0,"gold_loss":0.0,"damage_taken":0.0,"cards_obtained":["Feed"]}],"is_beta":false,"boss_relics":[],"items_purged_floors":[12],"is_endless":false,"potions_floor_spawned":[1,11,14],"killed_by":"Slime Boss","ascension_level":17}}