{"host":"f0gpob8hq9vgebej","time":1612026296,"event":{"mods":["AchievementEnabler","BaseMod","Minty Spire (QoL Compilation)","Quick Restart","SuperFastMode"],"gold_per_floor":[113,131,145,162,175,175,175,175,175,195,145,145,174,188,188,293,293,308,143,143,162,185,185,203,222,249,264,289,289,289,87,87,190,190,201,201,201,215,229,229,244,244,270,47,81,193,236,266,278,290],"floor_reached":51,"language":"KOR","playtime":1131,"items_purged":["Strike_B","Defend_B","Dualcast"],"score":1241,"play_id":"0522d490-5169-475f-8a2c-f180be68bfe6","local_time":"20210131020456","is_ascension_mode":true,"campfire_choices":[{"data":"Static Discharge","floor":6,"key":"SMITH"},{"data":"Ball Lightning","floor":8,"key":"SMITH"},{"floor":12,"key":"REST"},{"data":"Defragment","floor":15,"key":"SMITH"},{"data":"Hologram","floor":23,"key":"SMITH"},{"data":"Thunder Strike","floor":32,"key":"SMITH"},{"data":"Amplify","floor":40,"key":"SMITH"},{"data":"Tempest","floor":42,"key":"SMITH"},{"data":"Consume","floor":49,"key":"SMITH"}],"circlet_count":0,"master_deck":["AscendersBane","Zap+1","Ball Lightning+1","Amplify+1","Static Discharge+1","Chill+1","Defragment+1","Hologram+1","Electrodynamics","Auto Shields+1","PanicButton","Heatsinks+1","Self Repair+1","Glacier","Tempest+1","Thunder Strike+1","Seek+1","Conserve Battery+1","Barrage+1","Streamline+1","Multi-Cast","Consume+1"],"relics":["Cracked Core","Pear","Cables","Inserter","Art of War","PreservedInsect","The Courier","Lantern","ClockworkSouvenir","Runic Pyramid","War Paint","MawBank","Toy Ornithopter"],"acts_visited":["Exordium","TheCity","TheBeyond"],"potions_floor_usage":[16,28,33,33,50],"damage_taken":[{"damage":0,"enemies":"2 Louse","floor":1,"turns":2},{"damage":0,"enemies":"Small Slimes","floor":2,"turns":2},{"damage":2,"enemies":"Jaw Worm","floor":3,"turns":3},{"damage":28,"enemies":"Exordium Wildlife","floor":4,"turns":4},{"damage":7,"enemies":"Looter","floor":5,"turns":3},{"damage":4,"enemies":"3 Louse","floor":10,"turns":3},{"damage":6,"enemies":"3 Sentries","floor":13,"turns":5},{"damage":1,"enemies":"2 Fungi Beasts","floor":14,"turns":2},{"damage":21,"enemies":"Slime Boss","floor":16,"turns":4},{"damage":4,"enemies":"Spheric Guardian","floor":18,"turns":3},{"damage":2,"enemies":"3 Byrds","floor":21,"turns":2},{"damage":9,"enemies":"Centurion and Healer","floor":24,"turns":4},{"damage":0,"enemies":"Sentry and Sphere","floor":25,"turns":3},{"damage":0,"enemies":"3 Cultists","floor":27,"turns":3},{"damage":10,"enemies":"Slavers","floor":28,"turns":4},{"damage":26,"enemies":"Collector","floor":33,"turns":6},{"damage":0,"enemies":"Orb Walker","floor":35,"turns":4},{"damage":1,"enemies":"3 Darklings","floor":38,"turns":2},{"damage":0,"enemies":"Jaw Worm Horde","floor":39,"turns":3},{"damage":18,"enemies":"4 Shapes","floor":41,"turns":3},{"damage":11,"enemies":"Giant Head","floor":45,"turns":6},{"damage":0,"enemies":"Nemesis","floor":47,"turns":5},{"damage":0,"enemies":"3 Darklings","floor":48,"turns":4},{"damage":30,"enemies":"Awakened One","floor":50,"turns":7}],"seed_played":"8867109495125918848","potions_obtained":[{"floor":2,"key":"CultistPotion"},{"floor":4,"key":"SteroidPotion"},{"floor":5,"key":"SmokeBomb"},{"floor":16,"key":"Block Potion"},{"floor":25,"key":"FocusPotion"},{"floor":28,"key":"SteroidPotion"},{"floor":33,"key":"FairyPotion"},{"floor":37,"key":"BlessingOfTheForge"},{"floor":38,"key":"Energy Potion"}],"is_trial":false,"path_per_floor":["M","M","M","M","M","R","?","R","T","M","?","R","E","M","R","B",null,"M","$","?","M","T","R","M","M","T","M","E","?","?","$","R","B",null,"M","?","?","M","M","R","M","R","T","$","E","?","E","M","R","B",null],"character_chosen":"DEFECT","items_purchased":["PanicButton","ClockworkSouvenir","Multi-Cast","Consume"],"campfire_rested":1,"item_purchase_floors":[19,31,44,44],"current_hp_per_floor":[68,68,66,38,31,31,24,24,34,30,30,55,49,48,48,27,71,67,67,67,65,65,65,56,56,56,76,76,76,76,76,76,60,79,85,85,85,84,85,85,77,77,77,77,85,85,85,85,85,55],"gold":302,"neow_bonus":"UPGRADE_CARD","is_daily":false,"chose_seed":false,"campfire_upgraded":8,"win_rate":0.0,"timestamp":1612026296,"path_taken":["M","M","M","M","M","R","?","R","T","M","?","R","E","M","R","BOSS","M","$","?","M","?","R","M","M","T","?","E","?","?","$","R","BOSS","M","?","?","?","?","R","M","R","T","$","E","?","E","M","R","BOSS"],"items_purchased_type":["Card","Relic","Card","Card"],"build_version":"2020-12-22","purchased_purges":3,"victory":true,"max_hp_per_floor":[75,75,75,75,75,75,75,75,85,85,85,85,85,85,85,85,85,85,85,85,85,85,85,85,85,85,85,85,85,85,85,85,85,85,85,85,85,85,85,85,85,85,85,85,85,85,85,85,85,85],"card_choices":[{"not_picked":["Stack","Go for the Eyes"],"picked":"Ball Lightning","floor":1},{"not_picked":["Coolheaded","Cold Snap","Doom and Gloom"],"picked":"SKIP","floor":2},{"not_picked":["Streamline","Melter"],"picked":"Amplify","floor":3},{"not_picked":["Rebound","Gash"],"picked":"Static Discharge","floor":4},{"not_picked":["Redo","Stack","Leap"],"picked":"SKIP","floor":5},{"not_picked":["Beam Cell","Fusion"],"picked":"Chill","floor":10},{"not_picked":["Barrage","BootSequence"],"picked":"Defragment","floor":13},{"not_picked":["Streamline","Aggregate"],"picked":"Hologram","floor":14},{"not_picked":["Biased Cognition","Machine Learning"],"picked":"Electrodynamics","floor":16},{"not_picked":["Steam","Darkness"],"picked":"Auto Shields+1","floor":18},{"not_picked":["Rebound+1","Gash","Stack"],"picked":"SKIP","floor":21},{"not_picked":["Steam+1","Hologram"],"picked":"Heatsinks+1","floor":24},{"not_picked":["Aggregate","Sweeping Beam+1"],"picked":"Self Repair+1","floor":25},{"not_picked":["Rebound","Cold Snap","Gash"],"picked":"SKIP","floor":27},{"not_picked":["Melter+1","Ball Lightning"],"picked":"Glacier","floor":28},{"not_picked":["Reboot","Biased Cognition"],"picked":"Seek","floor":33},{"not_picked":["Redo+1","Coolheaded+1"],"picked":"Conserve Battery+1","floor":35},{"not_picked":["Leap+1","Redo","Steam+1"],"picked":"SKIP","floor":38},{"not_picked":["Chill","Rebound+1"],"picked":"Barrage+1","floor":39},{"not_picked":["Beam Cell+1","Ball Lightning+1"],"picked":"Streamline+1","floor":41},{"not_picked":["Electrodynamics","Sweeping Beam","Barrage+1"],"picked":"SKIP","floor":45},{"not_picked":["Genetic Algorithm","Scrape","Steam"],"picked":"SKIP","floor":47},{"not_picked":["Sweeping Beam+1","Genetic Algorithm+1","Cold Snap"],"picked":"SKIP","floor":48}],"player_experience":302834,"relics_obtained":[{"floor":9,"key":"Pear"},{"floor":13,"key":"Cables"},{"floor":22,"key":"Art of War"},{"floor":26,"key":"PreservedInsect"},{"floor":28,"key":"The Courier"},{"floor":43,"key":"War Paint"},{"floor":45,"key":"MawBank"},{"floor":47,"key":"Toy Ornithopter"}],"event_choices":[{"cards_removed":["Strike_B"],"damage_healed":0,"gold_gain":0,"player_choice":"Card Removal","damage_taken":7,"max_hp_gain":0,"max_hp_loss":0,"event_name":"Golden Wing","floor":7,"gold_loss":0},{"cards_removed":["Strike_B"],"damage_healed":0,"gold_gain":0,"player_choice":"Card Removal","damage_taken":0,"max_hp_gain":0,"max_hp_loss":0,"event_name":"The Cleric","floor":11,"gold_loss":50},{"cards_removed":["Defend_B"],"damage_healed":0,"gold_gain":0,"player_choice":"Elegance","damage_taken":0,"max_hp_gain":0,"max_hp_loss":0,"event_name":"Back to Basics","floor":20,"gold_loss":0},{"damage_healed":0,"gold_gain":0,"player_choice":"Opened","damage_taken":0,"relics_obtained":["Lantern"],"max_hp_gain":0,"max_hp_loss":0,"event_name":"The Mausoleum","floor":29,"gold_loss":0},{"damage_healed":0,"gold_gain":0,"cards_transformed":["Strike_B","Defend_B"],"player_choice":"Became Test Subject","damage_taken":0,"max_hp_gain":0,"max_hp_loss":0,"event_name":"Drug Dealer","floor":30,"gold_loss":0,"cards_obtained":["Tempest","Thunder Strike"]},{"cards_removed":["Defend_B"],"damage_healed":0,"gold_gain":0,"player_choice":"Removed Skill","damage_taken":0,"max_hp_gain":0,"max_hp_loss":0,"event_name":"Falling","floor":36,"gold_loss":0},{"damage_healed":0,"gold_gain":0,"player_choice":"Got Potions","damage_taken":0,"max_hp_gain":0,"max_hp_loss":0,"event_name":"Lab","floor":37,"gold_loss":0},{"damage_healed":0,"gold_gain":100,"player_choice":"Pray","damage_taken":0,"max_hp_gain":0,"max_hp_loss":0,"event_name":"Golden Shrine","floor":46,"gold_loss":0}],"is_beta":false,"boss_relics":[{"not_picked":["Cursed Key","Tiny House"],"picked":"Inserter"},{"not_picked":["FrozenCore","SlaversCollar"],"picked":"Runic Pyramid"}],"items_purged_floors":[19,31,44],"is_endless":false,"potions_floor_spawned":[2,4,5,14,16,21,25,28,33,38,47,48],"ascension_level":11}}