{"host":"nomlpa5ttaaqphus","time":1612020959,"event":{"mods":["100% Spire Juice","AchievementEnabler","BaseMod","Colored Powertips","Minty Spire (QoL Compilation)","StSLib"],"gold_per_floor":[109,7,27,40,55,55,74,74,101,101,115,143,143,160,160,160,160],"floor_reached":16,"language":"ENG","playtime":839,"items_purged":["Moonworks:Strike"],"score":156,"play_id":"20aec90a-69c4-4664-a01e-8610b044bc36","local_time":"20210130113559","is_ascension_mode":true,"campfire_choices":[{"floor":6.0,"key":"REST"},{"floor":8.0,"key":"REST"},{"floor":10.0,"key":"REST"},{"floor":13.0,"key":"REST"},{"floor":15,"key":"REST"}],"circlet_count":0,"master_deck":["AscendersBane","Moonworks:Strike","Moonworks:Strike","Moonworks:Strike","Moonworks:Defend","Moonworks:Defend","Moonworks:Defend","Moonworks:Defend","Moonworks:Ambush","Moonworks:LongDistanceShot+1","Moonworks:DarkSideOfBusiness","Moonworks:WindyEnchantment","Moonworks:Assault","Moonworks:JonathanRush","Moonworks:Dinner","Moonworks:JonathanRush+1","Moonworks:Dinner","Moonworks:LeapThroughSpace","Moonworks:SweetBattle","Moonworks:BigBangBell"],"relics":["Moonworks:BrokenBomb","Moonworks:Homemark","Whetstone","Anchor"],"acts_visited":["Exordium"],"potions_floor_usage":[16,16,16],"damage_taken":[{"damage":5.0,"enemies":"Cultist","floor":1.0,"turns":4.0},{"damage":7.0,"enemies":"Small Slimes","floor":3.0,"turns":4.0},{"damage":7.0,"enemies":"Jaw Worm","floor":4.0,"turns":3.0},{"damage":22.0,"enemies":"Looter","floor":5.0,"turns":3.0},{"damage":24.0,"enemies":"Exordium Thugs","floor":7.0,"turns":6.0},{"damage":5.0,"enemies":"2 Fungi Beasts","floor":11.0,"turns":3.0},{"damage":76.0,"enemies":"Lagavulin","floor":12.0,"turns":8.0},{"damage":9,"enemies":"3 Louse","floor":14,"turns":3},{"damage":63,"enemies":"Slime Boss","floor":16,"turns":6}],"seed_played":"-7751033529152338721","potions_obtained":[{"floor":1.0,"key":"Regen Potion"},{"floor":5.0,"key":"EssenceOfSteel"},{"floor":12.0,"key":"EssenceOfSteel"}],"is_trial":false,"path_per_floor":["M","$","M","M","M","R","M","R","T","R","M","E","R","M","R","B"],"character_chosen":"THE_STARBREAKER","items_purchased":["Moonworks:Assault"],"campfire_rested":5,"item_purchase_floors":[2],"current_hp_per_floor":[55,55,48,41,24,43,25,44,44,63,58,2,21,19,38,0,0],"gold":160,"neow_bonus":"TEN_PERCENT_HP_BONUS","is_daily":false,"chose_seed":false,"campfire_upgraded":0,"win_rate":0.0,"timestamp":1612020959,"path_taken":["M","$","?","M","M","R","M","R","T","R","M","E","R","M","R","BOSS"],"items_purchased_type":["Card"],"build_version":"2020-12-22","purchased_purges":1,"victory":false,"max_hp_per_floor":[66,66,66,66,66,66,66,66,66,66,66,66,66,66,66,66,66],"card_choices":[{"not_picked":["Moonworks:BigMagnum","Moonworks:SelfDestruct"],"picked":"Moonworks:WindyEnchantment","floor":1.0},{"not_picked":["Moonworks:ImOnFire","Moonworks:IndiscriminateFireSupport"],"picked":"Moonworks:JonathanRush","floor":3.0},{"not_picked":["Moonworks:IntelligenceOfficer","Moonworks:SelfDestruct"],"picked":"Moonworks:Dinner","floor":4.0},{"not_picked":["Moonworks:BindingChains","Moonworks:DeployBits"],"picked":"Moonworks:JonathanRush","floor":5.0},{"not_picked":["Moonworks:ReproductionOfRecords","Moonworks:CloudOfSeagulls"],"picked":"Moonworks:Dinner","floor":7.0},{"not_picked":["Moonworks:CloudOfSeagulls","Moonworks:EvilSpyWorkPreparation"],"picked":"Moonworks:LeapThroughSpace","floor":11.0},{"not_picked":["Moonworks:DeployBits","Moonworks:NicePresent"],"picked":"Moonworks:SweetBattle","floor":12.0},{"not_picked":["Moonworks:ImOnFire","Moonworks:CastOff"],"picked":"Moonworks:BigBangBell","floor":14}],"player_experience":81426,"relics_obtained":[{"floor":9.0,"key":"Whetstone"},{"floor":12.0,"key":"Anchor"}],"event_choices":[],"is_beta":false,"boss_relics":[],"items_purged_floors":[2],"is_endless":false,"potions_floor_spawned":[1,5,12],"killed_by":"Slime Boss","ascension_level":10}}