{"host":"oehe2dxjvdgux73m","time":1612007697,"event":{"mods":["AchievementEnabler","BaseMod","Colored Map","Colored Powertips","DeckTracker","Keyboard Shortcuts","Minty Spire (QoL Compilation)","Permanent Neow","Quick Restart","StSLib","SuperFastMode"],"gold_per_floor":[212,229,44,57,57,57,57,57,57,75,91,91,106,118,118,197,247,257,217,236,236,14,14,14,14],"floor_reached":24,"language":"KOR","playtime":865,"items_purged":["Decay"],"score":380,"play_id":"1be916ff-43db-4cff-8559-081e5a4d812f","local_time":"20210130205457","is_ascension_mode":true,"campfire_choices":[{"data":"Blade Dance","floor":6.0,"key":"SMITH"},{"data":"Neutralize","floor":8.0,"key":"SMITH"},{"data":"Dash","floor":12.0,"key":"SMITH"},{"data":"Calculated Gamble","floor":15.0,"key":"SMITH"},{"floor":23,"key":"REST"}],"circlet_count":0,"master_deck":["AscendersBane","Strike_G","Strike_G","Strike_G","Strike_G","Defend_G","Defend_G","Defend_G","Defend_G+1","Defend_G","Survivor","Neutralize+1","Blade Dance+1","Acrobatics","Dash+1","Backflip","Dagger Throw","Underhanded Strike","Calculated Gamble+1","Tools of the Trade","Blur","Backflip","Tactician","Well Laid Plans"],"relics":["Ring of the Snake","Bag of Marbles","Eternal Feather","Tiny House"],"acts_visited":["Exordium","TheCity"],"potions_floor_usage":[24,24],"damage_taken":[{"damage":3.0,"enemies":"2 Louse","floor":1.0,"turns":4.0},{"damage":0.0,"enemies":"Cultist","floor":2.0,"turns":4.0},{"damage":7.0,"enemies":"Small Slimes","floor":4.0,"turns":4.0},{"damage":6.0,"enemies":"3 Louse","floor":10.0,"turns":3.0},{"damage":6.0,"enemies":"Large Slime","floor":11.0,"turns":8.0},{"damage":0.0,"enemies":"Looter","floor":13.0,"turns":3.0},{"damage":0.0,"enemies":"2 Fungi Beasts","floor":14.0,"turns":2.0},{"damage":14.0,"enemies":"The Guardian","floor":16.0,"turns":12.0},{"damage":19.0,"enemies":"Shell Parasite","floor":18.0,"turns":7.0},{"damage":10.0,"enemies":"2 Thieves","floor":19.0,"turns":5.0},{"damage":36.0,"enemies":"Cultist and Chosen","floor":20.0,"turns":8.0},{"damage":39,"enemies":"Book of Stabbing","floor":24,"turns":5}],"seed_played":"6838471258015730548","potions_obtained":[{"floor":2.0,"key":"GamblersBrew"},{"floor":4.0,"key":"Ancient Potion"},{"floor":13.0,"key":"Strength Potion"},{"floor":17.0,"key":"CultistPotion"},{"floor":18.0,"key":"Swift Potion"}],"is_trial":false,"path_per_floor":["M","M","$","M","?","R","?","R","T","M","M","R","M","M","R","B",null,"M","M","M","?","$","R","E"],"character_chosen":"THE_SILENT","items_purchased":["Bag of Marbles","Acrobatics","EntropicBrew","Well Laid Plans"],"campfire_rested":1,"item_purchase_floors":[3,3,22,22],"current_hp_per_floor":[56,56,56,49,54,54,54,54,54,48,42,51,51,51,60,46,70,51,41,5,5,5,39,0,0],"gold":14,"neow_bonus":"HUNDRED_GOLD","is_daily":false,"chose_seed":false,"campfire_upgraded":4,"win_rate":0.0,"timestamp":1612007697,"path_taken":["M","M","$","M","?","R","?","R","T","M","M","R","?","M","R","BOSS","M","M","M","?","$","R","E"],"items_purchased_type":["Relic","Card","Potion","Card"],"build_version":"2020-12-22","purchased_purges":1,"victory":false,"max_hp_per_floor":[66,66,66,66,71,71,71,71,71,71,71,71,71,71,71,71,76,76,76,76,76,76,76,76,76],"card_choices":[{"not_picked":["PiercingWail","Prepared"],"picked":"Blade Dance","floor":1.0},{"not_picked":["Deflect","Expertise","Dodge and Roll"],"picked":"SKIP","floor":2.0},{"not_picked":["Flechettes","Slice"],"picked":"Dash","floor":4.0},{"not_picked":["Flechettes","Bane"],"picked":"Backflip","floor":10.0},{"not_picked":["Flying Knee","Dagger Spray"],"picked":"Dagger Throw","floor":11.0},{"not_picked":["Skewer","Prepared"],"picked":"Underhanded Strike","floor":13.0},{"not_picked":["Outmaneuver","Prepared"],"picked":"Calculated Gamble","floor":14.0},{"not_picked":["Unload","After Image"],"picked":"Tools of the Trade","floor":16.0},{"not_picked":["Blade Dance","PiercingWail"],"picked":"Blur","floor":17.0},{"not_picked":["Bane","Bouncing Flask"],"picked":"Backflip","floor":18.0},{"not_picked":["Concentrate","All Out Attack+1","Sucker Punch"],"picked":"SKIP","floor":19.0},{"not_picked":["PiercingWail+1","Prepared"],"picked":"Tactician","floor":20.0}],"player_experience":333635,"relics_obtained":[{"floor":9.0,"key":"Eternal Feather"}],"event_choices":[{"damage_healed":0.0,"max_hp_gain":5.0,"max_hp_loss":0.0,"gold_gain":0.0,"event_name":"Big Fish","player_choice":"Donut","floor":5.0,"gold_loss":0.0,"damage_taken":0.0},{"cards_removed":["Strike_G"],"damage_healed":0.0,"max_hp_gain":0.0,"max_hp_loss":0.0,"gold_gain":0.0,"event_name":"Bonfire Elementals","player_choice":"Offered Basic","floor":7.0,"gold_loss":0.0,"damage_taken":0.0},{"damage_healed":0.0,"max_hp_gain":0.0,"max_hp_loss":0.0,"gold_gain":0.0,"event_name":"Forgotten Altar","player_choice":"Smashed Altar","floor":21.0,"gold_loss":0.0,"damage_taken":0.0,"cards_obtained":["Decay"]}],"is_beta":false,"boss_relics":[{"not_picked":["Velvet Choker","Ectoplasm"],"picked":"Tiny House"}],"items_purged_floors":[22],"is_endless":false,"potions_floor_spawned":[2,4,13,18],"killed_by":"Book of Stabbing","ascension_level":20}}