{"host":"d5i1qeb9dejicw1z","time":1612038540,"event":{"mods":["AchievementEnabler","BaseMod","Better Note","BetterRewards","Gold Saver","Minty Spire (QoL Compilation)","Permanent Neow","Relic Filter Mod","Reliquary","Replay The Spire","StSLib"],"gold_per_floor":[110,165,165,184,184,212,212,232,232,60,71,71,91,117,117,117,117],"floor_reached":16,"language":"ENG","playtime":537,"items_purged":[],"score":195,"play_id":"d0407c3e-feda-4049-ad26-61247cc8d4aa","local_time":"20210130122900","is_ascension_mode":true,"campfire_choices":[{"floor":7,"key":"REST"},{"data":"Flying Knee","floor":12,"key":"SMITH"},{"floor":15,"key":"REST"}],"circlet_count":0,"master_deck":["AscendersBane","Strike_G","Strike_G","Strike_G","Strike_G","Strike_G+2","Defend_G+1","Defend_G","Defend_G","Defend_G","Defend_G","Survivor","Neutralize","Flying Knee+1","Deadly Poison"],"relics":["Ring of the Snake","Simple Rune","White Beast Statue","Meat on the Bone","reliquary:BoilingFlask","Replay:Bottled Snecko","ClockworkSouvenir","Gremlin Food"],"acts_visited":["Exordium"],"potions_floor_usage":[6,6,16,16],"damage_taken":[{"damage":4,"enemies":"Cultist","floor":1,"turns":4},{"damage":0,"enemies":"Small Slimes","floor":4,"turns":4},{"damage":37,"enemies":"Gremlin Nob","floor":6,"turns":6},{"damage":0,"enemies":"2 Louse","floor":8,"turns":3},{"damage":3,"enemies":"Looter","floor":11,"turns":4},{"damage":0,"enemies":"Exordium Wildlife","floor":13,"turns":2},{"damage":70,"enemies":"Slime Boss","floor":16,"turns":7}],"seed_played":"703213311166076692","potions_obtained":[{"floor":1,"key":"Dexterity Potion"},{"floor":2,"key":"AttackPotion"},{"floor":6,"key":"Swift Potion"},{"floor":8,"key":"AttackPotion"},{"floor":11,"key":"Fire Potion"}],"is_trial":false,"path_per_floor":["M","?","?","M","?","E","R","M","T","$","M","R","M","T","R","B"],"character_chosen":"THE_SILENT","items_purchased":["ClockworkSouvenir"],"campfire_rested":2,"item_purchase_floors":[10],"current_hp_per_floor":[55,29,24,36,41,16,37,37,37,37,46,46,46,46,67,0,0],"gold":117,"neow_bonus":"RANDOM_COMMON_RELIC","is_daily":false,"chose_seed":false,"campfire_upgraded":1,"win_rate":0.0,"timestamp":1612038540,"path_taken":["M","?","?","M","?","E","R","M","T","$","M","R","M","?","R","BOSS"],"items_purchased_type":["Relic"],"build_version":"2020-12-22","purchased_purges":0,"victory":false,"max_hp_per_floor":[66,66,66,66,71,71,71,71,71,71,71,71,71,71,71,71,71],"card_choices":[{"not_picked":["Reflex","Underhanded Strike","Bane"],"picked":"SKIP","floor":1},{"not_picked":["Eviscerate","Catalyst","Underhanded Strike"],"picked":"SKIP","floor":4},{"not_picked":["Corpse Explosion","Expertise","Blade Dance"],"picked":"SKIP","floor":6},{"not_picked":["Sucker Punch","Slice"],"picked":"Flying Knee","floor":8},{"not_picked":["Outmaneuver","Endless Agony","Distraction"],"picked":"SKIP","floor":11},{"not_picked":["Sucker Punch","Tactician"],"picked":"Deadly Poison","floor":13}],"player_experience":1185656,"relics_obtained":[{"floor":2,"key":"White Beast Statue"},{"floor":6,"key":"reliquary:BoilingFlask"},{"floor":9,"key":"Replay:Bottled Snecko"},{"floor":14,"key":"Gremlin Food"}],"event_choices":[{"damage_healed":0,"gold_gain":0,"player_choice":"Success","damage_taken":5,"relics_obtained":["Meat on the Bone"],"max_hp_gain":0,"max_hp_loss":0,"event_name":"Scrap Ooze","floor":3,"gold_loss":0},{"damage_healed":0,"gold_gain":0,"player_choice":"Donut","damage_taken":0,"max_hp_gain":5,"max_hp_loss":0,"event_name":"Big Fish","floor":5,"gold_loss":0}],"is_beta":false,"boss_relics":[],"items_purged_floors":[],"is_endless":false,"potions_floor_spawned":[1,4,6,8,11,13],"killed_by":"Slime Boss","ascension_level":19}}