{"host":"w2kjv12xyhtt0cv2","time":1612023485,"event":{"mods":["Act Like it!","BaseMod","Colored Map","Friendly Minions","Gensokyo","GifTheSpireLib","Highlight Path","Hubris","Kiyohime（清姬）","Marisa（F雨　魔理沙）","Minty Spire (QoL Compilation)","Quick Restart","Reimu（博丽灵梦）","Relic Stats","Replay The Spire","RumiaBox-露米娅的神秘盒子","Shop Mod","Spicy Shops","StSLib","The Cursed","The Servant 0.9.4","UnlockEverythingMod","Waifu the Spire","[功能]功能增强和修复MOD","vexMod","【功能Mod】Neow奖励","【遗物卡牌】REMEMod","没有小屋子和绿帽子啦"],"gold_per_floor":[116,116,116,14,14,14,14],"floor_reached":6,"language":"ZHS","playtime":270,"items_purged":[],"score":100,"play_id":"c1532dbf-dde0-4358-a1a2-dfa216628599","local_time":"20210131001805","is_ascension_mode":true,"campfire_choices":[],"circlet_count":0,"master_deck":["AscendersBane","TheCursedMod:Strike_TheCursed","TheCursedMod:Strike_TheCursed","TheCursedMod:Strike_TheCursed","TheCursedMod:Strike_TheCursed","TheCursedMod:Defend_TheCursed","TheCursedMod:Defend_TheCursed","TheCursedMod:Defend_TheCursed","TheCursedMod:Defend_TheCursed","TheCursedMod:CursedWand","TheCursedMod:CleanUpWorkshop","TheCursedMod:Dregs","TheCursedMod:CollectTribute","TheCursedMod:CircleOfCorruption","Pain","Gensokyo:BlemishedSteel","Gensokyo:RustyChest","TheCursedMod:HellfireBreathing","TheCursedMod:CircleOfBlood"],"relics":["REME_ComplimentaryCards","vexMod:BigBerry","Gensokyo:LunaticRedEyes"],"acts_visited":["Gensokyo:Gensokyo"],"potions_floor_usage":[],"damage_taken":[{"damage":10.0,"enemies":"Gensokyo:3_Fairies","floor":1.0,"turns":7.0},{"damage":92,"enemies":"Gensokyo:Aya","floor":6,"turns":9}],"seed_played":"-1703935836175814732","potions_obtained":[],"is_trial":false,"path_per_floor":["M","?","?","COS","?","E"],"character_chosen":"THE_CURSED","items_purchased":[],"campfire_rested":0,"item_purchase_floors":[],"current_hp_per_floor":[88,88,88,88,88,0,0],"gold":14,"neow_bonus":"BOSS_RELIC","is_daily":false,"chose_seed":false,"campfire_upgraded":0,"win_rate":0.0,"timestamp":1612023485,"path_taken":["M","?","?","COS","?","E"],"items_purchased_type":[],"build_version":"2020-12-22","purchased_purges":0,"victory":false,"max_hp_per_floor":[105,105,105,105,105,105,105],"relic_stats":{"counters":[2,16],"obtain_stats":[{"TheCursedMod:BlackMagic101":0,"Gensokyo:LunaticRedEyes":3,"REME_ComplimentaryCards":0,"vexMod:BigBerry":0},{"TheCursedMod:BlackMagic101":0,"Gensokyo:LunaticRedEyes":1,"REME_ComplimentaryCards":0,"vexMod:BigBerry":0},{"TheCursedMod:BlackMagic101":0,"Gensokyo:LunaticRedEyes":7,"REME_ComplimentaryCards":0,"vexMod:BigBerry":0}]},"card_choices":[{"not_picked":["TheCursedMod:CircleOfFlame","TheCursedMod:VitalStrike"],"picked":"TheCursedMod:CircleOfCorruption","floor":1.0},{"not_picked":["TheCursedMod:CursedBoomerang","TheCursedMod:CursedArmor"],"picked":"TheCursedMod:HellfireBreathing","floor":5},{"not_picked":["TheCursedMod:SurpriseAttack","TheCursedMod:ManaCirculation"],"picked":"TheCursedMod:CircleOfBlood","floor":5}],"player_experience":255057,"relics_obtained":[],"event_choices":[],"is_beta":false,"boss_relics":[],"items_purged_floors":[],"is_endless":false,"potions_floor_spawned":[],"killed_by":"Gensokyo:Aya","ascension_level":11}}