{"host":"pnjthw6sukprvbcr","time":1612036283,"event":{"mods":["AchievementEnabler","BaseMod","Block Reminder","Highlight Path","Minty Spire (QoL Compilation)","Relic Stats"],"gold_per_floor":[113,65,65,65,78,78,90,90,90,20,20,20,54,54,54,155,155,171,171,191,191,110,144,144,144],"floor_reached":24,"language":"ENG","playtime":6712,"items_purged":[],"score":210,"play_id":"c75aaeaa-45e1-44bd-8fde-c1c9a426c209","local_time":"20210130145123","is_ascension_mode":false,"campfire_choices":[{"floor":6.0,"key":"RECALL"},{"floor":8.0,"key":"REST"},{"data":"Devotion","floor":11.0,"key":"SMITH"},{"floor":15.0,"key":"REST"}],"circlet_count":0,"master_deck":["Strike_P+1","Strike_P+1","Strike_P+1","Strike_P+1","Defend_P+1","Defend_P+1","Eruption","Vigilance","ThirdEye","ClearTheMind","Consecrate","EmptyBody","Devotion+1","Worship+1","Ragnarok","DeceiveReality","Crescendo","WindmillStrike","Halt"],"relics":["SacredBark","Omamori","Lantern","Empty Cage","Bottled Tornado"],"acts_visited":["Exordium","TheCity"],"potions_floor_usage":[23],"damage_taken":[{"damage":2.0,"enemies":"Cultist","floor":1.0,"turns":3.0},{"damage":14.0,"enemies":"2 Louse","floor":5.0,"turns":3.0},{"damage":8.0,"enemies":"Jaw Worm","floor":7.0,"turns":6.0},{"damage":24.0,"enemies":"Gremlin Nob","floor":13.0,"turns":5.0},{"damage":38.0,"enemies":"Slime Boss","floor":16.0,"turns":13.0},{"damage":2.0,"enemies":"Chosen","floor":18.0,"turns":4.0},{"damage":12.0,"enemies":"Shell Parasite","floor":20.0,"turns":5.0},{"damage":44,"enemies":"Book of Stabbing","floor":23,"turns":5},{"damage":31,"enemies":"Centurion and Healer","floor":24,"turns":4}],"seed_played":"1665352041931890460","potions_obtained":[{"floor":7.0,"key":"SpeedPotion"},{"floor":13.0,"key":"SpeedPotion"},{"floor":18.0,"key":"FearPotion"}],"is_trial":false,"path_per_floor":["M","$","?","?","M","R","M","R","T","$","R","$","E","?","R","B",null,"M","?","M","?","$","E","M"],"character_chosen":"WATCHER","items_purchased":["ClearTheMind","Devotion","WindmillStrike"],"campfire_rested":2,"item_purchase_floors":[2,10,22],"current_hp_per_floor":[70,70,58,58,44,44,36,57,57,57,57,57,33,19,40,2,72,70,70,58,58,58,14,0,0],"gold":144,"neow_bonus":"BOSS_RELIC","is_daily":false,"chose_seed":false,"campfire_upgraded":1,"win_rate":0.0,"timestamp":1612036283,"path_taken":["M","$","?","?","M","R","M","R","T","?","R","$","E","?","R","BOSS","M","?","M","?","$","E","M"],"items_purchased_type":["Card","Card","Card"],"build_version":"2020-12-22","purchased_purges":0,"victory":false,"max_hp_per_floor":[72,72,72,72,72,72,72,72,72,72,72,72,72,72,72,72,72,72,72,72,72,72,72,72,72],"relic_stats":{"counters":[9,48],"obtain_stats":[{"Lantern":13,"SacredBark":0,"Omamori":9,"PureWater":0,"Bottled Tornado":23,"Empty Cage":17},{"Lantern":4,"SacredBark":0,"Omamori":3,"PureWater":0,"Bottled Tornado":8,"Empty Cage":5},{"Lantern":17,"SacredBark":0,"Omamori":12,"PureWater":0,"Bottled Tornado":44,"Empty Cage":30}]},"card_choices":[{"not_picked":["JustLucky","Worship"],"picked":"ThirdEye","floor":1.0},{"not_picked":["WaveOfTheHand","Vengeance"],"picked":"Consecrate","floor":5.0},{"not_picked":["CutThroughFate","Wireheading"],"picked":"EmptyBody","floor":7.0},{"not_picked":["ForeignInfluence","Fasting2"],"picked":"Worship","floor":13.0},{"not_picked":["SpiritShield","Scrawl"],"picked":"Ragnarok","floor":16.0},{"not_picked":["ForeignInfluence+1","ClearTheMind"],"picked":"DeceiveReality","floor":18.0},{"not_picked":["DeceiveReality","ClearTheMind"],"picked":"Crescendo","floor":20.0},{"not_picked":["CutThroughFate","Perseverance+1"],"picked":"Halt","floor":23}],"player_experience":175631,"relics_obtained":[{"floor":9.0,"key":"Omamori"},{"floor":13.0,"key":"Lantern"},{"floor":23,"key":"Bottled Tornado"}],"event_choices":[{"damage_healed":0.0,"max_hp_gain":0.0,"max_hp_loss":0.0,"gold_gain":0.0,"event_name":"Scrap Ooze","player_choice":"Fled","floor":3.0,"gold_loss":0.0,"damage_taken":12.0},{"damage_healed":0.0,"max_hp_gain":0.0,"max_hp_loss":0.0,"gold_gain":0.0,"event_name":"Liars Game","player_choice":"Ignored","floor":4.0,"gold_loss":0.0,"damage_taken":0.0},{"damage_healed":0.0,"max_hp_gain":0.0,"max_hp_loss":0.0,"gold_gain":0.0,"event_name":"Shining Light","player_choice":"Entered Light","floor":14.0,"gold_loss":0.0,"damage_taken":14.0,"cards_upgraded":["Worship","Strike_P"]},{"damage_healed":0.0,"max_hp_gain":0.0,"max_hp_loss":0.0,"gold_gain":0.0,"event_name":"Back to Basics","player_choice":"Simplicity","floor":19.0,"gold_loss":0.0,"damage_taken":0.0,"cards_upgraded":["Strike_P","Strike_P","Strike_P","Defend_P","Defend_P"]},{"damage_healed":0.0,"max_hp_gain":0.0,"max_hp_loss":0.0,"gold_gain":0.0,"event_name":"Vampires","player_choice":"Ignored","floor":21.0,"gold_loss":0.0,"damage_taken":0.0}],"is_beta":false,"boss_relics":[{"not_picked":["Tiny House","Velvet Choker"],"picked":"Empty Cage"}],"items_purged_floors":[],"is_endless":false,"potions_floor_spawned":[7,13,18],"killed_by":"Centurion and Healer","ascension_level":0}}