{"host":"3fd6e6c5cltq175f","time":1612040072,"event":{"mods":["AchievementEnabler","BaseMod","Colored Map","Colored Powertips","DeckTracker","Minty Spire (QoL Compilation)"],"gold_per_floor":[113,288,288,238,313,346,346,27,106,106,31,57,76,91,91,195,195,214,214,214,35,54,54,54,54,54,88,107,122,147,162,162,264,264,277,327,0,12,12,45,59,59,113,113,113,129,129,148,148,148,148],"floor_reached":50,"language":"ENG","playtime":2248,"items_purged":["Strike_P","Doubt"],"score":591,"play_id":"21d5f1f7-5855-4dff-8d05-013c50c40125","local_time":"20210130215432","is_ascension_mode":false,"campfire_choices":[{"data":"Vigilance","floor":7,"key":"SMITH"},{"data":"Mayhem","floor":10,"key":"SMITH"},{"data":"Eruption","floor":15,"key":"SMITH"},{"data":"Adaptation","floor":23,"key":"SMITH"},{"data":"ReachHeaven","floor":25,"key":"SMITH"},{"floor":32,"key":"REST"},{"floor":45,"key":"REST"},{"floor":47,"key":"RECALL"},{"data":"Scrawl","floor":49,"key":"SMITH"}],"circlet_count":0,"master_deck":["Strike_P","Strike_P","Defend_P","Defend_P+1","Defend_P","Defend_P+1","Eruption+1","Vigilance+1","FollowUp","ReachHeaven+1","Mayhem+1","Worship","Halt","ReachHeaven","Scrawl+1","FlyingSleeves+1","Adaptation+1","LikeWater+1","ReachHeaven","DeceiveReality+1","JustLucky","Nirvana+1","LikeWater+1","Good Instincts","InnerPeace"],"relics":["PureWater","NeowsBlessing","Lizard Tail","OrangePellets","Shuriken","Eternal Feather","Sozu","Frozen Egg 2","Strawberry","InkBottle","Busted Crown","GoldenEye","Red Mask","Bag of Preparation","Centennial Puzzle"],"acts_visited":["Exordium","TheCity","TheBeyond"],"potions_floor_usage":[16],"damage_taken":[{"damage":0,"enemies":"Cultist","floor":1,"turns":1},{"damage":0,"enemies":"Lagavulin","floor":6,"turns":2},{"damage":0,"enemies":"Gremlin Nob","floor":12,"turns":1},{"damage":11,"enemies":"2 Louse","floor":13,"turns":4},{"damage":0,"enemies":"Small Slimes","floor":14,"turns":3},{"damage":34,"enemies":"Hexaghost","floor":16,"turns":8},{"damage":14,"enemies":"Shell Parasite","floor":18,"turns":4},{"damage":17,"enemies":"2 Thieves","floor":22,"turns":4},{"damage":20,"enemies":"Book of Stabbing","floor":27,"turns":5},{"damage":13,"enemies":"Chosen and Byrds","floor":28,"turns":5},{"damage":0,"enemies":"Snake Plant","floor":29,"turns":5},{"damage":12,"enemies":"Slavers","floor":30,"turns":6},{"damage":0,"enemies":"Sentry and Sphere","floor":31,"turns":4},{"damage":3,"enemies":"Champ","floor":33,"turns":7},{"damage":7,"enemies":"3 Darklings","floor":35,"turns":6},{"damage":57,"enemies":"2 Orb Walkers","floor":36,"turns":6},{"damage":0,"enemies":"Orb Walker","floor":38,"turns":5},{"damage":46,"enemies":"Giant Head","floor":40,"turns":9},{"damage":0,"enemies":"Maw","floor":41,"turns":7},{"damage":2,"enemies":"Writhing Mass","floor":46,"turns":7},{"damage":7,"enemies":"Sphere and 2 Shapes","floor":48,"turns":6},{"damage":62,"enemies":"Time Eater","floor":50,"turns":9}],"seed_played":"-6487536110537458054","potions_obtained":[{"floor":6,"key":"SmokeBomb"},{"floor":12,"key":"Dexterity Potion"},{"floor":13,"key":"SmokeBomb"}],"is_trial":false,"path_per_floor":["M","?","?","?","?","E","R","$","T","R","$","E","M","M","R","B",null,"M","?","T","$","M","R","?","R","T","E","M","M","E","M","R","B",null,"M","?","?","M","$","E","M","?","T","?","R","M","R","M","R","B"],"character_chosen":"WATCHER","items_purchased":["Mayhem","OrangePellets","LikeWater+1"],"campfire_rested":2,"item_purchase_floors":[8,8,21],"current_hp_per_floor":[72,72,58,58,47,47,47,47,47,47,47,47,36,36,45,11,72,58,58,58,58,41,50,50,59,59,46,33,33,21,21,56,53,79,72,15,15,15,15,8,8,8,8,8,42,40,52,45,60,0,0],"gold":148,"neow_bonus":"THREE_ENEMY_KILL","is_daily":false,"chose_seed":false,"campfire_upgraded":6,"win_rate":0.0,"timestamp":1612040072,"path_taken":["M","?","?","?","?","E","R","$","T","R","$","E","M","M","R","BOSS","M","?","?","$","?","R","?","R","T","E","M","M","E","M","R","BOSS","M","?","?","M","$","E","M","?","T","?","R","?","R","?","R","BOSS"],"items_purchased_type":["Card","Relic","Card"],"build_version":"2020-12-22","purchased_purges":2,"victory":false,"max_hp_per_floor":[72,72,72,72,72,72,72,72,72,72,72,72,72,72,72,72,72,72,72,72,72,72,72,72,72,72,79,79,79,79,79,79,79,79,79,79,79,79,79,79,79,75,75,75,75,75,75,75,75,75,75],"card_choices":[{"not_picked":["BowlingBash","CrushJoints"],"picked":"FollowUp","floor":1},{"not_picked":["CrushJoints","FlurryOfBlows"],"picked":"ReachHeaven","floor":6},{"not_picked":["Consecrate","WheelKick"],"picked":"Worship","floor":12},{"not_picked":["WheelKick","CrushJoints"],"picked":"Halt","floor":13},{"not_picked":["Swivel","Halt"],"picked":"ReachHeaven","floor":14},{"not_picked":["Omniscience","LessonLearned"],"picked":"Scrawl","floor":16},{"not_picked":["ThirdEye","Consecrate"],"picked":"FlyingSleeves+1","floor":18},{"not_picked":["Protect","FearNoEvil"],"picked":"ReachHeaven","floor":22},{"not_picked":["Meditate+1","Crescendo","Consecrate"],"picked":"SKIP","floor":27},{"not_picked":["Consecrate","FlyingSleeves+1"],"picked":"DeceiveReality+1","floor":28},{"not_picked":["EmptyMind","Indignation"],"picked":"JustLucky","floor":29},{"not_picked":["PathToVictory","Vault"],"picked":"Nirvana+1","floor":30},{"not_picked":["PathToVictory","Vengeance","JustLucky"],"picked":"SKIP","floor":31},{"not_picked":["Wallop+1"],"picked":"SKIP","floor":35},{"not_picked":[],"picked":"LikeWater+1","floor":36},{"not_picked":["Halt+1"],"picked":"SKIP","floor":38},{"not_picked":["Perseverance"],"picked":"SKIP","floor":40},{"not_picked":["Tantrum+1"],"picked":"SKIP","floor":41},{"not_picked":[],"picked":"Good Instincts","floor":44},{"not_picked":["ThirdEye+1"],"picked":"SKIP","floor":46},{"not_picked":[],"picked":"InnerPeace","floor":48}],"player_experience":174089,"relics_obtained":[{"floor":6,"key":"Lizard Tail"},{"floor":9,"key":"Shuriken"},{"floor":12,"key":"Eternal Feather"},{"floor":20,"key":"Frozen Egg 2"},{"floor":27,"key":"Strawberry"},{"floor":30,"key":"InkBottle"},{"floor":36,"key":"GoldenEye"},{"floor":40,"key":"Bag of Preparation"},{"floor":43,"key":"Centennial Puzzle"}],"event_choices":[{"damage_healed":0,"gold_gain":175,"player_choice":"AGREE","damage_taken":0,"max_hp_gain":0,"max_hp_loss":0,"event_name":"Liars Game","floor":2,"gold_loss":0,"cards_obtained":["Doubt"]},{"damage_healed":0,"gold_gain":0,"player_choice":"Entered Light","damage_taken":14,"max_hp_gain":0,"max_hp_loss":0,"event_name":"Shining Light","floor":3,"gold_loss":0,"cards_upgraded":["Defend_P","Defend_P"]},{"cards_removed":["Strike_P"],"damage_healed":0,"gold_gain":0,"player_choice":"Card Removal","damage_taken":0,"max_hp_gain":0,"max_hp_loss":0,"event_name":"The Cleric","floor":4,"gold_loss":50},{"damage_healed":0,"gold_gain":75,"player_choice":"Gather Gold","damage_taken":11,"max_hp_gain":0,"max_hp_loss":0,"event_name":"World of Goop","floor":5,"gold_loss":0},{"damage_healed":0,"gold_gain":0,"player_choice":"Read","damage_taken":0,"max_hp_gain":0,"max_hp_loss":0,"event_name":"The Library","floor":19,"gold_loss":0,"cards_obtained":["Adaptation"]},{"damage_healed":0,"gold_gain":0,"player_choice":"Ignored","damage_taken":0,"max_hp_gain":0,"max_hp_loss":0,"event_name":"Vampires","floor":24,"gold_loss":0},{"damage_healed":0,"gold_gain":0,"player_choice":"Fight","damage_taken":0,"max_hp_gain":0,"max_hp_loss":0,"event_name":"Mysterious Sphere","floor":36,"gold_loss":0},{"damage_healed":0,"gold_gain":0,"player_choice":"Paid","damage_taken":0,"relics_obtained":["Red Mask"],"max_hp_gain":0,"max_hp_loss":0,"event_name":"Tomb of Lord Red Mask","floor":37,"gold_loss":327},{"damage_healed":0,"gold_gain":0,"player_choice":"Max HP","damage_taken":0,"max_hp_gain":0,"max_hp_loss":4,"event_name":"Winding Halls","floor":42,"gold_loss":0},{"damage_healed":0,"gold_gain":0,"player_choice":"Memory 1","damage_taken":0,"max_hp_gain":0,"max_hp_loss":0,"event_name":"SensoryStone","floor":44,"gold_loss":0}],"is_beta":false,"boss_relics":[{"not_picked":["Ectoplasm","Astrolabe"],"picked":"Sozu"},{"not_picked":["Cursed Key","Black Star"],"picked":"Busted Crown"}],"items_purged_floors":[11,21],"is_endless":false,"potions_floor_spawned":[6,12,13,18,28,29,38,41,46],"killed_by":"Time Eater","ascension_level":0}}