{"host":"5ddwedapke4fsx0r","time":1612011654,"event":{"mods":["BaseMod","Downfall","Infinite Spire","Jedi Mod","Minty Spire (QoL Compilation)","Reliquary","Shade Mod","StSLib","The Bladedancer","The Clintock","The Construct","The Forsaken","The Gatherer","The Hierophant","The Servant 0.9.4","TheHero","TheSurvivalist"],"gold_per_floor":[149,162,162,172,0,0,0,0,0,0,17,32,32,17,34,34,34],"floor_reached":16,"language":"ENG","playtime":1127,"items_purged":[],"score":95,"play_id":"7c01a492-5310-48fd-aafb-88e6e602225f","local_time":"20210130140054","is_ascension_mode":true,"campfire_choices":[{"floor":1,"key":"RECALL"},{"data":"construct:Autoturret","floor":6,"key":"SMITH"},{"data":"construct:SpinDrive","floor":8,"key":"SMITH"},{"floor":13,"key":"REST"},{"data":"construct:Stasis","floor":13,"key":"SMITH"}],"circlet_count":0,"master_deck":["construct:Strike_Gold","construct:Strike_Gold","construct:Strike_Gold","construct:Strike_Gold","construct:Strike_Gold","construct:Defend_Gold","construct:Defend_Gold","construct:Defend_Gold","construct:Defend_Gold","construct:Defend_Gold+1","construct:AttackMode","construct:DefenseMode","construct:Autoturret+1","construct:ModeShift","construct:ModeShift","construct:SpinDrive+1","Regret","construct:Antimatter","construct:Stasis+1","construct:Failsafe","construct:Reserves","construct:Zapper"],"relics":["PureWater","infinitespire:Chaos","Mercury Hourglass","infinitespire:Magic Flask"],"acts_visited":["Exordium"],"potions_floor_usage":[4,5,10,10],"damage_taken":[{"damage":6,"enemies":"Jaw Worm","floor":2,"turns":3},{"damage":4,"enemies":"Cultist","floor":4,"turns":3},{"damage":2,"enemies":"downfall:FleeingMerchant","floor":5,"turns":4},{"damage":9,"enemies":"downfall:FleeingMerchant","floor":10,"turns":4},{"damage":0,"enemies":"2 Louse","floor":11,"turns":2},{"damage":12,"enemies":"2 Fungi Beasts","floor":12,"turns":4},{"damage":23,"enemies":"downfall:FleeingMerchant","floor":14,"turns":4},{"damage":14,"enemies":"Lots of Slimes","floor":15,"turns":4},{"damage":47,"enemies":"IC_STATUS_ARCHETYPE","floor":16,"turns":10}],"seed_played":"-7368568253077676817","potions_obtained":[{"floor":0,"key":"SkillPotion"},{"floor":2,"key":"PowerPotion"},{"floor":3,"key":"DuplicationPotion"},{"floor":4,"key":"Swift Potion"},{"floor":15,"key":"Fire Potion"}],"is_trial":false,"path_per_floor":["R","M","?","M","$","R","T","R","?","$","M","M","R","$","M","B"],"character_chosen":"THE_CONSTRUCT_MOD","items_purchased":["infinitespire:Chaos"],"campfire_rested":1,"item_purchase_floors":[5],"current_hp_per_floor":[90,84,84,80,78,78,78,78,78,69,69,57,84,61,47,0,0],"gold":34,"neow_bonus":"BOSS_RELIC","is_daily":false,"chose_seed":false,"campfire_upgraded":3,"win_rate":0.0,"timestamp":1612011654,"path_taken":["R","M","?","?","$","R","T","R","?","$","M","M","R","$","M","BOSS"],"items_purchased_type":["Relic"],"build_version":"2020-12-22","purchased_purges":0,"victory":false,"max_hp_per_floor":[90,90,90,90,90,90,90,90,90,90,90,90,90,90,90,90,90],"card_choices":[{"not_picked":["construct:Reinforce","construct:ScrapCannon"],"picked":"construct:Autoturret","floor":0},{"not_picked":["construct:SyphonStrike","construct:Anticipate"],"picked":"construct:ModeShift","floor":2},{"not_picked":["construct:Backfire","construct:Accumulate"],"picked":"construct:ModeShift","floor":4},{"not_picked":["construct:Anticipate","construct:ModeShift"],"picked":"construct:SpinDrive","floor":5},{"not_picked":["construct:HeavyBolt","construct:Boost"],"picked":"construct:Antimatter","floor":10},{"not_picked":["construct:SuppressiveFire","construct:FocusedBeam"],"picked":"construct:Stasis","floor":11},{"not_picked":["construct:SyphonStrike","construct:SaveState"],"picked":"construct:Failsafe","floor":12},{"not_picked":["construct:BatteryAcid","construct:ScrapCannon"],"picked":"construct:Reserves","floor":14},{"not_picked":["construct:Boost","construct:HeavyBolt"],"picked":"construct:Zapper","floor":15}],"player_experience":520193,"relics_obtained":[{"floor":7,"key":"Mercury Hourglass"}],"event_choices":[{"damage_healed":0,"gold_gain":0,"player_choice":"Got Potions","damage_taken":0,"max_hp_gain":0,"max_hp_loss":0,"event_name":"Lab","floor":3,"gold_loss":0},{"damage_healed":0,"gold_gain":0,"player_choice":"Box","damage_taken":0,"relics_obtained":["infinitespire:Magic Flask"],"max_hp_gain":0,"max_hp_loss":0,"event_name":"Big Fish","floor":9,"gold_loss":0,"cards_obtained":["Regret"]}],"is_beta":false,"boss_relics":[],"items_purged_floors":[],"is_endless":false,"potions_floor_spawned":[2,4,15],"killed_by":"IC_STATUS_ARCHETYPE","ascension_level":1}}