{"host":"9qk11wtevf51xvhl","time":1612041129,"event":{"mods":["BaseMod","Minty Spire (QoL Compilation)"],"gold_per_floor":[114,134,209,221,231,261,261,276,303,334,346,391,414,426,426],"floor_reached":14,"language":"ENG","playtime":943,"items_purged":[],"score":122,"play_id":"a2e2a225-0007-4d67-9059-83dc6f02f498","local_time":"20210130221209","is_ascension_mode":true,"campfire_choices":[{"floor":7,"key":"REST"}],"circlet_count":0,"master_deck":["Strike_B","Strike_B","Strike_B","Strike_B","Defend_B+1","Defend_B","Defend_B","Defend_B","Zap+1","Dualcast","Doom and Gloom","Auto Shields","Static Discharge","Go for the Eyes","Leap","Sunder","Lockon","Self Repair"],"relics":["Cracked Core","Pocketwatch","War Paint","Lantern","MawBank","Spirit Poop","Bag of Marbles"],"acts_visited":["Exordium"],"potions_floor_usage":[6],"damage_taken":[{"damage":9,"enemies":"Cultist","floor":1,"turns":5},{"damage":3,"enemies":"2 Louse","floor":2,"turns":2},{"damage":8,"enemies":"Jaw Worm","floor":4,"turns":3},{"damage":19,"enemies":"Lots of Slimes","floor":5,"turns":4},{"damage":11,"enemies":"3 Sentries","floor":6,"turns":5},{"damage":5,"enemies":"Exordium Thugs","floor":8,"turns":3},{"damage":13,"enemies":"Lagavulin","floor":10,"turns":6},{"damage":5,"enemies":"3 Sentries","floor":12,"turns":5},{"damage":0,"enemies":"Gremlin Gang","floor":13,"turns":5},{"damage":18,"enemies":"Lagavulin","floor":14,"turns":3}],"seed_played":"8947796707204157667","potions_obtained":[{"floor":5,"key":"EssenceOfSteel"},{"floor":6,"key":"SmokeBomb"},{"floor":10,"key":"GamblersBrew"}],"is_trial":false,"path_per_floor":["M","M","?","M","M","E","R","M","T","E","?","E","M","E"],"character_chosen":"DEFECT","items_purchased":[],"campfire_rested":1,"item_purchase_floors":[],"current_hp_per_floor":[66,63,52,44,25,14,36,31,31,18,18,13,13,0,0],"gold":426,"neow_bonus":"ONE_RARE_RELIC","is_daily":false,"chose_seed":false,"campfire_upgraded":0,"win_rate":0.0,"timestamp":1612041129,"path_taken":["M","?","?","M","M","E","R","M","T","E","?","E","?","E"],"items_purchased_type":[],"build_version":"2020-12-22","purchased_purges":0,"victory":false,"max_hp_per_floor":[75,75,75,75,75,75,75,75,75,75,75,75,75,75,75],"card_choices":[{"not_picked":["Compile Driver","Stack"],"picked":"Doom and Gloom","floor":1},{"not_picked":["Steam","Aggregate"],"picked":"Auto Shields","floor":2},{"not_picked":["Cold Snap","Turbo"],"picked":"Static Discharge","floor":4},{"not_picked":["Rip and Tear","Steam","Coolheaded"],"picked":"SKIP","floor":5},{"not_picked":["Stack","Barrage"],"picked":"Go for the Eyes","floor":6},{"not_picked":["Rebound","Beam Cell"],"picked":"Leap","floor":8},{"not_picked":["Sweeping Beam","Reboot"],"picked":"Sunder","floor":10},{"not_picked":["Streamline","Fusion"],"picked":"Lockon","floor":12},{"not_picked":["Leap","Fusion"],"picked":"Self Repair","floor":13}],"player_experience":566766,"relics_obtained":[{"floor":6,"key":"War Paint"},{"floor":9,"key":"Lantern"},{"floor":10,"key":"MawBank"},{"floor":12,"key":"Bag of Marbles"}],"event_choices":[{"damage_healed":0,"gold_gain":75,"player_choice":"Gather Gold","damage_taken":11,"max_hp_gain":0,"max_hp_loss":0,"event_name":"World of Goop","floor":3,"gold_loss":0},{"cards_removed":["Pain"],"damage_healed":0,"gold_gain":0,"player_choice":"Offered Curse","damage_taken":0,"relics_obtained":["Spirit Poop"],"max_hp_gain":0,"max_hp_loss":0,"event_name":"Bonfire Elementals","floor":11,"gold_loss":0}],"is_beta":false,"boss_relics":[],"items_purged_floors":[],"is_endless":false,"potions_floor_spawned":[5,6,10],"killed_by":"Lagavulin","ascension_level":2}}