{"host":"d8hh7rr4yzitjeuj","time":1612028107,"event":{"mods":["2.2 Compatiblity","AchievementEnabler","Act Like it!","BaseMod","Colored Map","Colored Powertips","Highlight Path","Keyboard Shortcuts","Marisa£¨Ùöéë¡¡Øª×âÞÞ£©","Minty Spire (QoL Compilation)","Permanent Neow","Quick Restart","StSLib","SuperFastMode"],"gold_per_floor":[113,133,83,97,97,97,113,156,156,177,177,177,177,222,222,352,352,375,375,31,56,69,69,112,112,112,151,151,66,66,66,66,170,170,187,111,126,138,149,182,197,197,222,256,274,287,29,42,42,42],"floor_reached":51,"language":"KOR","playtime":2274,"items_purged":[],"score":1097,"play_id":"70da09e3-5eec-4073-9b26-c6da9f156c65","local_time":"20210131023507","is_ascension_mode":true,"campfire_choices":[{"data":"UpSweep","floor":6.0,"key":"SMITH"},{"floor":11.0,"key":"REST"},{"data":"MilkyWay","floor":15.0,"key":"SMITH"},{"data":"MaximisePower","floor":23.0,"key":"SMITH"},{"data":"MilkyWay","floor":25.0,"key":"SMITH"},{"floor":32.0,"key":"REST"},{"data":"PowerUp","floor":42,"key":"SMITH"},{"data":"StarlightTyphoon","floor":49,"key":"SMITH"}],"circlet_count":0,"master_deck":["Strike_MRS","Strike_MRS","Strike_MRS","Defend_MRS","Defend_MRS","Defend_MRS","Defend_MRS","MasterSpark","UpSweep+1","DoubleSpark","RefractionSpark","Acceleration","6A","PropBag","MilkyWay+1","MaximisePower+1","AsteroidBelt+1","UnstableBomb","PowerUp+1","MilkyWay+1","UltimateShortwave","StarlightTyphoon+1","PropBag","Parasite"],"relics":["MiniHakkero","Turnip","Bloody Idol","InkBottle","Blue Candle","Oddly Smooth Stone","Runic Pyramid","Shuriken","StoneCalendar","Pear","SproutingBranch","StrikeDummy","NlothsMask","ExperimentalFamiliar","Art of War","Regal Pillow","HandmadeGrimoire"],"acts_visited":["Exordium","TheCity","TheBeyond"],"potions_floor_usage":[50,50,50],"damage_taken":[{"damage":5.0,"enemies":"2 Louse","floor":1.0,"turns":3.0},{"damage":5.0,"enemies":"Small Slimes","floor":2.0,"turns":3.0},{"damage":7.0,"enemies":"Jaw Worm","floor":4.0,"turns":3.0},{"damage":10.0,"enemies":"2 Fungi Beasts","floor":7.0,"turns":3.0},{"damage":15.0,"enemies":"Lagavulin","floor":8.0,"turns":7.0},{"damage":0.0,"enemies":"3 Louse","floor":10.0,"turns":3.0},{"damage":22.0,"enemies":"The Guardian","floor":16.0,"turns":14.0},{"damage":10.0,"enemies":"2 Thieves","floor":18.0,"turns":3.0},{"damage":0.0,"enemies":"3 Byrds","floor":21.0,"turns":4.0},{"damage":1.0,"enemies":"Sentry and Sphere","floor":22.0,"turns":3.0},{"damage":10.0,"enemies":"Slavers","floor":24.0,"turns":7.0},{"damage":12.0,"enemies":"Gremlin Leader","floor":27.0,"turns":2.0},{"damage":24.0,"enemies":"Champ","floor":33.0,"turns":8.0},{"damage":1.0,"enemies":"3 Shapes","floor":35.0,"turns":3.0},{"damage":0.0,"enemies":"Orb Walker","floor":37.0,"turns":2.0},{"damage":0.0,"enemies":"Jaw Worm Horde","floor":38.0,"turns":1.0},{"damage":0.0,"enemies":"Maw","floor":39.0,"turns":4.0},{"damage":37,"enemies":"Nemesis","floor":40,"turns":4},{"damage":0,"enemies":"Transient","floor":41,"turns":5},{"damage":18,"enemies":"Reptomancer","floor":44,"turns":3},{"damage":15,"enemies":"Sphere and 2 Shapes","floor":45,"turns":3},{"damage":0,"enemies":"Writhing Mass","floor":46,"turns":4},{"damage":17,"enemies":"Jaw Worm Horde","floor":48,"turns":4},{"damage":29,"enemies":"Donu and Deca","floor":50,"turns":4}],"seed_played":"8685277905339901725","potions_obtained":[{"floor":7.0,"key":"SteroidPotion"},{"floor":16.0,"key":"Weak Potion"},{"floor":21.0,"key":"Explosive Potion"},{"floor":24.0,"key":"LiquidBronze"},{"floor":37.0,"key":"Strength Potion"},{"floor":44,"key":"Ancient Potion"},{"floor":45,"key":"LiquidMemories"}],"is_trial":false,"path_per_floor":["M","M","?","M","?","R","M","E","T","M","R","?","?","T","R","B",null,"M","?","$","M","M","R","E","R","T","E","$","?","?","?","R","B",null,"M","$","M","M","M","E","M","R","T","E","M","M","$","M","R","B",null],"character_chosen":"MARISA","items_purchased":["UnstableBomb","PowerUp","Shuriken","StarlightTyphoon","HandmadeGrimoire"],"campfire_rested":2,"item_purchase_floors":[20,20,20,36,47],"current_hp_per_floor":[45,40,40,33,33,33,23,8,8,8,28,28,28,28,28,6,53,43,43,43,43,42,42,32,32,42,30,30,30,30,30,53,49,72,79,79,79,79,79,50,70,70,75,70,69,79,79,71,71,54],"gold":42,"neow_bonus":"ONE_RARE_RELIC","is_daily":false,"chose_seed":false,"campfire_upgraded":6,"win_rate":0.0,"timestamp":1612028107,"path_taken":["M","M","?","M","?","R","M","E","T","M","R","?","?","?","R","BOSS","M","?","$","M","M","R","E","R","T","E","$","?","?","?","R","BOSS","M","$","M","M","M","E","M","R","T","E","M","M","?","M","R","BOSS"],"items_purchased_type":["Card","Card","Relic","Card","Relic"],"build_version":"2020-12-22","purchased_purges":0,"victory":true,"max_hp_per_floor":[75,75,75,75,69,69,69,69,69,69,69,69,69,69,69,69,69,69,69,69,69,69,69,69,69,79,79,79,79,79,79,79,79,79,79,79,79,79,79,79,79,79,79,79,79,79,79,79,79,79],"card_choices":[{"not_picked":["SporeBomb","MilkyWay"],"picked":"DoubleSpark","floor":1.0},{"not_picked":["WitchOfGreed","OpenUniverse"],"picked":"RefractionSpark","floor":2.0},{"not_picked":["MilkyWay","StarBarrage"],"picked":"Acceleration","floor":4.0},{"not_picked":["SporeBomb","GravityBeat"],"picked":"6A","floor":7.0},{"not_picked":["AlicesGift","StarBarrage"],"picked":"PropBag","floor":8.0},{"not_picked":["WitchOfGreed","GrandCross"],"picked":"MilkyWay","floor":10.0},{"not_picked":["SatelliteIllusion","BlazingStar"],"picked":"MaximisePower","floor":16.0},{"not_picked":["AlicesGift","6A"],"picked":"AsteroidBelt+1","floor":18.0},{"not_picked":["SporeBomb","DragonMeteor+1"],"picked":"MilkyWay","floor":21.0},{"not_picked":["EarthLightRay","6A","GrandCross"],"picked":"SKIP","floor":22.0},{"not_picked":["OrrerysSun","WitchOfGreed+1"],"picked":"UltimateShortwave","floor":24.0},{"not_picked":["NonDirectionalLaser","IllusionStar+1","EnergyRecoil+1"],"picked":"SKIP","floor":27.0},{"not_picked":["WitchLeyline+1","NonDirectionalLaser+1","OneTimeOff+1"],"picked":"SKIP","floor":35.0},{"not_picked":["PowerUp+1","GravityBeat","GalacticHalo+1"],"picked":"SKIP","floor":37.0},{"not_picked":["GalacticHalo","Robbery","PulseMagic+1"],"picked":"SKIP","floor":38.0},{"not_picked":["SporeBomb","ManaRampage","Acceleration+1"],"picked":"SKIP","floor":39.0},{"not_picked":["GrandCross","JA","MagicAbsorber+1"],"picked":"SKIP","floor":40},{"not_picked":["SprinkleStarSeal+1","6A+1","Robbery+1"],"picked":"SKIP","floor":41},{"not_picked":["NonDirectionalLaser+1","MagicChant+1","LuminesStrike"],"picked":"SKIP","floor":44},{"not_picked":["WitchOfGreed","EnergyRecoil"],"picked":"PropBag","floor":45},{"not_picked":["GalacticHalo","EarthLightRay+1","EventHorizon+1"],"picked":"SKIP","floor":46},{"not_picked":["WitchOfGreed","ShootingEcho+1","IllusionStar"],"picked":"SKIP","floor":48}],"player_experience":1516387,"relics_obtained":[{"floor":8.0,"key":"InkBottle"},{"floor":9.0,"key":"Blue Candle"},{"floor":14.0,"key":"Oddly Smooth Stone"},{"floor":24.0,"key":"StoneCalendar"},{"floor":26.0,"key":"Pear"},{"floor":27.0,"key":"SproutingBranch"},{"floor":40,"key":"Art of War"},{"floor":44,"key":"Regal Pillow"}],"event_choices":[{"cards_removed":["Strike_MRS"],"damage_healed":0.0,"max_hp_gain":0.0,"max_hp_loss":0.0,"gold_gain":0.0,"event_name":"The Cleric","player_choice":"Card Removal","floor":3.0,"gold_loss":50.0,"damage_taken":0.0},{"damage_healed":0.0,"max_hp_gain":0.0,"max_hp_loss":6.0,"gold_gain":0.0,"event_name":"Golden Idol","player_choice":"Lose Max HP","floor":5.0,"gold_loss":0.0,"damage_taken":0.0,"relics_obtained":["Golden Idol"]},{"damage_healed":0.0,"max_hp_gain":0.0,"max_hp_loss":0.0,"gold_gain":0.0,"event_name":"Golden Wing","player_choice":"Ignored","floor":12.0,"gold_loss":0.0,"damage_taken":0.0},{"damage_healed":0.0,"max_hp_gain":0.0,"max_hp_loss":0.0,"gold_gain":0.0,"event_name":"Shining Light","player_choice":"Ignored","floor":13.0,"gold_loss":0.0,"damage_taken":0.0},{"damage_healed":0.0,"max_hp_gain":0.0,"max_hp_loss":0.0,"gold_gain":0.0,"event_name":"Vampires","player_choice":"Ignored","floor":19.0,"gold_loss":0.0,"damage_taken":0.0},{"damage_healed":0.0,"max_hp_gain":0.0,"max_hp_loss":0.0,"gold_gain":0.0,"event_name":"Addict","player_choice":"Obtained Relic","floor":29.0,"gold_loss":85.0,"damage_taken":0.0,"relics_obtained":["StrikeDummy"]},{"damage_healed":0.0,"max_hp_gain":0.0,"max_hp_loss":0.0,"gold_gain":0.0,"event_name":"Forgotten Altar","player_choice":"Gave Idol","floor":30.0,"relics_lost":["Golden Idol"],"gold_loss":0.0,"damage_taken":0.0,"relics_obtained":["Bloody Idol"]},{"damage_healed":0.0,"max_hp_gain":0.0,"max_hp_loss":0.0,"gold_gain":0.0,"event_name":"FaceTrader","player_choice":"Trade","floor":31.0,"gold_loss":0.0,"damage_taken":0.0,"relics_obtained":["NlothsMask"]}],"is_beta":false,"boss_relics":[{"not_picked":["Cursed Key","Black Star"],"picked":"Runic Pyramid"},{"not_picked":["Empty Cage","RampagingMagicTools"],"picked":"ExperimentalFamiliar"}],"items_purged_floors":[],"is_endless":false,"potions_floor_spawned":[7,16,21,24,37,44,45,46,48],"ascension_level":9}}