{"host":"1hv1kueuvc4r3rdp","time":1612046963,"event":{"mods":["AchievementEnabler","BaseMod","DeckTracker","Highlight Path","Minty Spire (QoL Compilation)","Permanent Neow","StSLib"],"gold_per_floor":[217,36,55,71,88,88,120,132,159,186,186,213,225,75,75,176,176,192,205,222,222,222],"floor_reached":21,"language":"ENG","playtime":1141,"items_purged":["Strike_G"],"score":353,"play_id":"d82c1a6f-dfe4-4007-94b7-fda78e0847d3","local_time":"20210130164923","is_ascension_mode":true,"campfire_choices":[{"data":"Blade Dance","floor":6,"key":"SMITH"},{"floor":11,"key":"REST"},{"data":"Footwork","floor":15,"key":"SMITH"}],"circlet_count":0,"master_deck":["AscendersBane","Strike_G","Strike_G","Strike_G+1","Strike_G","Defend_G","Defend_G","Defend_G","Defend_G","Defend_G","Survivor","Neutralize+1","Dagger Spray","Blade Dance+1","Cloak And Dagger","Adrenaline","Footwork+1","Caltrops","Accuracy","Envenom"],"relics":["Ring of the Snake","Akabeko","Whetstone","Bag of Marbles","Regal Pillow","Toy Ornithopter","Runic Pyramid"],"acts_visited":["Exordium","TheCity"],"potions_floor_usage":[16],"damage_taken":[{"damage":2,"enemies":"Cultist","floor":1,"turns":6},{"damage":0,"enemies":"Jaw Worm","floor":3,"turns":2},{"damage":0,"enemies":"Small Slimes","floor":4,"turns":1},{"damage":0,"enemies":"3 Louse","floor":5,"turns":1},{"damage":0,"enemies":"3 Sentries","floor":7,"turns":5},{"damage":11,"enemies":"Exordium Thugs","floor":8,"turns":4},{"damage":20,"enemies":"Lagavulin","floor":10,"turns":5},{"damage":8,"enemies":"3 Sentries","floor":12,"turns":9},{"damage":0,"enemies":"Exordium Wildlife","floor":13,"turns":3},{"damage":10,"enemies":"Slime Boss","floor":16,"turns":9},{"damage":10,"enemies":"Chosen","floor":18,"turns":5},{"damage":0,"enemies":"3 Byrds","floor":19,"turns":4},{"damage":26,"enemies":"Snake Plant","floor":20,"turns":4},{"damage":36,"enemies":"Masked Bandits","floor":21,"turns":3}],"seed_played":"-7404352411767490835","potions_obtained":[{"floor":1,"key":"Explosive Potion"},{"floor":10,"key":"SteroidPotion"}],"is_trial":false,"path_per_floor":["M","$","M","M","M","R","E","M","T","E","R","E","M","$","R","B",null,"M","M","M","?"],"character_chosen":"THE_SILENT","items_purchased":["Blade Dance","Akabeko","Accuracy"],"campfire_rested":1,"item_purchase_floors":[2,2,14],"current_hp_per_floor":[61,61,61,61,61,61,61,50,50,30,66,58,58,58,58,53,66,56,56,30,0,0],"gold":222,"neow_bonus":"HUNDRED_GOLD","is_daily":false,"chose_seed":false,"campfire_upgraded":2,"win_rate":0.0,"timestamp":1612046963,"path_taken":["M","$","M","M","?","R","E","M","T","E","R","E","M","$","R","BOSS","M","M","M","?"],"items_purchased_type":["Card","Relic","Card"],"build_version":"2020-12-22","purchased_purges":1,"victory":false,"max_hp_per_floor":[70,70,70,70,70,70,70,70,70,70,70,70,70,70,70,70,70,70,70,70,70,70],"card_choices":[{"not_picked":["Endless Agony","Acrobatics"],"picked":"Dagger Spray","floor":1},{"not_picked":["PiercingWail","Underhanded Strike","Concentrate"],"picked":"SKIP","floor":3},{"not_picked":["Backflip","Sucker Punch"],"picked":"Cloak And Dagger","floor":4},{"not_picked":["Cloak And Dagger","Underhanded Strike","Dodge and Roll"],"picked":"SKIP","floor":5},{"not_picked":["Underhanded Strike","Slice"],"picked":"Adrenaline","floor":7},{"not_picked":["Expertise","Cloak And Dagger"],"picked":"Footwork","floor":8},{"not_picked":["Quick Slash","Reflex","Poisoned Stab"],"picked":"SKIP","floor":10},{"not_picked":["Acrobatics","Bane","Skewer"],"picked":"SKIP","floor":12},{"not_picked":["Riddle With Holes","Dodge and Roll"],"picked":"Caltrops","floor":13},{"not_picked":["Storm of Steel","Glass Knife"],"picked":"Envenom","floor":16},{"not_picked":["Sucker Punch","All Out Attack","Poisoned Stab"],"picked":"SKIP","floor":18},{"not_picked":["Acrobatics","Deadly Poison+1","Finisher"],"picked":"SKIP","floor":19},{"not_picked":["Poisoned Stab","Dodge and Roll","Blade Dance"],"picked":"SKIP","floor":20}],"player_experience":1147834,"relics_obtained":[{"floor":7,"key":"Whetstone"},{"floor":9,"key":"Bag of Marbles"},{"floor":10,"key":"Regal Pillow"},{"floor":12,"key":"Toy Ornithopter"}],"event_choices":[{"damage_healed":0,"gold_gain":0,"player_choice":"Fought Bandits","damage_taken":0,"max_hp_gain":0,"max_hp_loss":0,"event_name":"Masked Bandits","floor":21,"gold_loss":0}],"is_beta":false,"boss_relics":[{"not_picked":["Ectoplasm","Empty Cage"],"picked":"Runic Pyramid"}],"items_purged_floors":[14],"is_endless":false,"potions_floor_spawned":[1,10,13],"killed_by":"Masked Bandits","ascension_level":11}}