{"host":"5f8yr5jxnqok2jdo","time":1612006981,"event":{"mods":["AchievementEnabler","BaseMod","Bestiary","Better Altar","Better Match","Better Note","Better Skull","Better Third Choice","Block Reminder","Colored Map","Colored Powertips","Custom Start","DeckTracker","Defective Defect","Displayed Cursed Tome","Filter the Spire","Googly Eyes","Highlight Path","Key Reminder","Minty Spire (QoL Compilation)","Permanent Neow","Quick Restart","Random Character Button","Rare Cards Sparkle","Relic Sorter","Relic Stats","ShortenTheSpire","Spire Birthday Party","StSLib","Steal the Spire","Synergy Search","Uncapped","Unceasing Turn Reminder","Waifu the Spire","everything is the same but u backflip on backflip","slay the spire mod where everything is the same but ironclad has a cowboy hat"],"gold_per_floor":[119,165,184,194,208,208,283,283,362,395,395,99,130,100,100,200,200,200,200],"floor_reached":18,"language":"ENG","playtime":638,"items_purged":["Strike_R"],"score":210,"play_id":"e3bfc02c-7734-41ba-88c4-436ec2049bf1","local_time":"20210130124301","is_ascension_mode":true,"campfire_choices":[{"data":"Body Slam","floor":6,"key":"SMITH"},{"data":"Bash","floor":8,"key":"SMITH"},{"data":"Cleave","floor":11,"key":"SMITH"},{"data":"Pommel Strike","floor":15,"key":"SMITH"}],"circlet_count":0,"master_deck":["Strike_R","Strike_R","Strike_R","Strike_R","Defend_R","Defend_R","Defend_R","Defend_R","Bash+1","Cleave+1","Body Slam+1","Shrug It Off","Metallicize","Pommel Strike+1","Reaper"],"relics":["Black Blood","Centennial Puzzle","Juzu Bracelet","InkBottle","Darkstone Periapt","Omamori","Paper Frog"],"acts_visited":["Exordium","TheCity"],"potions_floor_usage":[10,13,16],"damage_taken":[{"damage":6,"enemies":"Cultist","floor":1,"turns":3},{"damage":4,"enemies":"Small Slimes","floor":3,"turns":4},{"damage":6,"enemies":"2 Louse","floor":4,"turns":2},{"damage":13,"enemies":"Red Slaver","floor":5,"turns":3},{"damage":31,"enemies":"Gremlin Nob","floor":10,"turns":4},{"damage":21,"enemies":"Lagavulin","floor":13,"turns":5},{"damage":17,"enemies":"Hexaghost","floor":16,"turns":9},{"damage":2,"enemies":"3 Byrds","floor":18,"turns":2}],"seed_played":"-752018578036304794","potions_obtained":[{"floor":4,"key":"AttackPotion"},{"floor":10,"key":"Fruit Juice"},{"floor":13,"key":"CultistPotion"},{"floor":14,"key":"BlessingOfTheForge"},{"floor":14,"key":"LiquidBronze"}],"is_trial":false,"path_per_floor":["M","T","M","M","M","R","?","R","T","E","R","$","E","?","R","B",null,"M"],"character_chosen":"IRONCLAD","items_purchased":["Metallicize","Omamori"],"campfire_rested":0,"item_purchase_floors":[12,12],"current_hp_per_floor":[80,80,80,80,73,73,62,62,62,42,42,42,27,27,27,16,68,66,66],"gold":200,"neow_bonus":"RANDOM_COMMON_RELIC","is_daily":false,"chose_seed":false,"campfire_upgraded":4,"win_rate":0.0,"timestamp":1612006981,"path_taken":["M","?","M","M","M","R","?","R","T","E","R","$","E","?","R","BOSS","M"],"items_purchased_type":["Card","Relic"],"build_version":"2020-12-22","purchased_purges":1,"victory":false,"max_hp_per_floor":[80,80,80,80,80,80,80,80,80,85,85,85,85,85,85,85,85,85,85],"relic_stats":{"Darkstone Periapt":0,"Centennial Puzzle":[24],"counters":[8,32],"Black Blood":40,"Juzu Bracelet":0,"obtain_stats":[{"Darkstone Periapt":10,"Centennial Puzzle":0,"Black Blood":17,"Juzu Bracelet":2,"Omamori":12,"Burning Blood":0,"InkBottle":9,"Paper Frog":13},{"Darkstone Periapt":5,"Centennial Puzzle":0,"Black Blood":7,"Juzu Bracelet":1,"Omamori":5,"Burning Blood":0,"InkBottle":4,"Paper Frog":6},{"Darkstone Periapt":16,"Centennial Puzzle":0,"Black Blood":30,"Juzu Bracelet":3,"Omamori":16,"Burning Blood":0,"InkBottle":12,"Paper Frog":21}],"InkBottle":[6]},"card_choices":[{"not_picked":["True Grit","Ghostly Armor"],"picked":"Cleave","floor":1},{"not_picked":["Pummel","Dark Embrace","Perfected Strike"],"picked":"SKIP","floor":3},{"not_picked":["Clash","Dropkick"],"picked":"Body Slam","floor":4},{"not_picked":["Clothesline","Searing Blow"],"picked":"Shrug It Off","floor":5},{"not_picked":["Hemokinesis","Rupture","Exhume"],"picked":"SKIP","floor":10},{"not_picked":["Fire Breathing","Havoc"],"picked":"Pommel Strike","floor":13},{"not_picked":["Corruption","Barricade"],"picked":"Reaper","floor":16}],"player_experience":352240,"relics_obtained":[{"floor":2,"key":"Juzu Bracelet"},{"floor":9,"key":"InkBottle"},{"floor":10,"key":"Darkstone Periapt"},{"floor":13,"key":"Paper Frog"}],"event_choices":[{"damage_healed":0,"gold_gain":75,"player_choice":"Gold","damage_taken":11,"max_hp_gain":0,"max_hp_loss":0,"event_name":"betterThird:BetterGoop","floor":7,"gold_loss":0},{"damage_healed":0,"gold_gain":0,"player_choice":"Bought 2 Potions","damage_taken":0,"max_hp_gain":0,"max_hp_loss":0,"event_name":"The Woman in Blue","floor":14,"gold_loss":0}],"is_beta":false,"boss_relics":[{"not_picked":["Empty Cage","Runic Pyramid"],"picked":"Black Blood"}],"items_purged_floors":[12],"is_endless":false,"potions_floor_spawned":[4,10,13],"killed_by":"3 Byrds","ascension_level":5}}