{"host":"97gqqvl04geh4ia8","time":1612007065,"event":{"mods":["BaseMod","Curses Come First","Downfall","Minty Spire (QoL Compilation)","Say the Spire","StSLib","The Dragon Tamer","The Servant 0.9.4","UnlockEverythingMod","[IsaacMod]ÒÔÈö¼âËþ","¡¾ÒÅÎï¿¨ÅÆ¡¿REMEMod"],"gold_per_floor":[109,126,226,226,226,226,261,284,359,359,372,392,410,430,430,529,529,543,160,160,60,76,76,111,145,145,156,171,171,188,215,215,315,315,326,326,326,338,352,352,352,352,352,368,402,167,232,243,243,243],"floor_reached":51,"language":"ZHS","playtime":2325,"items_purged":["Strike_S","Strike_S","downfall:Bewildered","Strike_S","Defend_S"],"score":994,"play_id":"b6dc6558-29b5-4a8d-9eaf-f5c38aeabdd0","local_time":"20210130194425","is_ascension_mode":false,"campfire_choices":[{"data":"GearUp","floor":6,"key":"SMITH"},{"data":"KidneyShot","floor":10,"key":"SMITH"},{"data":"Luminosity","floor":15,"key":"SMITH"},{"data":"SilverBlades","floor":23,"key":"SMITH"},{"data":"Solidify","floor":29,"key":"SMITH"},{"data":"Comet","floor":32,"key":"SMITH"},{"data":"MurderousAura","floor":40,"key":"SMITH"},{"data":"KillingDoll","floor":42,"key":"SMITH"},{"data":"TimeWarp","floor":49,"key":"SMITH"}],"circlet_count":0,"master_deck":["Defend_S","Defend_S","Defend_S","KidneyShot+1","Exchange","Feed+1","GearUp+1","Misdirection","MoonPhase","InstantArmor","Comet+1","Luminosity+1","KillingDoll+1","Solidify+1","ShiftingGears","SilverBlades+1","REME_MawOfCthun+1","Blind+1","Master of Strategy+1","Dilation+1","MurderousAura+1","TheWorld+1","REME_BuildACard+1","SpecialFormula+1","Contraction+1","Replace+1","Reset+1","Replace+1","TimeWarp+1","Madness+1","REME_WheelOfFate+1","FastForward+1","Unruled+1","SilverBlades+1","Forethought+1"],"relics":["HushsDoor","Void","Centennial Puzzle","REME_LowDesire","Art of War","Bag of Preparation","Vajra","Sling","Toxic Egg 2","Lantern","SplendidAttire","GuppysTail","GuppysHairball","NineLifeCat"],"acts_visited":["Exordium","TheCity","TheBeyond"],"potions_floor_usage":[31,50],"damage_taken":[{"damage":0,"enemies":"Jaw Worm","floor":1,"turns":1},{"damage":0,"enemies":"Cultist","floor":2,"turns":2},{"damage":0,"enemies":"Lagavulin","floor":7,"turns":1},{"damage":0,"enemies":"Small Slimes","floor":8,"turns":7},{"damage":1,"enemies":"Looter","floor":11,"turns":5},{"damage":0,"enemies":"2 Fungi Beasts","floor":12,"turns":3},{"damage":0,"enemies":"Blue Slaver","floor":13,"turns":6},{"damage":0,"enemies":"3 Louse","floor":14,"turns":3},{"damage":0,"enemies":"The Guardian","floor":16,"turns":16},{"damage":3,"enemies":"3 Byrds","floor":18,"turns":4},{"damage":0,"enemies":"Spheric Guardian","floor":22,"turns":3},{"damage":0,"enemies":"Masked Bandits","floor":24,"turns":1},{"damage":4,"enemies":"REME_1_Revenger","floor":25,"turns":4},{"damage":0,"enemies":"3 Cultists","floor":27,"turns":4},{"damage":0,"enemies":"Chosen and Byrds","floor":28,"turns":5},{"damage":0,"enemies":"Shelled Parasite and Fungi","floor":30,"turns":4},{"damage":7,"enemies":"Slavers","floor":31,"turns":5},{"damage":0,"enemies":"Collector","floor":33,"turns":10},{"damage":0,"enemies":"3 Shapes","floor":35,"turns":3},{"damage":0,"enemies":"Orb Walker","floor":38,"turns":2},{"damage":0,"enemies":"Writhing Mass","floor":39,"turns":3},{"damage":0,"enemies":"4 Shapes","floor":44,"turns":3},{"damage":0,"enemies":"Giant Head","floor":45,"turns":4},{"damage":0,"enemies":"3 Darklings","floor":48,"turns":2},{"damage":0,"enemies":"Awakened One","floor":50,"turns":8}],"seed_played":"139543982045559190","potions_obtained":[{"floor":1,"key":"Fire Potion"},{"floor":7,"key":"FearPotion"},{"floor":8,"key":"GamblersBrew"},{"floor":33,"key":"AttackPotion"}],"is_trial":false,"path_per_floor":["M","M","?","?","?","R","E","M","T","R","M","M","M","M","R","B",null,"M","$","?","$","M","R","?","E","T","M","M","R","M","E","R","B",null,"M","?","?","M","M","R","?","R","T","M","E","$","?","M","R","B",null],"character_chosen":"THE_SERVANT","items_purchased":["Solidify","RottenBaby","GuppysPaw","Vajra","Sling","GuppysTail","GuppysHairball","MurderousAura","TheWorld+1","REME_BuildACard+1","SpecialFormula+1","FairyPotion","NineLifeCat","REME_WheelOfFate+1"],"campfire_rested":0,"item_purchase_floors":[17,17,17,19,19,34,34,34,34,34,34,34,34,46],"current_hp_per_floor":[68,71,56,56,39,39,43,47,47,47,50,54,58,62,62,66,64,65,65,65,65,65,65,65,61,61,65,69,69,69,62,62,66,5,5,5,5,2,2,2,2,2,2,6,10,10,7,11,11,11],"gold":243,"neow_bonus":"THREE_ENEMY_KILL","is_daily":false,"chose_seed":false,"campfire_upgraded":9,"win_rate":0.0,"timestamp":1612007065,"path_taken":["M","M","?","?","?","R","E","?","T","R","?","M","M","M","R","BOSS","M","$","?","$","M","R","?","E","T","M","M","R","?","E","R","BOSS","M","?","?","M","?","R","?","R","T","?","E","$","?","M","R","BOSS"],"items_purchased_type":["Card","Relic","Relic","Relic","Relic","Relic","Relic","Card","Card","Card","Card","Potion","Relic","Card"],"build_version":"2020-12-22","purchased_purges":5,"victory":true,"max_hp_per_floor":[68,71,71,71,71,71,75,79,79,79,83,87,91,95,95,99,64,68,68,68,68,68,68,68,68,68,72,76,73,73,73,73,77,5,5,5,5,2,2,2,2,2,2,6,10,10,7,11,11,11],"card_choices":[{"not_picked":["Barrier","SurpressingFire","MoonPhase"],"picked":"SKIP","floor":1},{"not_picked":["BottledTime","Defy"],"picked":"GearUp","floor":2},{"not_picked":["ShatteredReality","Revamp"],"picked":"Misdirection","floor":7},{"not_picked":["ReturningBlade","Revamp"],"picked":"MoonPhase","floor":8},{"not_picked":["Defy","Rearm"],"picked":"InstantArmor","floor":11},{"not_picked":["TimeWarp","Snipe"],"picked":"Comet","floor":12},{"not_picked":["TimeWarp","Revamp"],"picked":"Luminosity","floor":13},{"not_picked":["Reset","MoonPhase"],"picked":"Bomb","floor":14},{"not_picked":["FlawlessForm","Deny"],"picked":"KillingDoll","floor":16},{"not_picked":["Luminosity","ShatteredReality+1","REME_BattleFury"],"picked":"ShiftingGears","floor":18},{"not_picked":["Rewind","Alleviate","REME_MagicPocketWatch"],"picked":"SilverBlades","floor":22},{"not_picked":["FastForward+1","Unruled","BestPractice"],"picked":"REME_MawOfCthun+1","floor":25},{"not_picked":["FastForward+1","Replace+1","Revamp+1"],"picked":"Blind+1","floor":27},{"not_picked":["FastForward+1","Revamp+1","RealityMarble","Battery+1"],"picked":"SKIP","floor":28},{"not_picked":["Replace+1","ShatteredReality+1","Duplication+1","Deep Breath+1"],"picked":"SKIP","floor":30},{"not_picked":["Potential+1","DualDimension+1","Replace+1"],"picked":"Master of Strategy+1","floor":31},{"not_picked":["ForgedInTime+1","PendulumOfEternity","Battery+1"],"picked":"Dilation+1","floor":33},{"not_picked":["Defy+1","Misdirection+1","REME_BodyOfCthun+1"],"picked":"Contraction+1","floor":35},{"not_picked":["REME_TwoStrings+1","Good Instincts+1"],"picked":"Bomb","floor":36},{"not_picked":["Misdirection+1","Sabotage+1","Ricochet+1","Metamorphosis+1"],"picked":"SKIP","floor":38},{"not_picked":["Snipe+1","Foresight+1","ShiftingGears+1","Secret Weapon+1"],"picked":"SKIP","floor":39},{"not_picked":["SpecialFormula+1","Gouge","REME_ProfessionalPlagiarism+1"],"picked":"Replace+1","floor":44},{"not_picked":["Reset+1","Replace+1","TimeWarp","Madness+1"],"picked":"Singing Bowl","floor":45},{"not_picked":["FastForward+1","Unruled+1","SilverBlades+1","Forethought+1"],"picked":"Singing Bowl","floor":48}],"player_experience":24161,"relics_obtained":[{"floor":7,"key":"Centennial Puzzle"},{"floor":17,"key":"Art of War"},{"floor":17,"key":"Bag of Preparation"},{"floor":24,"key":"Red Mask"},{"floor":25,"key":"Toxic Egg 2"},{"floor":26,"key":"Lantern"},{"floor":31,"key":"The Courier"},{"floor":43,"key":"Leech"},{"floor":45,"key":"REME_IWantAll"}],"event_choices":[{"damage_healed":0,"gold_gain":0,"player_choice":"Grow","damage_taken":0,"max_hp_gain":0,"max_hp_loss":0,"event_name":"Living Wall","floor":4,"gold_loss":0,"cards_upgraded":["Feed"]},{"damage_healed":0,"gold_gain":0,"player_choice":"Take Damage","damage_taken":17,"relics_obtained":["Golden Idol"],"max_hp_gain":0,"max_hp_loss":0,"event_name":"Golden Idol","floor":5,"gold_loss":0},{"damage_healed":0,"gold_gain":0,"player_choice":"Fought Bandits","damage_taken":0,"max_hp_gain":0,"max_hp_loss":0,"event_name":"Masked Bandits","floor":24,"gold_loss":0},{"damage_healed":0,"gold_gain":0,"player_choice":"Memory 1","damage_taken":0,"max_hp_gain":0,"max_hp_loss":0,"event_name":"SensoryStone","floor":36,"gold_loss":0},{"cards_removed":["Strike_S"],"damage_healed":0,"gold_gain":0,"player_choice":"Removed Attack","damage_taken":0,"max_hp_gain":0,"max_hp_loss":0,"event_name":"Falling","floor":41,"gold_loss":0}],"is_beta":false,"boss_relics":[{"not_picked":["Empty Cage","SlaversCollar"],"picked":"REME_LowDesire"},{"not_picked":[]},{"not_picked":["Philosopher\u0027s Stone","MagicMushroom"],"picked":"SplendidAttire"},{"not_picked":[]}],"items_purged_floors":[17,19,21,34,46],"is_endless":false,"potions_floor_spawned":[1,7,8,16,27,28,30,33,39,45],"ascension_level":0}}