{"host":"dlqyscxstsnu98l1","time":1612041829,"event":{"mods":["AchievementEnabler","BaseMod","Bestiary","Colored Map","Colored Powertips","Conspire","Downfall","GifTheSpireLib","Highlight Path","Minty Spire (QoL Compilation)","Random Character Button","Replay The Spire","SacredBarkPlus","StSLib","everything is the same but u backflip on backflip"],"gold_per_floor":[115,128,148,161,161,196,196,226,277,277,302,302,312,148,148,252,352,362,362,272,291,309,343,343,377,377,412,428,428,158,175,175,279,329,348,348,360,371,233,249,249,261,261,261,261],"floor_reached":44,"language":"ENG","playtime":4576,"items_purged":["Strike_R","Strike_R","Strike_R+1"],"score":581,"play_id":"68d4a440-1660-4e14-9b7a-de0a3a4f14b1","local_time":"20210130152349","is_ascension_mode":true,"campfire_choices":[{"data":"Combust","floor":10,"key":"SMITH"},{"data":"Wild Strike","floor":12,"key":"SMITH"},{"data":"Inflame","floor":15,"key":"SMITH"},{"floor":24,"key":"REST"},{"data":"Rupture","floor":29,"key":"SMITH"},{"floor":32,"key":"REST"}],"circlet_count":0,"master_deck":["Strike_R+1","Defend_R+1","Defend_R","Defend_R+1","Bash","Feed","Cleave+1","Combust+1","Shrug It Off","Wild Strike+1","Spot Weakness+1","Rage+1","Inflame+1","Limit Break+1","Flame Barrier+1","Rupture+1","Heavy Blade+1","Entrench+1","Shrug It Off+1","Shrug It Off+1","Spot Weakness+1","Inflame","Limit Break+1","Power Through+1","Burning Pact+1","Pummel","Shockwave+1"],"relics":["Burning Blood","Peace Pipe","Toxic Egg 2","Ancient Tea Set","Replay:Grab Bag","Ooze Armor","Replay:Wanted Poster","Black Star","conspire:TopHat","Mirror","Replay:Mystery Machine","Gremlin Food","The Courier","Replay:Rubber Ducky","Akabeko","Tiny House","conspire:Boomerang"],"acts_visited":["Exordium","TheCity","TheBeyond"],"potions_floor_usage":[6,16,16,16,27,27,27,33,33,33],"damage_taken":[{"damage":1,"enemies":"Cultist","floor":1,"turns":4},{"damage":9,"enemies":"Jaw Worm","floor":2,"turns":3},{"damage":2,"enemies":"Small Slimes","floor":3,"turns":2},{"damage":6,"enemies":"Blue Slaver","floor":4,"turns":4},{"damage":17,"enemies":"Lagavulin","floor":6,"turns":5},{"damage":28,"enemies":"Gremlin Nob","floor":8,"turns":5},{"damage":0,"enemies":"Lots of Slimes","floor":13,"turns":1},{"damage":26,"enemies":"Fading Forest","floor":16,"turns":11},{"damage":25,"enemies":"Spheric Guardian","floor":18,"turns":4},{"damage":13,"enemies":"Shell Parasite","floor":21,"turns":4},{"damage":17,"enemies":"3 Cultists","floor":22,"turns":4},{"damage":42,"enemies":"Book of Stabbing","floor":23,"turns":5},{"damage":2,"enemies":"Gremlin Leader","floor":25,"turns":5},{"damage":17,"enemies":"Slavers","floor":27,"turns":4},{"damage":11,"enemies":"Centurion and Healer","floor":28,"turns":4},{"damage":12,"enemies":"Snake Plant","floor":31,"turns":5},{"damage":33,"enemies":"Champ","floor":33,"turns":7},{"damage":17,"enemies":"3 Shapes","floor":35,"turns":4},{"damage":0,"enemies":"Orb Walker","floor":37,"turns":3},{"damage":19,"enemies":"4 Shapes","floor":38,"turns":5},{"damage":35,"enemies":"Sphere and 2 Shapes","floor":40,"turns":5},{"damage":16,"enemies":"Jaw Worm Horde","floor":42,"turns":5},{"damage":53,"enemies":"Transient","floor":44,"turns":3}],"seed_played":"-4296366874743524198","potions_obtained":[{"floor":4,"key":"SkillPotion"},{"floor":8,"key":"DistilledChaos"},{"floor":13,"key":"BlessingOfTheForge"},{"floor":18,"key":"Reflective Coating"},{"floor":23,"key":"champ:CounterPotion"},{"floor":25,"key":"Block Potion"},{"floor":31,"key":"Strength Potion"},{"floor":34,"key":"Strength Potion"},{"floor":38,"key":"Milkshake"},{"floor":42,"key":"hexamod:SoulburnPotion"}],"is_trial":false,"path_per_floor":["M","M","M","M","?","E","?","E","T","R","T","R","M","$","R","B",null,"M","?","?","M","M","E","R","E","T","E","M","R","$","M","R","B",null,"M","?","M","M","$","M","?","M","T","M"],"character_chosen":"IRONCLAD","items_purchased":["Inflame","Strength Potion","Spot Weakness+1","Guardian:BlockOnCardUsePotion","Inflame","BloodPotion","Strength Potion"],"campfire_rested":2,"item_purchase_floors":[14,14,30,30,30,30,39],"current_hp_per_floor":[83,83,89,92,92,81,63,41,41,41,41,41,47,47,47,45,92,73,73,73,66,58,22,50,54,54,46,41,41,41,35,64,56,103,92,92,98,88,88,62,62,52,52,0,0],"gold":261,"neow_bonus":"ONE_RANDOM_RARE_CARD","is_daily":false,"chose_seed":false,"campfire_upgraded":4,"win_rate":0.0,"timestamp":1612041829,"path_taken":["M","M","M","?","?","E","?","E","T","R","?","R","M","$","R","BOSS","M","?","?","M","M","E","R","E","T","E","?","R","$","M","R","BOSS","M","?","M","M","$","M","?","M","T","?"],"items_purchased_type":["Card","Potion","Card","Potion","Card","Potion","Potion"],"build_version":"2020-12-22","purchased_purges":3,"victory":false,"max_hp_per_floor":[83,86,89,92,92,92,92,92,92,92,92,92,92,92,92,92,92,92,92,92,92,95,95,95,95,95,98,98,98,98,98,98,98,103,103,103,103,106,106,109,109,109,109,109,109],"card_choices":[{"not_picked":["Sword Boomerang","Heavy Blade"],"picked":"Cleave","floor":1},{"not_picked":["conspire:ExplosiveBarrier","Feel No Pain"],"picked":"Combust","floor":2},{"not_picked":["Havoc","Abandon"],"picked":"Shrug It Off","floor":3},{"not_picked":["Cleave","Flex"],"picked":"Wild Strike","floor":4},{"not_picked":["Bludgeon","ReplayReversal","Replay:Undeath\u0027s Touch"],"picked":"SKIP","floor":6},{"not_picked":["Seeing Red+1","Pommel Strike"],"picked":"Spot Weakness+1","floor":8},{"not_picked":["Clothesline","Dual Wield+1"],"picked":"Rage+1","floor":13},{"not_picked":["conspire:HitWhereItHurts","Feed"],"picked":"Limit Break+1","floor":16},{"not_picked":["Entrench+1","ReplayTheSpireMod:Strike From Hell","Warcry+1"],"picked":"SKIP","floor":18},{"not_picked":["Pommel Strike+1","Dark Embrace"],"picked":"Flame Barrier+1","floor":21},{"not_picked":["Rage+1","Dual Wield+1"],"picked":"Rupture","floor":22},{"not_picked":["Second Wind+1","Perfected Strike"],"picked":"Heavy Blade+1","floor":23},{"not_picked":["Clash","Abandon+1"],"picked":"Entrench+1","floor":25},{"not_picked":["Inflame","Clothesline"],"picked":"Shrug It Off+1","floor":27},{"not_picked":["Juggernaut","Clash"],"picked":"Shrug It Off+1","floor":28},{"not_picked":["Wild Strike","Sever Soul+1","Intimidate+1"],"picked":"SKIP","floor":31},{"not_picked":["Eclipse+1","Demonic Infusion+1"],"picked":"Limit Break+1","floor":33},{"not_picked":["Feel No Pain+1","Run Through"],"picked":"Power Through+1","floor":34},{"not_picked":["Anger","Clothesline"],"picked":"Burning Pact+1","floor":35},{"not_picked":["Inflame","Hemokinesis","Clash+1"],"picked":"SKIP","floor":37},{"not_picked":["Clash","ReplayTheSpireMod:LeadingStrike"],"picked":"Pummel","floor":38},{"not_picked":["Intimidate+1","Rampage+1","Body Slam"],"picked":"SKIP","floor":40},{"not_picked":["Rage+1","ReplayTheSpireMod:Strike From Hell+1"],"picked":"Shockwave+1","floor":42}],"player_experience":142676,"relics_obtained":[{"floor":6,"key":"Peace Pipe"},{"floor":8,"key":"Toxic Egg 2"},{"floor":11,"key":"Ancient Tea Set"},{"floor":23,"key":"conspire:TopHat"},{"floor":23,"key":"Mirror"},{"floor":25,"key":"Replay:Mystery Machine"},{"floor":25,"key":"Gremlin Food"},{"floor":26,"key":"The Courier"},{"floor":27,"key":"Replay:Rubber Ducky"},{"floor":27,"key":"Akabeko"},{"floor":43,"key":"conspire:Boomerang"}],"event_choices":[{"damage_healed":0,"gold_gain":0,"player_choice":"Entered Light","damage_taken":18,"max_hp_gain":0,"max_hp_loss":0,"event_name":"Shining Light","floor":7,"gold_loss":0,"cards_upgraded":["Strike_R","Strike_R"]},{"damage_healed":0,"gold_gain":0,"player_choice":"Ignored","damage_taken":0,"max_hp_gain":0,"max_hp_loss":0,"event_name":"Vampires","floor":19,"gold_loss":0},{"cards_removed":["Strike_R"],"damage_healed":0,"gold_gain":0,"player_choice":"Upgrade and Remove","damage_taken":0,"max_hp_gain":0,"max_hp_loss":0,"event_name":"Designer","floor":20,"gold_loss":90,"cards_upgraded":["Cleave"]},{"damage_healed":0,"gold_gain":0,"player_choice":"Bought 0 Potions","damage_taken":0,"max_hp_gain":0,"max_hp_loss":0,"event_name":"The Woman in Blue","floor":41,"gold_loss":0}],"is_beta":false,"boss_relics":[{"not_picked":["Electric Blood","Snecko Eye"],"picked":"Replay:Grab Bag"},{"not_picked":["Cursed Key","Ectoplasm"],"picked":"Ooze Armor"},{"not_picked":["conspire:SlowCooker","Coffee Dripper"],"picked":"Replay:Wanted Poster"},{"not_picked":["conspire:RunicOctahedron","conspire:SpecialSausage"],"picked":"Black Star"},{"not_picked":["Replay:Drink Me","Pandora\u0027s Box"],"picked":"Tiny House"}],"items_purged_floors":[14,30,39],"is_endless":false,"potions_floor_spawned":[4,8,13,18,23,25,31,38,42],"killed_by":"Transient","ascension_level":2}}