{"host":"ijtyqc57s6c9mbij","time":1612000230,"event":{"mods":["BaseMod","Colored Map","Downfall","Minty Spire (QoL Compilation)","StSLib"],"gold_per_floor":[99,110,130,147,147,597,667,667,667,685,585,612,5,69,81,177,177,77,77,93,106,120,120,144,161,161,161,161,189,89,116,129,234,234,234,244,264,264,58,58,58,58,72,87,102,27,61,74,88,88,88,88,88,88],"floor_reached":52,"language":"ENG","playtime":5783,"items_purged":["downfall:Icky","downfall:Icky"],"score":754,"play_id":"01eddd0b-c2ef-4de9-a9d0-5ceebb3e3265","local_time":"20210130015030","is_ascension_mode":false,"campfire_choices":[{"data":"champ:Taunt","floor":1,"key":"SMITH"},{"floor":9,"key":"RECALL"},{"data":"champ:Endure","floor":11,"key":"SMITH"},{"data":"champ:StanceDance","floor":18,"key":"SMITH"},{"data":"champ:HeartStrike","floor":23,"key":"SMITH"},{"data":"champ:Backstep","floor":30,"key":"SMITH"},{"floor":35,"key":"REST"},{"floor":40,"key":"REST"}],"circlet_count":0,"master_deck":["champ:Strike","champ:Strike","champ:Strike","champ:Defend","champ:Defend","champ:Defend","champ:Defend","champ:Execute","champ:Taunt+1","champ:Backstep+1","champ:PerfectedStrike","champ:Endure+1","champ:GutPunch","champ:GutPunch","champ:StanceDance+1","champ:ShieldWall+1","champ:BringItOn","champ:EnGarde","champ:PerfectedStrike","champ:DancingMaster+1","champ:FocusedDefense+1","champ:HeartStrike+1","champ:Lariat+1","champ:PreciseThrust","RitualDagger+1","champ:IronFortress+1","champ:CheapShot","champ:IgnorePain","champ:TornadoPunch","champ:FlashCut","champ:LastStand+1","champ:TripleStrike","champ:AdrenalArmor","champ:FanOfKnives+1","champ:SkillfulDodge","champ:PreciseThrust+1","champ:Parry","champ:RecklessLeap","champ:Shatter+1","champ:Backstep+1"],"relics":["champ:ChampionCrown","The Courier","downfall:HeartBlessingRed","Frozen Egg 2","Toolbox","Eternal Feather","Bag of Marbles","Matryoshka","Runic Pyramid","downfall:HeartBlessingGreen","Tiny Chest","Blood Vial","downfall:HeartBlessingBlue","Bag of Preparation","Centennial Puzzle","Fusion Hammer","InkBottle","Bottled Lightning","MealTicket"],"acts_visited":["Exordium","TheCity","TheBeyond","TheEnding"],"potions_floor_usage":[12,12,16,25,29,29,33,33,33,47,49,50],"damage_taken":[{"damage":10,"enemies":"Small Slimes","floor":2,"turns":3},{"damage":10,"enemies":"2 Louse","floor":3,"turns":3},{"damage":26,"enemies":"Jaw Worm","floor":4,"turns":5},{"damage":2,"enemies":"Red Slaver","floor":10,"turns":3},{"damage":56,"enemies":"3 Sentries","floor":12,"turns":10},{"damage":0,"enemies":"downfall:FleeingMerchant","floor":13,"turns":4},{"damage":16,"enemies":"Gremlin Nob","floor":14,"turns":4},{"damage":10,"enemies":"3 Louse","floor":15,"turns":3},{"damage":42,"enemies":"IC_STATUS_ARCHETYPE","floor":16,"turns":8},{"damage":5,"enemies":"Shell Parasite","floor":20,"turns":2},{"damage":34,"enemies":"Snake Plant","floor":21,"turns":4},{"damage":14,"enemies":"3 Cultists","floor":22,"turns":4},{"damage":37,"enemies":"Chosen and Byrds","floor":25,"turns":5},{"damage":55,"enemies":"Gremlin Leader","floor":29,"turns":10},{"damage":25,"enemies":"Shelled Parasite and Fungi","floor":32,"turns":3},{"damage":108,"enemies":"SI_MIRROR_ARCHETYPE","floor":33,"turns":11},{"damage":33,"enemies":"3 Darklings","floor":36,"turns":7},{"damage":20,"enemies":"3 Shapes","floor":37,"turns":4},{"damage":15,"enemies":"downfall:FleeingMerchant","floor":39,"turns":5},{"damage":30,"enemies":"Transient","floor":43,"turns":5},{"damage":20,"enemies":"Spire Growth","floor":44,"turns":3},{"damage":80,"enemies":"Writhing Mass","floor":45,"turns":5},{"damage":10,"enemies":"downfall:FleeingMerchant","floor":46,"turns":4},{"damage":132,"enemies":"Giant Head","floor":47,"turns":8},{"damage":40,"enemies":"3 Darklings","floor":48,"turns":2},{"damage":13,"enemies":"Jaw Worm Horde","floor":49,"turns":4},{"damage":132,"enemies":"WA_ARCHETYPE_DIVINITY","floor":50,"turns":11},{"damage":178,"enemies":"downfall:CharBossMerchant","floor":52,"turns":9}],"seed_played":"-5511251976414812509","potions_obtained":[{"floor":0,"key":"Swift Potion"},{"floor":0,"key":"champ:OpenerPotion"},{"floor":0,"key":"champ:UltimateStancePotion"},{"floor":14,"key":"ColorlessPotion"},{"floor":16,"key":"Energy Potion"},{"floor":22,"key":"SneckoOil"},{"floor":28,"key":"CultistPotion"},{"floor":29,"key":"AttackPotion"},{"floor":32,"key":"hexamod:SoulburnPotion"},{"floor":33,"key":"Guardian:BlockOnCardUsePotion"},{"floor":37,"key":"Strength Potion"},{"floor":43,"key":"Regen Potion"},{"floor":44,"key":"champ:TechniquePotion"},{"floor":45,"key":"DuplicationPotion"}],"is_trial":false,"path_per_floor":["R","M","M","M","?","?","T","?","R","M","R","E","$","?","M","B",null,"R","?","M","M","M","R","T","M","?","?","?","E","R","T","M","B",null,"R","M","M","?","$","R","T","T","M","M","M","$","E","M","M","B",null,"E"],"character_chosen":"THE_CHAMP","items_purchased":["Toolbox","Eternal Feather","champ:ShieldWall+1","champ:BringItOn","Bag of Marbles","champ:TripleStrike","champ:Parry"],"campfire_rested":2,"item_purchase_floors":[13,13,13,13,13,39,46],"current_hp_per_floor":[90,90,90,84,84,84,84,89,89,87,87,66,66,60,60,53,95,95,80,80,71,62,77,77,75,75,75,75,50,75,75,77,26,105,105,102,99,99,101,105,105,105,105,105,85,92,62,64,75,10,105,0,0,0],"gold":88,"neow_bonus":"THREE_SMALL_POTIONS","is_daily":false,"chose_seed":false,"campfire_upgraded":5,"win_rate":0.0,"timestamp":1612000230,"path_taken":["R","M","M","M","?","?","T","?","R","M","R","E","$","?","M","BOSS","R","?","M","M","?","R","T","M","?","?","?","E","R","?","M","BOSS","R","M","?","?","?","R","T","?","M","M","M","$","E","?","M","BOSS","E"],"items_purchased_type":["Relic","Relic","Card","Card","Relic","Card","Card"],"build_version":"2020-12-22","purchased_purges":2,"victory":false,"max_hp_per_floor":[90,90,90,90,90,90,90,95,95,95,95,95,95,95,95,95,95,95,95,95,95,95,95,95,95,95,95,95,95,105,105,105,105,105,105,105,105,105,105,105,105,105,105,105,105,105,105,105,105,105,105,105,105,105],"card_choices":[{"not_picked":["champ:DefensiveShout","champ:PreciseThrust"],"picked":"champ:Backstep","floor":2},{"not_picked":["champ:SetATrap","champ:CrownThrow"],"picked":"champ:PerfectedStrike","floor":3},{"not_picked":["champ:Encircle","champ:AdrenalArmor"],"picked":"champ:Endure","floor":4},{"not_picked":["champ:FanOfKnives","champ:FlashCut"],"picked":"champ:GutPunch","floor":10},{"not_picked":["champ:Backstep","champ:HeartStrike"],"picked":"champ:GutPunch","floor":12},{"not_picked":["champ:FaceSlap","champ:FanOfKnives"],"picked":"champ:StanceDance","floor":13},{"not_picked":["champ:SetATrap","champ:Circumvent"],"picked":"champ:EnGarde","floor":14},{"not_picked":["champ:DefensiveShout","champ:ShieldSlam"],"picked":"champ:PerfectedStrike","floor":15},{"not_picked":["champ:SwordThrow","champ:CheapShot"],"picked":"champ:DancingMaster+1","floor":16},{"not_picked":["champ:FalseCounter+1","champ:CrownThrow"],"picked":"champ:FocusedDefense+1","floor":20},{"not_picked":["champ:SetATrap","champ:PerfectedStrike"],"picked":"champ:HeartStrike","floor":21},{"not_picked":["champ:Duel","champ:RisingSlash"],"picked":"champ:Lariat+1","floor":22},{"not_picked":["champ:GutPunch","champ:Endure"],"picked":"champ:PreciseThrust","floor":25},{"not_picked":["champ:Haymaker+1","champ:FalseCounter"],"picked":"champ:IronFortress+1","floor":29},{"not_picked":["champ:FlashCut+1","champ:BringItOn+1"],"picked":"champ:CheapShot","floor":32},{"not_picked":["champ:DancingMaster+1","champ:CheapShot"],"picked":"champ:IgnorePain","floor":33},{"not_picked":["champ:RapidStrikes","champ:IronFortress+1"],"picked":"champ:TornadoPunch","floor":36},{"not_picked":["champ:BladeFlurry","champ:CrownThrow+1"],"picked":"champ:FlashCut","floor":37},{"not_picked":["champ:Haymaker","champ:Shatter"],"picked":"champ:LastStand+1","floor":39},{"not_picked":["champ:TornadoPunch","champ:FalseCounter+1"],"picked":"champ:AdrenalArmor","floor":43},{"not_picked":["champ:PreemptiveStrike+1","champ:TornadoPunch+1"],"picked":"champ:FanOfKnives+1","floor":44},{"not_picked":["champ:ShieldSlam","champ:StanceDance+1"],"picked":"champ:SkillfulDodge","floor":45},{"not_picked":["champ:Haymaker+1","champ:Shatter"],"picked":"champ:PreciseThrust+1","floor":46},{"not_picked":["champ:Circumvent+1","champ:ShieldWall+1"],"picked":"champ:RecklessLeap","floor":47},{"not_picked":["champ:StanceDance","champ:Circumvent"],"picked":"champ:Shatter+1","floor":48},{"not_picked":["champ:GladiatorStyle+1","champ:CrookedStrike"],"picked":"champ:Backstep+1","floor":49}],"player_experience":909347,"relics_obtained":[{"floor":7,"key":"The Courier"},{"floor":12,"key":"Frozen Egg 2"},{"floor":14,"key":"Matryoshka"},{"floor":24,"key":"Tiny Chest"},{"floor":29,"key":"Blood Vial"},{"floor":31,"key":"Bag of Preparation"},{"floor":31,"key":"Centennial Puzzle"},{"floor":41,"key":"InkBottle"},{"floor":42,"key":"Bottled Lightning"},{"floor":47,"key":"MealTicket"}],"event_choices":[{"damage_healed":0,"gold_gain":0,"player_choice":"Donut","damage_taken":0,"max_hp_gain":5,"max_hp_loss":0,"event_name":"Big Fish","floor":8,"gold_loss":0},{"damage_healed":0,"gold_gain":0,"player_choice":"Ignored","damage_taken":0,"max_hp_gain":0,"max_hp_loss":0,"event_name":"Ghosts","floor":26,"gold_loss":0}],"is_beta":false,"boss_relics":[{"not_picked":["Busted Crown","Sozu"],"picked":"Runic Pyramid"},{"not_picked":["SacredBark","SlaversCollar"],"picked":"Fusion Hammer"}],"items_purged_floors":[13,39],"is_endless":false,"potions_floor_spawned":[3,10,14,16,22,29,32,33,37,43,44,45],"killed_by":"downfall:CharBossMerchant","ascension_level":0}}