{"host":"8fnghcq8tvbg6z9e","time":1612005317,"event":{"mods":["BaseMod","Conspire","Downfall","Minty Spire (QoL Compilation)","Quick Restart","StSLib"],"gold_per_floor":[113,113,3,17,17,52,52,84,84,99,129,143,161,174,174,275,275,288,288,288,248,263,263,295,295,295,295,311,311,160,180,180,282,282,301,320,337,356,371,406,406,422,448,461,461,478,478,494,494,494,494],"floor_reached":50,"language":"ZHS","playtime":2610,"items_purged":["Decay"],"score":658,"play_id":"1ca4f316-a319-459b-871e-11d6c30e6624","local_time":"20210130191517","is_ascension_mode":false,"campfire_choices":[{"floor":7.0,"key":"RECALL"},{"data":"MasterReality","floor":15.0,"key":"SMITH"},{"data":"Blasphemy","floor":23.0,"key":"SMITH"},{"data":"Vigilance","floor":25.0,"key":"SMITH"},{"data":"BattleHymn","floor":27.0,"key":"SMITH"},{"data":"MentalFortress","floor":32.0,"key":"SMITH"},{"floor":41,"key":"REST"},{"data":"Tantrum","floor":45,"key":"SMITH"},{"data":"Ghostly","floor":47,"key":"SMITH"},{"floor":49,"key":"REST"}],"circlet_count":0,"master_deck":["Strike_P+1","Strike_P","Strike_P+1","Defend_P+1","Defend_P","Defend_P+1","Eruption+1","Vigilance+1","DeceiveReality+1","DeceiveReality+1","Tantrum+1","BattleHymn+1","MasterReality+1","Wireheading","Blasphemy+1","CutThroughFate","FlurryOfBlows+1","Prostrate+1","Ghostly+1","Ghostly+1","Ghostly+1","Ghostly","Ghostly+1","MentalFortress+1","LessonLearned","Parasite","LessonLearned+1","Parasite"],"relics":["PureWater","NeowsBlessing","Letter Opener","Meat on the Bone","Odd Mushroom","Empty Cage","Ancient Tea Set","Bag of Preparation","SacredBark","Torii","Nunchaku"],"acts_visited":["Exordium","TheCity","TheBeyond"],"potions_floor_usage":[38,40,40,44,48,50],"damage_taken":[{"damage":0.0,"enemies":"2 Louse","floor":1.0,"turns":1.0},{"damage":0.0,"enemies":"Cultist","floor":4.0,"turns":1.0},{"damage":0.0,"enemies":"Gremlin Nob","floor":6.0,"turns":1.0},{"damage":7.0,"enemies":"3 Sentries","floor":8.0,"turns":2.0},{"damage":1.0,"enemies":"Small Slimes","floor":10.0,"turns":4.0},{"damage":5.0,"enemies":"The Mushroom Lair","floor":11.0,"turns":4.0},{"damage":0.0,"enemies":"Exordium Thugs","floor":12.0,"turns":4.0},{"damage":0.0,"enemies":"2 Fungi Beasts","floor":13.0,"turns":3.0},{"damage":1.0,"enemies":"Large Slime","floor":14.0,"turns":5.0},{"damage":0.0,"enemies":"Slime Boss","floor":16.0,"turns":5.0},{"damage":10.0,"enemies":"2 Thieves","floor":18.0,"turns":3.0},{"damage":0.0,"enemies":"Shell Parasite","floor":22.0,"turns":5.0},{"damage":0.0,"enemies":"conspire:Head Lice","floor":24.0,"turns":5.0},{"damage":2.0,"enemies":"Chosen and Byrds","floor":28.0,"turns":3.0},{"damage":3.0,"enemies":"Snake Plant","floor":31.0,"turns":4.0},{"damage":28.0,"enemies":"Collector","floor":33.0,"turns":9.0},{"damage":4,"enemies":"3 Darklings","floor":35,"turns":5},{"damage":0,"enemies":"3 Shapes","floor":36,"turns":3},{"damage":3,"enemies":"Writhing Mass","floor":37,"turns":7},{"damage":0,"enemies":"Jaw Worm Horde","floor":38,"turns":5},{"damage":5,"enemies":"4 Shapes","floor":39,"turns":7},{"damage":0,"enemies":"Reptomancer","floor":40,"turns":9},{"damage":0,"enemies":"Spire Growth","floor":42,"turns":5},{"damage":0,"enemies":"3 Darklings","floor":44,"turns":4},{"damage":8,"enemies":"Writhing Mass","floor":46,"turns":4},{"damage":1,"enemies":"Transient","floor":48,"turns":5},{"damage":41,"enemies":"Time Eater","floor":50,"turns":8}],"seed_played":"5973513285203615740","potions_obtained":[{"floor":1.0,"key":"AttackPotion"},{"floor":4.0,"key":"ColorlessPotion"},{"floor":6.0,"key":"champ:CounterPotion"},{"floor":11.0,"key":"Energy Potion"},{"floor":14.0,"key":"champ:CounterPotion"},{"floor":21.0,"key":"Fire Potion"},{"floor":21.0,"key":"SpeedPotion"},{"floor":21.0,"key":"EssenceOfSteel"},{"floor":22.0,"key":"Energy Potion"},{"floor":24.0,"key":"SteroidPotion"},{"floor":31.0,"key":"BottledMiracle"},{"floor":33.0,"key":"Block Potion"},{"floor":37,"key":"Fire Potion"},{"floor":39,"key":"Swift Potion"},{"floor":40,"key":"Explosive Potion"},{"floor":44,"key":"SteroidPotion"},{"floor":48,"key":"SneckoOil"}],"is_trial":false,"path_per_floor":["M","?","$","M","?","E","R","E","T","M","?","M","M","M","R","B",null,"M","?","?","?","M","R","E","R","T","R","M","?","$","M","R","B",null,"M","M","M","M","M","E","R","M","T","M","R","M","R","M","R","B"],"character_chosen":"WATCHER","items_purchased":["Tantrum","BattleHymn","MentalFortress"],"campfire_rested":2,"item_purchase_floors":[3,3,30],"current_hp_per_floor":[72,58,58,58,58,58,58,51,51,50,45,45,45,44,44,44,72,62,62,72,72,72,72,72,72,72,72,70,36,36,33,33,17,36,32,32,29,29,24,24,34,34,34,34,34,26,26,25,35,0,0],"gold":494,"neow_bonus":"THREE_ENEMY_KILL","is_daily":false,"chose_seed":false,"campfire_upgraded":7,"win_rate":0.0,"timestamp":1612005317,"path_taken":["M","?","$","M","?","E","R","E","T","?","?","M","M","M","R","BOSS","M","?","?","?","?","R","E","R","T","R","M","?","$","M","R","BOSS","M","M","M","M","M","E","R","M","T","M","R","M","R","M","R","BOSS"],"items_purchased_type":["Card","Card","Card"],"build_version":"2020-12-22","purchased_purges":1,"victory":false,"max_hp_per_floor":[72,72,72,72,72,72,72,72,72,72,72,72,72,72,72,72,72,72,72,72,72,72,72,72,72,72,72,72,36,36,36,36,36,36,36,36,36,36,36,36,36,36,36,36,36,36,36,36,36,36,36],"card_choices":[{"not_picked":["Evaluate","Consecrate"],"picked":"DeceiveReality","floor":1.0},{"not_picked":["Evaluate","Consecrate"],"picked":"DeceiveReality","floor":1.0},{"not_picked":["SandsOfTime","BattleHymn","CarveReality"],"picked":"SKIP","floor":4.0},{"not_picked":["EmptyFist","EmptyBody","FlyingSleeves"],"picked":"SKIP","floor":6.0},{"not_picked":["EmptyFist","SignatureMove"],"picked":"MasterReality","floor":8.0},{"not_picked":["PathToVictory","ThirdEye","Consecrate"],"picked":"SKIP","floor":10.0},{"not_picked":["JustLucky","Pray"],"picked":"Wireheading","floor":11.0},{"not_picked":["FlyingSleeves","DeceiveReality","JustLucky"],"picked":"SKIP","floor":12.0},{"not_picked":["Wallop","FollowUp","LikeWater"],"picked":"SKIP","floor":13.0},{"not_picked":["Tantrum","JustLucky","ThirdEye"],"picked":"SKIP","floor":14.0},{"not_picked":["Vault","Ragnarok"],"picked":"Blasphemy","floor":16.0},{"not_picked":["PathToVictory+1","ClearTheMind"],"picked":"CutThroughFate","floor":18.0},{"not_picked":["EmptyBody+1","Evaluate+1"],"picked":"FlurryOfBlows+1","floor":22.0},{"not_picked":["SashWhip","Weave","PathToVictory"],"picked":"SKIP","floor":24.0},{"not_picked":["FearNoEvil","CutThroughFate"],"picked":"Prostrate+1","floor":28.0},{"not_picked":["CrushJoints","FlyingSleeves","EmptyFist"],"picked":"SKIP","floor":31.0},{"not_picked":["Vault","Brilliance"],"picked":"LessonLearned","floor":33.0},{"not_picked":["SignatureMove+1","Halt","Consecrate"],"picked":"SKIP","floor":35},{"not_picked":["Vengeance","Crescendo+1","Consecrate+1"],"picked":"SKIP","floor":36},{"not_picked":["Nirvana+1","Sanctity","JustLucky+1"],"picked":"SKIP","floor":37},{"not_picked":["InnerPeace","JustLucky","BowlingBash"],"picked":"SKIP","floor":38},{"not_picked":["CrushJoints+1","SashWhip","Protect+1"],"picked":"SKIP","floor":39},{"not_picked":["FollowUp","Wallop","WheelKick"],"picked":"SKIP","floor":40},{"not_picked":["Crescendo","Halt+1","Swivel+1"],"picked":"SKIP","floor":42},{"not_picked":["JustLucky","ForeignInfluence"],"picked":"LessonLearned","floor":44},{"not_picked":["Protect+1","Evaluate","Halt"],"picked":"SKIP","floor":46},{"not_picked":["BowlingBash","WreathOfFlame","Protect"],"picked":"SKIP","floor":48}],"player_experience":206115,"relics_obtained":[{"floor":6.0,"key":"Letter Opener"},{"floor":8.0,"key":"Meat on the Bone"},{"floor":11.0,"key":"Odd Mushroom"},{"floor":24.0,"key":"Ancient Tea Set"},{"floor":26.0,"key":"Bag of Preparation"},{"floor":40,"key":"Torii"},{"floor":43,"key":"Nunchaku"}],"event_choices":[{"damage_healed":0.0,"max_hp_gain":0.0,"max_hp_loss":0.0,"gold_gain":0.0,"event_name":"Shining Light","player_choice":"Entered Light","floor":2.0,"gold_loss":0.0,"damage_taken":14.0,"cards_upgraded":["Defend_P","DeceiveReality"]},{"damage_healed":0.0,"max_hp_gain":0.0,"max_hp_loss":0.0,"gold_gain":0.0,"event_name":"Upgrade Shrine","player_choice":"Upgraded","floor":5.0,"gold_loss":0.0,"damage_taken":0.0,"cards_upgraded":["Eruption"]},{"damage_healed":0.0,"max_hp_gain":0.0,"max_hp_loss":0.0,"gold_gain":0.0,"event_name":"Mushrooms","player_choice":"Fought Mushrooms","floor":11.0,"gold_loss":0.0,"damage_taken":0.0},{"damage_healed":0.0,"max_hp_gain":0.0,"max_hp_loss":0.0,"gold_gain":0.0,"event_name":"Forgotten Altar","player_choice":"Smashed Altar","floor":19.0,"gold_loss":0.0,"damage_taken":0.0,"cards_obtained":["Decay"]},{"damage_healed":24.0,"max_hp_gain":0.0,"max_hp_loss":0.0,"gold_gain":0.0,"event_name":"The Library","player_choice":"Heal","floor":20.0,"gold_loss":0.0,"damage_taken":0.0},{"damage_healed":0.0,"max_hp_gain":0.0,"max_hp_loss":0.0,"gold_gain":0.0,"event_name":"The Woman in Blue","player_choice":"Bought 3 Potions","floor":21.0,"gold_loss":0.0,"damage_taken":0.0},{"damage_healed":0.0,"max_hp_gain":0.0,"max_hp_loss":36.0,"gold_gain":0.0,"event_name":"Ghosts","player_choice":"Became a Ghost","floor":29.0,"gold_loss":0.0,"damage_taken":0.0,"cards_obtained":["Ghostly","Ghostly","Ghostly","Ghostly","Ghostly"]}],"is_beta":false,"boss_relics":[{"not_picked":["SlaversCollar","bronze:MakeshiftBattery"],"picked":"Empty Cage"},{"not_picked":["Pandora\u0027s Box","conspire:SeveredTorchhead"],"picked":"SacredBark"}],"items_purged_floors":[30],"is_endless":false,"potions_floor_spawned":[1,4,6,11,14,22,24,31,33,36,37,39,40,44,48],"killed_by":"Time Eater","ascension_level":0}}