{"host":"m2106ztvmcgfoyc9","time":1612010520,"event":{"mods":["BaseMod","Minty Spire (QoL Compilation)","Relic Stats"],"gold_per_floor":[119,119,44,54,78,78,113,113,113,124,158,132,165,181,181,259,259,274,274,12,12,12,12,32,52,76,76,90,106,135,153,153,224,224,241,241,241,256,276,276,288,319,344,344,344,355,369,404,404,404,404,404,404,45,72,72,72],"floor_reached":56,"language":"ENG","playtime":3848,"items_purged":["Strike_G"],"score":1998,"play_id":"14c28b74-3ab5-4d30-969c-904cf8b659f2","local_time":"20210130134200","is_ascension_mode":true,"campfire_choices":[{"data":"Predator","floor":6,"key":"SMITH"},{"data":"Noxious Fumes","floor":8,"key":"SMITH"},{"data":"Neutralize","floor":15,"key":"SMITH"},{"floor":23,"key":"REST"},{"floor":27,"key":"REST"},{"floor":32,"key":"REST"},{"floor":40,"key":"RECALL"},{"floor":44,"key":"REST"},{"floor":49,"key":"REST"},{"floor":53,"key":"REST"}],"circlet_count":0,"master_deck":["AscendersBane","Strike_G","Strike_G","Strike_G","Defend_G","Defend_G","Defend_G","Defend_G","Defend_G","Survivor","Neutralize+1","Noxious Fumes+1","PiercingWail","Infinite Blades+1","PiercingWail","Burst+1","Infinite Blades+1","Infinite Blades+1","Bouncing Flask+1","Leg Sweep+1","Cloak And Dagger+1","Leg Sweep+1","Corpse Explosion+1","Envenom+1","Blade Dance+1","Leg Sweep+1","Footwork+1","Bouncing Flask+1","Accuracy+1","Backflip+1"],"relics":["Snecko Eye","Vajra","Singing Bowl","Frozen Egg 2","Kunai","StrikeDummy","Fusion Hammer","Toxic Egg 2","MealTicket","InkBottle","SlaversCollar","Akabeko","Molten Egg 2","Medical Kit","Bottled Tornado"],"acts_visited":["Exordium","TheCity","TheBeyond","TheEnding"],"potions_floor_usage":[7,13,16,30,30,35,50],"damage_taken":[{"damage":2,"enemies":"Jaw Worm","floor":1,"turns":4},{"damage":5,"enemies":"2 Louse","floor":4,"turns":5},{"damage":0,"enemies":"3 Sentries","floor":7,"turns":6},{"damage":0,"enemies":"Small Slimes","floor":10,"turns":3},{"damage":16,"enemies":"Gremlin Nob","floor":11,"turns":4},{"damage":5,"enemies":"Exordium Thugs","floor":12,"turns":4},{"damage":12,"enemies":"Lagavulin","floor":13,"turns":7},{"damage":12,"enemies":"Large Slime","floor":14,"turns":3},{"damage":14,"enemies":"Hexaghost","floor":16,"turns":9},{"damage":12,"enemies":"Chosen","floor":18,"turns":5},{"damage":14,"enemies":"2 Thieves","floor":24,"turns":4},{"damage":6,"enemies":"Snecko","floor":25,"turns":5},{"damage":14,"enemies":"Centurion and Healer","floor":28,"turns":6},{"damage":0,"enemies":"Cultist and Chosen","floor":29,"turns":5},{"damage":43,"enemies":"Slavers","floor":30,"turns":6},{"damage":0,"enemies":"Shelled Parasite and Fungi","floor":31,"turns":4},{"damage":9,"enemies":"Collector","floor":33,"turns":7},{"damage":0,"enemies":"Orb Walker","floor":35,"turns":4},{"damage":12,"enemies":"3 Shapes","floor":38,"turns":2},{"damage":18,"enemies":"Writhing Mass","floor":39,"turns":7},{"damage":12,"enemies":"Spire Growth","floor":41,"turns":5},{"damage":1,"enemies":"Nemesis","floor":42,"turns":7},{"damage":8,"enemies":"Sphere and 2 Shapes","floor":46,"turns":6},{"damage":0,"enemies":"3 Darklings","floor":47,"turns":3},{"damage":13,"enemies":"Giant Head","floor":48,"turns":8},{"damage":27,"enemies":"Donu and Deca","floor":50,"turns":7},{"damage":43,"enemies":"Awakened One","floor":51,"turns":14},{"damage":6,"enemies":"Shield and Spear","floor":55,"turns":5},{"damage":101,"enemies":"The Heart","floor":56,"turns":3}],"seed_played":"1274474665232409188","potions_obtained":[{"floor":4,"key":"BlessingOfTheForge"},{"floor":12,"key":"CunningPotion"},{"floor":13,"key":"Regen Potion"},{"floor":14,"key":"SpeedPotion"},{"floor":16,"key":"ColorlessPotion"},{"floor":18,"key":"SkillPotion"},{"floor":25,"key":"PowerPotion"},{"floor":28,"key":"CunningPotion"},{"floor":35,"key":"Fruit Juice"},{"floor":42,"key":"Swift Potion"}],"is_trial":false,"path_per_floor":["M","?","?","M","T","R","E","R","T","M","E","M","E","M","R","B",null,"M","?","$","?","?","R","M","M","T","R","M","M","E","M","R","B",null,"M","?","?","M","M","R","M","E","T","R","?","M","M","E","R","B","B",null,"R","$","E","B"],"character_chosen":"THE_SILENT","items_purchased":["Toxic Egg 2","Bouncing Flask+1","Accuracy+1","Medical Kit"],"campfire_rested":6,"item_purchase_floors":[20,54,54,54],"current_hp_per_floor":[57,62,62,57,57,57,59,59,59,61,45,40,30,18,18,19,63,53,53,53,30,30,55,41,37,37,62,48,48,5,5,30,21,70,75,71,71,61,43,43,33,34,34,64,103,95,97,86,107,80,37,90,107,107,101,0,0],"gold":72,"neow_bonus":"BOSS_RELIC","is_daily":false,"chose_seed":false,"campfire_upgraded":3,"win_rate":0.0,"timestamp":1612010520,"path_taken":["M","?","?","M","?","R","E","R","T","M","E","M","E","M","R","BOSS","M","?","$","?","?","R","M","M","T","R","?","M","E","M","R","BOSS","M","?","?","?","M","R","?","E","T","R","?","?","M","E","R","BOSS","BOSS","R","$","E","BOSS"],"items_purchased_type":["Relic","Card","Card","Relic"],"build_version":"2020-12-22","purchased_purges":1,"victory":false,"max_hp_per_floor":[66,71,71,71,71,71,73,73,73,75,75,75,77,77,77,77,77,79,79,79,84,84,84,84,86,86,86,86,86,86,86,86,86,86,91,97,97,99,99,99,101,103,103,103,103,103,105,107,107,107,107,107,107,107,107,107,107],"relic_stats":{"Singing Bowl":26,"counters":[29,158],"Snecko Eye":[270,295,259,305],"MealTicket":0,"Kunai":[115],"Medical Kit":[5],"obtain_stats":[{"Singing Bowl":7,"Vajra":5,"Frozen Egg 2":9,"Bottled Tornado":55,"Medical Kit":54,"Akabeko":42,"SlaversCollar":34,"Snecko Eye":0,"MealTicket":26,"Molten Egg 2":48,"Fusion Hammer":17,"Kunai":11,"Toxic Egg 2":20,"StrikeDummy":13,"InkBottle":30,"Ring of the Snake":0},{"Singing Bowl":3,"Vajra":2,"Frozen Egg 2":3,"Bottled Tornado":28,"Medical Kit":27,"Akabeko":22,"SlaversCollar":17,"Snecko Eye":0,"MealTicket":12,"Molten Egg 2":25,"Fusion Hammer":9,"Kunai":5,"Toxic Egg 2":10,"StrikeDummy":7,"InkBottle":15,"Ring of the Snake":0},{"Singing Bowl":15,"Vajra":9,"Frozen Egg 2":15,"Bottled Tornado":155,"Medical Kit":150,"Akabeko":112,"SlaversCollar":87,"Snecko Eye":0,"MealTicket":59,"Molten Egg 2":129,"Fusion Hammer":45,"Kunai":22,"Toxic Egg 2":50,"StrikeDummy":33,"InkBottle":76,"Ring of the Snake":0}],"InkBottle":[58]},"card_choices":[{"not_picked":["Prepared","Dagger Spray"],"picked":"Noxious Fumes","floor":1},{"not_picked":["Well Laid Plans","Dagger Spray"],"picked":"Predator","floor":4},{"not_picked":["Well Laid Plans","Deflect","Underhanded Strike"],"picked":"Singing Bowl","floor":7},{"not_picked":["Deflect","Backstab","Well Laid Plans+1"],"picked":"Singing Bowl","floor":10},{"not_picked":["Dodge and Roll","Flying Knee"],"picked":"PiercingWail","floor":11},{"not_picked":["Deflect","Expertise"],"picked":"Infinite Blades+1","floor":12},{"not_picked":["Slice","Bane","Backflip"],"picked":"Singing Bowl","floor":13},{"not_picked":["Backstab","Poisoned Stab"],"picked":"PiercingWail","floor":14},{"not_picked":["Tools of the Trade+1","Venomology"],"picked":"Burst","floor":16},{"not_picked":["Dagger Spray","Backflip","Prepared"],"picked":"Singing Bowl","floor":18},{"not_picked":["Heel Hook","Dodge and Roll+1"],"picked":"Bouncing Flask+1","floor":24},{"not_picked":["Slice","Doppelganger+1","Dagger Throw"],"picked":"Singing Bowl","floor":25},{"not_picked":["Backflip+1","Skewer"],"picked":"Leg Sweep+1","floor":28},{"not_picked":["Dagger Throw","Well Laid Plans+1"],"picked":"Cloak And Dagger+1","floor":29},{"not_picked":["Backstab","Expertise+1"],"picked":"Leg Sweep+1","floor":30},{"not_picked":["Dagger Throw","Outmaneuver+1"],"picked":"Corpse Explosion+1","floor":31},{"not_picked":["Grand Finale","Phantasmal Killer+1"],"picked":"Envenom+1","floor":33},{"not_picked":["Backstab","Sucker Punch"],"picked":"Blade Dance+1","floor":35},{"not_picked":["Metamorphosis+1","Swift Strike","Trip+1"],"picked":"Singing Bowl","floor":36},{"not_picked":["Panacea+1","Finesse+1","Transmutation+1"],"picked":"Singing Bowl","floor":36},{"not_picked":["Dark Shackles+1","Deep Breath+1","Secret Technique+1"],"picked":"Singing Bowl","floor":36},{"not_picked":["Acrobatics+1","Riddle With Holes","Deadly Poison+1"],"picked":"Singing Bowl","floor":38},{"not_picked":["Footwork+1","Distraction+1"],"picked":"Leg Sweep+1","floor":39},{"not_picked":["Dodge and Roll+1","Outmaneuver+1","Backflip+1"],"picked":"Singing Bowl","floor":41},{"not_picked":["Expertise+1","Cloak And Dagger+1","Acrobatics+1"],"picked":"Singing Bowl","floor":42},{"not_picked":["Poisoned Stab+1","Setup+1"],"picked":"Footwork+1","floor":46},{"not_picked":["Bane+1","Concentrate+1","Acrobatics+1"],"picked":"Singing Bowl","floor":47},{"not_picked":["Poisoned Stab+1","Tactician+1","Backflip+1"],"picked":"Singing Bowl","floor":48},{"not_picked":["Finisher+1","Blade Dance+1"],"picked":"Backflip+1","floor":55}],"player_experience":984104,"relics_obtained":[{"floor":5,"key":"Vajra"},{"floor":7,"key":"Singing Bowl"},{"floor":9,"key":"Frozen Egg 2"},{"floor":11,"key":"Kunai"},{"floor":13,"key":"StrikeDummy"},{"floor":26,"key":"MealTicket"},{"floor":30,"key":"InkBottle"},{"floor":42,"key":"Akabeko"},{"floor":48,"key":"Molten Egg 2"},{"floor":55,"key":"Bottled Tornado"}],"event_choices":[{"damage_healed":0,"gold_gain":0,"player_choice":"Donut","damage_taken":0,"max_hp_gain":5,"max_hp_loss":0,"event_name":"Big Fish","floor":2,"gold_loss":0},{"cards_removed":["Strike_G"],"damage_healed":0,"gold_gain":0,"player_choice":"Card Removal","damage_taken":0,"max_hp_gain":0,"max_hp_loss":0,"event_name":"The Cleric","floor":3,"gold_loss":75},{"damage_healed":0,"gold_gain":0,"player_choice":"Read","damage_taken":0,"max_hp_gain":0,"max_hp_loss":0,"event_name":"The Library","floor":19,"gold_loss":0,"cards_obtained":["Infinite Blades"]},{"damage_healed":0,"gold_gain":0,"player_choice":"Shed Blood","damage_taken":28,"max_hp_gain":5,"max_hp_loss":0,"event_name":"Forgotten Altar","floor":21,"gold_loss":0},{"damage_healed":0,"gold_gain":0,"player_choice":"Copied","damage_taken":0,"max_hp_gain":0,"max_hp_loss":0,"event_name":"Duplicator","floor":22,"gold_loss":0,"cards_obtained":["Infinite Blades"]},{"damage_healed":0,"gold_gain":0,"player_choice":"Memory 3","damage_taken":10,"max_hp_gain":0,"max_hp_loss":0,"event_name":"SensoryStone","floor":36,"gold_loss":0},{"damage_healed":0,"gold_gain":0,"player_choice":"Upgraded","damage_taken":0,"max_hp_gain":0,"max_hp_loss":0,"event_name":"Upgrade Shrine","floor":37,"gold_loss":0,"cards_upgraded":["Burst"]},{"cards_removed":["Predator"],"damage_healed":39,"gold_gain":0,"player_choice":"Offered Uncommon","damage_taken":0,"max_hp_gain":0,"max_hp_loss":0,"event_name":"Bonfire Elementals","floor":45,"gold_loss":0}],"is_beta":false,"boss_relics":[{"not_picked":["Tiny House","Runic Dome"],"picked":"Fusion Hammer"},{"not_picked":["Velvet Choker","Cursed Key"],"picked":"SlaversCollar"}],"items_purged_floors":[54],"is_endless":false,"potions_floor_spawned":[4,12,13,14,16,18,25,28,29,35,42],"killed_by":"The Heart","ascension_level":20}}