{"host":"8is2j71l4wmybkoi","time":1612027821,"event":{"mods":["AchievementEnabler","BaseMod","Colored Map","Minty Spire (QoL Compilation)","Rare Cards Sparkle","StSLib","SuperFastMode"],"gold_per_floor":[111,131,143,159,177,177,197,197,197,209,225,251,268,343,343,443,443,463,463,463,27,27,54,54,65,65,83,83,417,434,459,459,561,561,581,595,605,165,179,179,212,228,252,104,104,104,117,130,130,130,130,130,51,83,83],"floor_reached":56,"language":"KOR","playtime":3227,"items_purged":["Writhe","Shame"],"score":1853,"play_id":"9a786f93-1875-4d8b-af49-190eadccacfb","local_time":"20210131023021","is_ascension_mode":true,"campfire_choices":[{"data":"Apotheosis","floor":6,"key":"SMITH"},{"floor":8,"key":"REST"},{"floor":15,"key":"REST"},{"floor":28,"key":"RECALL"},{"data":"Double Energy","floor":32,"key":"SMITH"},{"data":"Magnetism","floor":40,"key":"SMITH"},{"data":"Skim","floor":46,"key":"SMITH"},{"data":"Coolheaded","floor":49,"key":"SMITH"},{"data":"Defragment","floor":52,"key":"SMITH"}],"circlet_count":0,"master_deck":["AscendersBane","Strike_B","Strike_B","Strike_B","Strike_B","Defend_B","Defend_B","Defend_B","Defend_B","Zap","Dualcast","Apotheosis+1","Conserve Battery","Hologram+1","Undo","Defragment","Sweeping Beam","Core Surge","Defragment+1","Turbo","Self Repair","Seek+1","Coolheaded+1","Double Energy+1","Heatsinks+1","Skim+1","Coolheaded","Electrodynamics","CurseOfTheBell","Coolheaded+1","Chill+1","Magnetism+1","Loop+1","Compile Driver+1","Aggregate+1","White Noise+1","Stack","Blizzard"],"relics":["Cracked Core","Symbiotic Virus","Odd Mushroom","Coffee Dripper","Darkstone Periapt","Ice Cream","Pen Nib","CaptainsWheel","Thread and Needle","Old Coin","Incense Burner","Calling Bell","Sundial","Gambling Chip","War Paint","DataDisk","Calipers","Orrery","Strawberry"],"acts_visited":["Exordium","TheCity","TheBeyond","TheEnding"],"potions_floor_usage":[11,16,16,23,23,25,31,33,41,47,54,55,55],"damage_taken":[{"damage":0,"enemies":"Cultist","floor":1,"turns":4},{"damage":12,"enemies":"Jaw Worm","floor":2,"turns":4},{"damage":0,"enemies":"Small Slimes","floor":3,"turns":3},{"damage":0,"enemies":"Blue Slaver","floor":4,"turns":5},{"damage":6,"enemies":"Looter","floor":5,"turns":4},{"damage":13,"enemies":"Large Slime","floor":7,"turns":5},{"damage":0,"enemies":"Blue Slaver","floor":10,"turns":3},{"damage":0,"enemies":"Gremlin Gang","floor":11,"turns":2},{"damage":14,"enemies":"The Mushroom Lair","floor":12,"turns":5},{"damage":12,"enemies":"3 Louse","floor":13,"turns":3},{"damage":22,"enemies":"Slime Boss","floor":16,"turns":8},{"damage":7,"enemies":"Spheric Guardian","floor":18,"turns":5},{"damage":31,"enemies":"Gremlin Leader","floor":23,"turns":8},{"damage":8,"enemies":"Chosen","floor":25,"turns":5},{"damage":0,"enemies":"3 Cultists","floor":27,"turns":5},{"damage":0,"enemies":"Book of Stabbing","floor":29,"turns":5},{"damage":0,"enemies":"Snake Plant","floor":30,"turns":4},{"damage":6,"enemies":"Gremlin Leader","floor":31,"turns":6},{"damage":16,"enemies":"Collector","floor":33,"turns":13},{"damage":0,"enemies":"Orb Walker","floor":35,"turns":3},{"damage":0,"enemies":"3 Darklings","floor":36,"turns":3},{"damage":0,"enemies":"Transient","floor":37,"turns":5},{"damage":16,"enemies":"Writhing Mass","floor":39,"turns":8},{"damage":0,"enemies":"Nemesis","floor":41,"turns":5},{"damage":0,"enemies":"Sphere and 2 Shapes","floor":42,"turns":5},{"damage":0,"enemies":"4 Shapes","floor":47,"turns":4},{"damage":0,"enemies":"Maw","floor":48,"turns":8},{"damage":11,"enemies":"Awakened One","floor":50,"turns":12},{"damage":30,"enemies":"Shield and Spear","floor":54,"turns":5},{"damage":44,"enemies":"The Heart","floor":55,"turns":13}],"seed_played":"5649381781383176960","potions_obtained":[{"floor":2,"key":"Explosive Potion"},{"floor":5,"key":"DuplicationPotion"},{"floor":11,"key":"Weak Potion"},{"floor":16,"key":"GamblersBrew"},{"floor":18,"key":"GamblersBrew"},{"floor":23,"key":"BlessingOfTheForge"},{"floor":25,"key":"Energy Potion"},{"floor":29,"key":"PotionOfCapacity"},{"floor":33,"key":"ColorlessPotion"},{"floor":37,"key":"AttackPotion"},{"floor":41,"key":"Fire Potion"},{"floor":47,"key":"GamblersBrew"},{"floor":54,"key":"Ancient Potion"}],"is_trial":false,"path_per_floor":["M","M","M","M","M","R","M","R","T","M","M","?","M","?","R","B",null,"M","?","?","$","?","E","$","M","T","M","R","E","M","E","R","B",null,"M","M","M","$","M","R","E","M","T","$","?","R","M","M","R","B",null,"R","$","E","B",null],"character_chosen":"DEFECT","items_purchased":["Ice Cream","Fire Potion","DataDisk","Magnetism","Orrery","Blizzard"],"campfire_rested":2,"item_purchase_floors":[21,21,38,38,44,53],"current_hp_per_floor":[50,38,38,38,32,32,19,41,41,41,41,27,15,4,26,11,59,59,65,50,50,56,35,35,37,37,44,44,54,64,68,68,62,91,91,98,98,98,92,92,92,98,98,98,98,98,98,98,98,97,98,98,98,85,51],"gold":83,"neow_bonus":"RANDOM_COLORLESS_2","is_daily":false,"chose_seed":false,"campfire_upgraded":6,"win_rate":0.0,"timestamp":1612027821,"path_taken":["M","?","M","M","M","R","M","R","T","?","M","?","M","?","R","BOSS","M","?","?","$","?","E","$","M","T","M","R","E","M","E","R","BOSS","M","M","M","$","M","R","E","M","T","$","?","R","M","?","R","BOSS","R","$","E","BOSS"],"items_purchased_type":["Relic","Potion","Relic","Card","Relic","Card"],"build_version":"2020-12-22","purchased_purges":2,"victory":true,"max_hp_per_floor":[75,75,75,75,75,75,75,75,75,75,75,75,75,75,75,75,75,75,81,86,86,92,92,92,92,92,92,92,92,92,92,92,92,98,98,98,98,98,98,98,98,98,98,98,98,98,98,98,98,98,98,98,98,105,105],"card_choices":[{"not_picked":["Mayhem","The Bomb"],"picked":"Apotheosis","floor":0},{"not_picked":["Static Discharge","Turbo","Go for the Eyes"],"picked":"SKIP","floor":1},{"not_picked":["Fusion","Gash"],"picked":"Conserve Battery","floor":2},{"not_picked":["Darkness","Static Discharge"],"picked":"Hologram","floor":3},{"not_picked":["Leap","Consume"],"picked":"Undo","floor":4},{"not_picked":["Loop","Rip and Tear"],"picked":"Defragment","floor":5},{"not_picked":["Leap","Defragment"],"picked":"Sweeping Beam","floor":7},{"not_picked":["Go for the Eyes","Sweeping Beam"],"picked":"Core Surge","floor":10},{"not_picked":["Ball Lightning","Conserve Battery"],"picked":"Defragment","floor":11},{"not_picked":["Reprogram","Steam"],"picked":"Turbo","floor":12},{"not_picked":["Rebound","Ball Lightning"],"picked":"Self Repair","floor":13},{"not_picked":["Biased Cognition","Meteor Strike"],"picked":"Seek","floor":16},{"not_picked":["Turbo+1","Cold Snap","Barrage"],"picked":"SKIP","floor":18},{"not_picked":["Steam","Conserve Battery"],"picked":"Coolheaded","floor":23},{"not_picked":["Beam Cell+1","Consume"],"picked":"Double Energy","floor":25},{"not_picked":["Undo+1","Aggregate"],"picked":"Heatsinks+1","floor":27},{"not_picked":["Sunder","Force Field","Cold Snap"],"picked":"SKIP","floor":29},{"not_picked":["White Noise","Ball Lightning"],"picked":"Skim","floor":30},{"not_picked":["Streamline","Conserve Battery+1"],"picked":"Coolheaded","floor":31},{"not_picked":["Hyperbeam","Buffer"],"picked":"Electrodynamics","floor":33},{"not_picked":["Chill","Genetic Algorithm","Melter"],"picked":"SKIP","floor":35},{"not_picked":["Ball Lightning+1","Sweeping Beam+1"],"picked":"Coolheaded+1","floor":36},{"not_picked":["Cold Snap+1","Rip and Tear"],"picked":"Chill+1","floor":37},{"not_picked":["Steam Power","Streamline+1"],"picked":"Loop+1","floor":39},{"not_picked":["Consume+1","Beam Cell","Multi-Cast"],"picked":"SKIP","floor":41},{"not_picked":["Consume","Sweeping Beam+1"],"picked":"Compile Driver+1","floor":42},{"not_picked":["Chaos+1","Stack"],"picked":"Aggregate+1","floor":44},{"not_picked":["Cold Snap","Rebound"],"picked":"White Noise+1","floor":44},{"not_picked":["Storm","Go for the Eyes+1"],"picked":"Stack","floor":44},{"not_picked":["Conserve Battery","Steam+1","Rebound"],"picked":"SKIP","floor":47},{"not_picked":["Scrape","Stack+1","Redo+1"],"picked":"SKIP","floor":48},{"not_picked":["Doom and Gloom+1","All For One","Reprogram"],"picked":"SKIP","floor":54}],"player_experience":861906,"relics_obtained":[{"floor":9,"key":"Symbiotic Virus"},{"floor":12,"key":"Odd Mushroom"},{"floor":23,"key":"CaptainsWheel"},{"floor":26,"key":"Thread and Needle"},{"floor":29,"key":"Old Coin"},{"floor":31,"key":"Incense Burner"},{"floor":34,"key":"Sundial"},{"floor":34,"key":"Gambling Chip"},{"floor":34,"key":"War Paint"},{"floor":41,"key":"Calipers"},{"floor":54,"key":"Strawberry"}],"event_choices":[{"damage_healed":0,"gold_gain":0,"player_choice":"Fought Mushrooms","damage_taken":0,"max_hp_gain":0,"max_hp_loss":0,"event_name":"Mushrooms","floor":12,"gold_loss":0},{"damage_healed":0,"gold_gain":75,"player_choice":"Gather Gold","damage_taken":11,"max_hp_gain":0,"max_hp_loss":0,"event_name":"World of Goop","floor":14,"gold_loss":0},{"damage_healed":0,"gold_gain":0,"player_choice":"Opened","damage_taken":0,"relics_obtained":["Darkstone Periapt"],"max_hp_gain":0,"max_hp_loss":0,"event_name":"The Mausoleum","floor":19,"gold_loss":0,"cards_obtained":["Writhe"]},{"damage_healed":0,"gold_gain":0,"player_choice":"Shed Blood","damage_taken":20,"max_hp_gain":5,"max_hp_loss":0,"event_name":"Forgotten Altar","floor":20,"gold_loss":0},{"damage_healed":0,"gold_gain":0,"player_choice":"Stole Relic","damage_taken":0,"relics_obtained":["Pen Nib"],"max_hp_gain":0,"max_hp_loss":0,"event_name":"Addict","floor":22,"gold_loss":0,"cards_obtained":["Shame"]},{"damage_healed":0,"gold_gain":0,"player_choice":"Ignored","damage_taken":0,"max_hp_gain":0,"max_hp_loss":0,"event_name":"SecretPortal","floor":45,"gold_loss":0}],"is_beta":false,"boss_relics":[{"not_picked":["Astrolabe","Busted Crown"],"picked":"Coffee Dripper"},{"not_picked":["FrozenCore","SlaversCollar"],"picked":"Calling Bell"}],"items_purged_floors":[21,38],"is_endless":false,"potions_floor_spawned":[2,5,11,16,18,23,25,29,33,37,41,47,48,54],"ascension_level":10}}