{"host":"dowi7cgbhepuzvpj","time":1612001532,"event":{"mods":["AchievementEnabler","BaseMod","Keyboard Shortcuts","Minty Spire (QoL Compilation)","Permanent Neow","Quick Restart","StSLib","SuperFastMode"],"gold_per_floor":[113,38,51,65,65,65,177,195,222,235,235,252,252,279,279,380,380,390,340,1849,1859,1870,1899,1913,1930,1930,1930,1277,1296,1330,1245,1245,1350,1350,1370,1370,1380,1390,1401,1432,464,464,464,24,57,72,72,88,88,88,88,88,1156,1185,1185],"floor_reached":56,"language":"KOR","playtime":2362,"items_purged":["Strike_G","Strike_G","Strike_G","Defend_G","Defend_G","Defend_G"],"score":1861,"play_id":"89ff09e0-c4a6-4341-9833-b54619c5dccd","local_time":"20210130191211","is_ascension_mode":true,"campfire_choices":[{"data":"Crippling Poison","floor":6.0,"key":"SMITH"},{"data":"Apotheosis","floor":11.0,"key":"SMITH"},{"data":"Bouncing Flask","floor":15.0,"key":"SMITH"},{"data":"Burst","floor":32,"key":"SMITH"},{"floor":47,"key":"RECALL"},{"floor":49,"key":"REST"},{"floor":52,"key":"REST"}],"circlet_count":0,"master_deck":["Strike_G","Defend_G","Survivor","Neutralize+1","Crippling Poison+1","Dodge and Roll","Apotheosis+1","Bouncing Flask+1","PiercingWail","Wraith Form v2+1","Bane","Cloak And Dagger","Wraith Form v2+1","Outmaneuver","Panache+1","PiercingWail","Flying Knee+1","Escape Plan+1","Burst+1","Bouncing Flask","Dagger Throw","Writhe","Outmaneuver","Infinite Blades+1","Backstab+1","Burst","Deflect+1","Madness","Madness","Accuracy+1","Outmaneuver","Catalyst+1","Bullet Time","Wraith Form v2+1","Backflip+1","Finesse+1","Secret Technique+1","Bouncing Flask+1","PiercingWail+1","Heel Hook+1"],"relics":["Ring of the Snake","Oddly Smooth Stone","Vajra","Frozen Egg 2","Anchor","OrangePellets","Lantern","Runic Pyramid","Lee\u0027s Waffle","Regal Pillow","Bag of Preparation","Ancient Tea Set","Potion Belt","Meat on the Bone","Red Mask","Ornamental Fan","Fusion Hammer","Bottled Lightning","Toxic Egg 2","Mango","Bronze Scales","ClockworkSouvenir","Bird Faced Urn","StrikeDummy","Paper Crane","Bottled Tornado","TheAbacus","Snake Skull"],"acts_visited":["TheCity","TheBeyond","TheEnding"],"potions_floor_usage":[23,46,46,50,50,50,50,55,55,55],"damage_taken":[{"damage":0.0,"enemies":"Cultist","floor":1.0,"turns":3.0},{"damage":5.0,"enemies":"2 Louse","floor":3.0,"turns":4.0},{"damage":0.0,"enemies":"Small Slimes","floor":4.0,"turns":3.0},{"damage":0.0,"enemies":"3 Louse","floor":8.0,"turns":3.0},{"damage":1.0,"enemies":"Large Slime","floor":10.0,"turns":7.0},{"damage":1.0,"enemies":"Exordium Wildlife","floor":12.0,"turns":5.0},{"damage":8.0,"enemies":"3 Sentries","floor":14.0,"turns":6.0},{"damage":12.0,"enemies":"Hexaghost","floor":16.0,"turns":8.0},{"damage":1,"enemies":"Spheric Guardian","floor":18,"turns":5},{"damage":1,"enemies":"Chosen","floor":21,"turns":5},{"damage":0,"enemies":"Snecko","floor":22,"turns":4},{"damage":0,"enemies":"Gremlin Leader","floor":23,"turns":6},{"damage":0,"enemies":"Centurion and Healer","floor":24,"turns":3},{"damage":7,"enemies":"Chosen and Byrds","floor":25,"turns":5},{"damage":0,"enemies":"Snake Plant","floor":29,"turns":3},{"damage":0,"enemies":"Masked Bandits","floor":30,"turns":3},{"damage":7,"enemies":"Champ","floor":33,"turns":7},{"damage":0,"enemies":"3 Shapes","floor":35,"turns":4},{"damage":3,"enemies":"3 Darklings","floor":37,"turns":4},{"damage":3,"enemies":"Sphere and 2 Shapes","floor":38,"turns":3},{"damage":0,"enemies":"Spire Growth","floor":39,"turns":4},{"damage":4,"enemies":"Giant Head","floor":40,"turns":6},{"damage":7,"enemies":"Reptomancer","floor":45,"turns":6},{"damage":7,"enemies":"3 Darklings","floor":46,"turns":3},{"damage":0,"enemies":"Transient","floor":48,"turns":5},{"damage":20,"enemies":"Awakened One","floor":50,"turns":11},{"damage":1,"enemies":"Shield and Spear","floor":54,"turns":5},{"damage":50,"enemies":"The Heart","floor":55,"turns":7}],"seed_played":"158038598028038566","potions_obtained":[{"floor":3.0,"key":"FearPotion"},{"floor":4.0,"key":"ColorlessPotion"},{"floor":8.0,"key":"Strength Potion"},{"floor":22,"key":"Swift Potion"},{"floor":23,"key":"BlessingOfTheForge"},{"floor":33,"key":"Explosive Potion"},{"floor":39,"key":"LiquidBronze"},{"floor":45,"key":"PowerPotion"}],"is_trial":false,"path_per_floor":["M","$","M","M","?","R","$","M","T","M","R","M","?","E","R","B",null,"M","?","$","M","M","E","M","M","T","?","$","M","?","?","R","B",null,"M","?","M","M","M","E","$","?","T","$","E","M","R","M","R","B",null,"R","$","E","B",null],"character_chosen":"THE_SILENT","items_purchased":["Apotheosis","Frozen Egg 2","Anchor","OrangePellets","Bouncing Flask","Panache+1","Lee\u0027s Waffle","PiercingWail","Potion Belt","Meat on the Bone","Outmaneuver","Infinite Blades+1","Toxic Egg 2","Mango","Wraith Form v2+1","Backflip+1","EntropicBrew","ClockworkSouvenir","Bird Faced Urn","Paper Crane","Bottled Tornado","TheAbacus","Regen Potion"],"campfire_rested":2,"item_purchase_floors":[7,7,7,7,7,20,20,20,28,28,28,28,41,41,41,41,41,44,44,53,53,53,53],"current_hp_per_floor":[45,45,40,40,40,40,40,40,40,39,39,38,61,53,53,41,63,62,62,77,76,76,76,76,69,69,69,69,69,69,69,69,62,73,73,63,60,57,57,53,67,57,57,57,60,61,61,71,91,77,88,91,91,91,48],"gold":1185,"neow_bonus":"REMOVE_TWO","is_daily":false,"chose_seed":false,"campfire_upgraded":4,"win_rate":0.0,"timestamp":1612001531,"path_taken":["M","$","M","?","?","R","$","M","T","?","R","M","?","E","R","BOSS","M","?","$","M","?","E","M","M","T","?","$","M","?","?","R","BOSS","M","?","M","M","M","E","$","?","T","?","E","?","R","M","R","BOSS","R","$","E","BOSS"],"items_purchased_type":["Card","Relic","Relic","Relic","Card","Card","Relic","Card","Relic","Relic","Card","Card","Relic","Relic","Card","Card","Potion","Relic","Relic","Relic","Relic","Relic","Potion"],"build_version":"2020-12-22","purchased_purges":6,"victory":true,"max_hp_per_floor":[70,70,70,70,70,70,70,70,70,70,70,70,70,70,70,70,70,70,70,77,77,77,77,77,77,77,77,77,77,77,77,77,77,77,77,77,77,77,77,77,91,91,91,91,91,91,91,91,91,91,91,91,91,91,91],"card_choices":[{"not_picked":["Deflect","Flying Knee"],"picked":"Crippling Poison","floor":1.0},{"not_picked":["Quick Slash","Setup","Blade Dance"],"picked":"SKIP","floor":3.0},{"not_picked":["Leg Sweep","Prepared"],"picked":"Dodge and Roll","floor":4.0},{"not_picked":["Dodge and Roll","Bane"],"picked":"PiercingWail","floor":8.0},{"not_picked":["Quick Slash","Dagger Throw"],"picked":"Wraith Form v2+1","floor":10.0},{"not_picked":["Dagger Spray","Caltrops+1","Bane"],"picked":"SKIP","floor":12.0},{"not_picked":["Dagger Spray","Caltrops+1"],"picked":"Bane","floor":12.0},{"not_picked":["Night Terror","Dagger Throw"],"picked":"Cloak And Dagger","floor":14.0},{"not_picked":["Storm of Steel","Unload"],"picked":"Wraith Form v2+1","floor":16.0},{"not_picked":["Backflip","Endless Agony"],"picked":"Outmaneuver","floor":18},{"not_picked":["Backflip","Slice"],"picked":"Flying Knee+1","floor":21},{"not_picked":["Setup+1","Outmaneuver+1"],"picked":"Escape Plan+1","floor":22},{"not_picked":["Envenom+1","Deflect"],"picked":"Burst","floor":23},{"not_picked":["Backstab","Dagger Throw"],"picked":"Bouncing Flask","floor":24},{"not_picked":["Slice","Deflect"],"picked":"Dagger Throw","floor":25},{"not_picked":["Blade Dance+1","Distraction","Slice"],"picked":"SKIP","floor":29},{"not_picked":["Deflect","PiercingWail+1"],"picked":"Backstab+1","floor":30},{"not_picked":["Night Terror","Grand Finale"],"picked":"Burst","floor":33},{"not_picked":["Poisoned Stab+1","Outmaneuver"],"picked":"Deflect+1","floor":35},{"not_picked":["PiercingWail","Concentrate"],"picked":"Accuracy+1","floor":37},{"not_picked":["Acrobatics+1","Eviscerate+1"],"picked":"Outmaneuver","floor":38},{"not_picked":["Sucker Punch+1","Slice+1"],"picked":"Catalyst+1","floor":39},{"not_picked":["Infinite Blades+1","Choke+1"],"picked":"Bullet Time","floor":40},{"not_picked":["Good Instincts+1","Dramatic Entrance"],"picked":"Finesse+1","floor":42},{"not_picked":["PanicButton+1","Finesse+1"],"picked":"Secret Technique+1","floor":42},{"not_picked":["Crippling Poison+1","Infinite Blades+1"],"picked":"Bouncing Flask+1","floor":45},{"not_picked":["Finisher+1","Prepared+1","Skewer+1"],"picked":"SKIP","floor":46},{"not_picked":["Masterful Stab+1","Outmaneuver+1"],"picked":"PiercingWail+1","floor":48},{"not_picked":["Skewer+1","Underhanded Strike+1"],"picked":"Heel Hook+1","floor":54}],"player_experience":850660,"relics_obtained":[{"floor":14.0,"key":"Lantern"},{"floor":23,"key":"Regal Pillow"},{"floor":26,"key":"Bag of Preparation"},{"floor":30,"key":"Red Mask"},{"floor":40,"key":"Bottled Lightning"},{"floor":43,"key":"Bronze Scales"},{"floor":45,"key":"StrikeDummy"},{"floor":54,"key":"Snake Skull"}],"event_choices":[{"damage_healed":0.0,"max_hp_gain":0.0,"max_hp_loss":0.0,"gold_gain":0.0,"event_name":"Upgrade Shrine","player_choice":"Upgraded","floor":5.0,"gold_loss":0.0,"damage_taken":0.0,"cards_upgraded":["Neutralize"]},{"damage_healed":23.0,"max_hp_gain":0.0,"max_hp_loss":0.0,"gold_gain":0.0,"event_name":"Big Fish","player_choice":"Banana","floor":13.0,"gold_loss":0.0,"damage_taken":0.0},{"damage_healed":0,"gold_gain":0,"player_choice":"Bet on Murderer","damage_taken":0,"max_hp_gain":0,"max_hp_loss":0,"event_name":"The Joust","floor":19,"gold_loss":50},{"damage_healed":0,"gold_gain":0,"player_choice":"Opened","damage_taken":0,"relics_obtained":["Ancient Tea Set"],"max_hp_gain":0,"max_hp_loss":0,"event_name":"The Mausoleum","floor":27,"gold_loss":0,"cards_obtained":["Writhe"]},{"damage_healed":0,"gold_gain":0,"player_choice":"Fought Bandits","damage_taken":0,"max_hp_gain":0,"max_hp_loss":0,"event_name":"Masked Bandits","floor":30,"gold_loss":0},{"damage_healed":0,"gold_gain":0,"player_choice":"Obtained Relic","damage_taken":0,"relics_obtained":["Ornamental Fan"],"max_hp_gain":0,"max_hp_loss":0,"event_name":"Addict","floor":31,"gold_loss":85},{"damage_healed":0,"gold_gain":0,"player_choice":"Embrace Madness","damage_taken":10,"max_hp_gain":0,"max_hp_loss":0,"event_name":"Winding Halls","floor":36,"gold_loss":0,"cards_obtained":["Madness","Madness"]},{"damage_healed":0,"gold_gain":0,"player_choice":"Memory 3","damage_taken":10,"max_hp_gain":0,"max_hp_loss":0,"event_name":"SensoryStone","floor":42,"gold_loss":0}],"is_beta":false,"boss_relics":[{"not_picked":["Empty Cage","SacredBark"],"picked":"Runic Pyramid"},{"not_picked":["Cursed Key","Black Star"],"picked":"Fusion Hammer"}],"items_purged_floors":[2,7,20,28,41,53],"is_endless":false,"potions_floor_spawned":[3,4,8,22,23,24,33,39,45],"ascension_level":9}}