{"host":"kkntor5wdjky96yl","time":1612021846,"event":{"mods":["AchievementEnabler","BaseMod","Colored Map","KOR Keyword Fix","Minty Spire (QoL Compilation)","Shop Mod","StSLib","SuperFastMode","Swap Starting Deck Mod"],"gold_per_floor":[119,134,134,152,172,198,198,213,238,238,254,283,297,332,332,434,434,447,83,8,23,23,23,48,48,48,68,83,116,133,133,133,237,237,248,258,270,320,320,320,355,467,503,542,570,617,200,235,235,235],"floor_reached":51,"language":"KOR","playtime":2339,"items_purged":["Reckless Charge"],"score":1275,"play_id":"3d5d07ef-255b-44ac-82b3-4f70853ef5ab","local_time":"20210131005046","is_ascension_mode":true,"campfire_choices":[{"data":"Fire Breathing","floor":7.0,"key":"SMITH"},{"data":"Burning Pact","floor":10.0,"key":"SMITH"},{"data":"Armaments","floor":15.0,"key":"SMITH"},{"data":"Brutality","floor":23.0,"key":"SMITH"},{"data":"Warcry","floor":25.0,"key":"SMITH"},{"data":"Shockwave","floor":32.0,"key":"SMITH"},{"data":"Power Through","floor":40.0,"key":"SMITH"},{"floor":49,"key":"REST"}],"circlet_count":0,"master_deck":["Reckless Charge","Reckless Charge","Wild Strike","Power Through+1","Power Through+1","Power Through","Power Through+1","Fire Breathing+1","Burning Pact+1","Warcry+1","Sever Soul","Flame Barrier","Armaments+1","Shockwave+1","Brutality+1","Dark Embrace+1","Bloodletting","Havoc+1","CurseOfTheBell","Power Through+1","Havoc+1","Shrug It Off","Rupture","Secret Technique","Pommel Strike+1"],"relics":["Burning Blood","Centennial Puzzle","Lantern","Black Star","Turnip","Ginger","Vajra","Art of War","WingedGreaves","Oddly Smooth Stone","InkBottle","Incense Burner","MerchantsRug","Red Skull","Nunchaku","Ornamental Fan","Bronze Scales","Regal Pillow","OrangePellets","Orichalcum","Pear","Smiling Mask"],"acts_visited":["Exordium","TheCity","TheBeyond"],"potions_floor_usage":[50,50,50],"damage_taken":[{"damage":0.0,"enemies":"Small Slimes","floor":1.0,"turns":3.0},{"damage":0.0,"enemies":"Cultist","floor":2.0,"turns":3.0},{"damage":0.0,"enemies":"2 Louse","floor":4.0,"turns":2.0},{"damage":0.0,"enemies":"Blue Slaver","floor":5.0,"turns":3.0},{"damage":0.0,"enemies":"3 Sentries","floor":6.0,"turns":3.0},{"damage":0.0,"enemies":"2 Fungi Beasts","floor":8.0,"turns":4.0},{"damage":0.0,"enemies":"Large Slime","floor":11.0,"turns":3.0},{"damage":5.0,"enemies":"Gremlin Nob","floor":12.0,"turns":3.0},{"damage":1.0,"enemies":"Lots of Slimes","floor":13.0,"turns":3.0},{"damage":5.0,"enemies":"Lagavulin","floor":14.0,"turns":4.0},{"damage":38.0,"enemies":"Slime Boss","floor":16.0,"turns":6.0},{"damage":2.0,"enemies":"Chosen","floor":18.0,"turns":5.0},{"damage":11.0,"enemies":"Spheric Guardian","floor":21.0,"turns":4.0},{"damage":7.0,"enemies":"Slavers","floor":24.0,"turns":4.0},{"damage":8.0,"enemies":"3 Cultists","floor":27.0,"turns":4.0},{"damage":5.0,"enemies":"Centurion and Healer","floor":28.0,"turns":3.0},{"damage":6.0,"enemies":"Book of Stabbing","floor":29.0,"turns":4.0},{"damage":6.0,"enemies":"Sentry and Sphere","floor":30.0,"turns":4.0},{"damage":90.0,"enemies":"Champ","floor":33.0,"turns":10.0},{"damage":33.0,"enemies":"3 Darklings","floor":35.0,"turns":5.0},{"damage":5.0,"enemies":"Orb Walker","floor":37.0,"turns":3.0},{"damage":3.0,"enemies":"2 Orb Walkers","floor":38.0,"turns":4.0},{"damage":6.0,"enemies":"Nemesis","floor":41.0,"turns":7.0},{"damage":29.0,"enemies":"Giant Head","floor":44.0,"turns":7.0},{"damage":5.0,"enemies":"3 Darklings","floor":45.0,"turns":3.0},{"damage":9.0,"enemies":"Nemesis","floor":46.0,"turns":7.0},{"damage":6,"enemies":"Giant Head","floor":48,"turns":7},{"damage":54,"enemies":"Time Eater","floor":50,"turns":9}],"seed_played":"4395988136253253894","potions_obtained":[{"floor":3.0,"key":"FairyPotion"},{"floor":3.0,"key":"EntropicBrew"},{"floor":3.0,"key":"EssenceOfSteel"},{"floor":6.0,"key":"FearPotion"},{"floor":33.0,"key":"Ancient Potion"},{"floor":41.0,"key":"DistilledChaos"},{"floor":44.0,"key":"Weak Potion"},{"floor":48,"key":"DistilledChaos"}],"is_trial":false,"path_per_floor":["M","M","?","M","M","E","R","M","T","R","M","E","M","E","R","B",null,"M","$","?","M","?","R","E","R","T","M","M","E","M","$","R","B",null,"M","$","M","?","?","R","E","?","T","E","M","E","$","E","R","B",null],"character_chosen":"IRONCLAD","items_purchased":["Turnip","MerchantsRug","Rupture","OrangePellets","Secret Technique","Orichalcum"],"campfire_rested":1,"item_purchase_floors":[19,36,47,47,47,47],"current_hp_per_floor":[46,52,52,58,64,70,70,76,76,76,80,80,80,80,80,48,72,76,76,76,71,71,71,70,70,70,68,69,76,76,76,76,25,72,45,45,46,63,63,63,63,63,63,40,41,38,38,48,96,48],"gold":235,"neow_bonus":"","is_daily":false,"chose_seed":false,"campfire_upgraded":7,"win_rate":0.0,"timestamp":1612021846,"path_taken":["M","M","?","M","M","E","R","?","T","R","M","E","M","E","R","BOSS","M","$","?","M","?","R","E","R","T","M","M","E","M","$","R","BOSS","M","$","M","?","?","R","E","?","T","E","?","E","$","E","R","BOSS"],"items_purchased_type":["Relic","Relic","Card","Relic","Card","Relic"],"build_version":"2020-12-22","purchased_purges":1,"victory":true,"max_hp_per_floor":[80,80,80,80,80,80,80,80,80,80,80,80,80,80,80,80,80,80,80,80,80,80,80,80,80,80,80,80,87,87,87,87,87,87,87,87,87,101,101,101,101,101,101,101,101,101,101,111,111,111],"card_choices":[{"not_picked":["Anger","Cleave","Bloodletting"],"picked":"SKIP","floor":1.0},{"not_picked":["Searing Blow","Power Through"],"picked":"Burning Pact","floor":2.0},{"not_picked":["Twin Strike","Uppercut"],"picked":"Warcry","floor":4.0},{"not_picked":["Cleave","Headbutt","Flex"],"picked":"SKIP","floor":5.0},{"not_picked":["Headbutt","Corruption","Body Slam"],"picked":"SKIP","floor":6.0},{"not_picked":["Sword Boomerang","Heavy Blade","Ghostly Armor"],"picked":"SKIP","floor":8.0},{"not_picked":["Cleave","Sword Boomerang"],"picked":"Sever Soul","floor":11.0},{"not_picked":["Flex","Seeing Red"],"picked":"Flame Barrier","floor":12.0},{"not_picked":["Hemokinesis","Anger"],"picked":"Armaments","floor":13.0},{"not_picked":["Rampage","Hemokinesis"],"picked":"Shockwave","floor":14.0},{"not_picked":["Limit Break","Reaper"],"picked":"Brutality","floor":16.0},{"not_picked":["Rupture","Flame Barrier+1"],"picked":"Dark Embrace+1","floor":18.0},{"not_picked":["Heavy Blade+1","Havoc"],"picked":"Bloodletting","floor":21.0},{"not_picked":["Combust","Dual Wield","Rampage"],"picked":"SKIP","floor":24.0},{"not_picked":["Sword Boomerang","Iron Wave","Metallicize"],"picked":"SKIP","floor":27.0},{"not_picked":["Combust","Headbutt"],"picked":"Havoc+1","floor":28.0},{"not_picked":["Sword Boomerang","Iron Wave","Combust+1"],"picked":"SKIP","floor":29.0},{"not_picked":["Ghostly Armor+1","Anger","Infernal Blade"],"picked":"SKIP","floor":30.0},{"not_picked":["Double Tap","Limit Break"],"picked":"Immolate","floor":33.0},{"not_picked":["Infernal Blade+1","True Grit"],"picked":"Power Through+1","floor":35.0},{"not_picked":["Iron Wave","Twin Strike+1","Rage+1"],"picked":"SKIP","floor":37.0},{"not_picked":["Sever Soul+1","Dark Embrace+1"],"picked":"Havoc+1","floor":38.0},{"not_picked":["Shockwave","Havoc","Uppercut"],"picked":"SKIP","floor":41.0},{"not_picked":["Heavy Blade","Dual Wield","Clothesline+1"],"picked":"SKIP","floor":44.0},{"not_picked":["Disarm+1","Second Wind+1","Twin Strike+1"],"picked":"SKIP","floor":45.0},{"not_picked":["True Grit+1","Wild Strike"],"picked":"Shrug It Off","floor":46.0},{"not_picked":["Cleave+1","Havoc"],"picked":"Pommel Strike+1","floor":48}],"player_experience":121313,"relics_obtained":[{"floor":6.0,"key":"Centennial Puzzle"},{"floor":9.0,"key":"Lantern"},{"floor":12.0,"key":"Dream Catcher"},{"floor":14.0,"key":"War Paint"},{"floor":24.0,"key":"Ginger"},{"floor":24.0,"key":"Vajra"},{"floor":26.0,"key":"Art of War"},{"floor":29.0,"key":"WingedGreaves"},{"floor":29.0,"key":"Strawberry"},{"floor":34.0,"key":"Oddly Smooth Stone"},{"floor":34.0,"key":"InkBottle"},{"floor":34.0,"key":"Incense Burner"},{"floor":38.0,"key":"Mango"},{"floor":41.0,"key":"Red Skull"},{"floor":41.0,"key":"MawBank"},{"floor":43.0,"key":"Nunchaku"},{"floor":44.0,"key":"Ornamental Fan"},{"floor":44.0,"key":"Bronze Scales"},{"floor":46.0,"key":"Regal Pillow"},{"floor":46.0,"key":"Bottled Flame"},{"floor":48,"key":"Pear"},{"floor":48,"key":"Smiling Mask"}],"event_choices":[{"damage_healed":0.0,"max_hp_gain":0.0,"max_hp_loss":0.0,"gold_gain":0.0,"event_name":"Lab","player_choice":"Got Potions","floor":3.0,"gold_loss":0.0,"damage_taken":0.0},{"cards_removed":["Reckless Charge"],"damage_healed":0.0,"max_hp_gain":0.0,"max_hp_loss":0.0,"gold_gain":0.0,"event_name":"Beggar","player_choice":"Gave Gold","floor":20.0,"gold_loss":75.0,"damage_taken":0.0},{"damage_healed":0.0,"max_hp_gain":0.0,"max_hp_loss":0.0,"gold_gain":0.0,"event_name":"Ghosts","player_choice":"Ignored","floor":22.0,"gold_loss":0.0,"damage_taken":0.0},{"damage_healed":0.0,"max_hp_gain":0.0,"max_hp_loss":0.0,"gold_gain":0.0,"event_name":"Mysterious Sphere","player_choice":"Fight","floor":38.0,"gold_loss":0.0,"damage_taken":0.0},{"cards_removed":["Immolate"],"damage_healed":0.0,"max_hp_gain":0.0,"max_hp_loss":0.0,"gold_gain":0.0,"event_name":"Falling","player_choice":"Removed Attack","floor":39.0,"gold_loss":0.0,"damage_taken":0.0},{"damage_healed":0.0,"max_hp_gain":0.0,"max_hp_loss":0.0,"gold_gain":100.0,"event_name":"Golden Shrine","player_choice":"Pray","floor":42.0,"gold_loss":0.0,"damage_taken":0.0}],"is_beta":false,"boss_relics":[{"not_picked":["Mark of Pain","Runic Dome"],"picked":"Black Star"},{"not_picked":["Tiny House","Sozu"],"picked":"Calling Bell"}],"items_purged_floors":[19],"is_endless":false,"potions_floor_spawned":[4,5,6,8,13,21,24,28,29,33,41,44,48],"ascension_level":5}}