{"host":"farxtl2u8hmkbdo2","time":1612023819,"event":{"mods":["A Magickal Journey","BaseMod","Better Altar","Better Note","Better Sensory Stone","Better Skull","Better Third Choice","Challenge The Spire","Colored Map","Colored Powertips","Current Relic Mod","Energized Spire","Fox Events","Gremlin Mod","Hermit","Hubris","Mimic Mod","Minty Spire (QoL Compilation)","Quick Restart","READ ME - Guardian Mod","READ ME - Snecko Mod","Rare Cards Sparkle","StSLib","The Bladedancer","The Bug Knight","The Cursed","The Disciple","The Hierophant","The Marked","The Necromancer","The Runesmith","Transform Curses"],"gold_per_floor":[98,112,112,112,26,6,6],"floor_reached":6,"language":"SPA","playtime":334,"items_purged":[],"score":35,"play_id":"4870f9e8-8962-43df-8f93-89f23948cbce","local_time":"20210130132339","is_ascension_mode":true,"campfire_choices":[],"circlet_count":0,"master_deck":["hierophant:Strike_Hierophant","hierophant:Strike_Hierophant","hierophant:Strike_Hierophant","hierophant:Punish","hierophant:Defend_Hierophant","hierophant:Defend_Hierophant","hierophant:Defend_Hierophant","hierophant:ChurchCoffers","hierophant:FieryStrike","hierophant:ArchangelShield","hierophant:FaithHealing","hierophant:Bribe","hierophant:SealAway"],"relics":["hierophant:PropheticMaskRelic","foxEvents:LuckyCharm","hubris:Icosahedron"],"acts_visited":["Exordium"],"potions_floor_usage":[],"damage_taken":[{"damage":7,"enemies":"Jaw Worm","floor":1,"turns":2},{"damage":16,"enemies":"Colosseum Slavers","floor":2,"turns":3},{"damage":39,"enemies":"Lagavulin","floor":6,"turns":10}],"seed_played":"-6273291891297877234","potions_obtained":[{"floor":1,"key":"LiquidBronze"}],"is_trial":false,"path_per_floor":["M","?","?","?","$","E"],"character_chosen":"HIEROPHANT","items_purchased":["hierophant:Bribe","hierophant:SealAway"],"campfire_rested":0,"item_purchase_floors":[5,5],"current_hp_per_floor":[47,31,36,36,36,0,0],"gold":6,"neow_bonus":"TRANSFORM_TWO_CARDS","is_daily":false,"chose_seed":false,"campfire_upgraded":0,"win_rate":0.0,"timestamp":1612023819,"path_taken":["M","?","?","?","?","E"],"items_purchased_type":["Card","Card"],"build_version":"2020-12-22","purchased_purges":0,"victory":false,"max_hp_per_floor":[75,75,80,80,80,80,80],"card_choices":[{"not_picked":["hierophant:Charity","hierophant:DisplayOfPower"],"picked":"hierophant:FaithHealing","floor":1}],"player_experience":1962558,"relics_obtained":[{"floor":2,"key":"foxEvents:LuckyCharm"}],"event_choices":[{"damage_healed":0,"gold_gain":0,"player_choice":"Donut","damage_taken":0,"max_hp_gain":5,"max_hp_loss":0,"event_name":"Big Fish","floor":3,"gold_loss":0}],"is_beta":false,"boss_relics":[],"items_purged_floors":[],"is_endless":false,"potions_floor_spawned":[1],"killed_by":"Lagavulin","ascension_level":2}}