{"host":"eaiphzh066bwqdh7","time":1612039531,"event":{"mods":["BaseMod","Better Note","Halation","Hubris","Minty Spire (QoL Compilation)","Reliquary","Replay The Spire","StSLib"],"gold_per_floor":[118,118,118,43,43,43,77,97,97,97,97,113,113,127,127,223,223,238,238,249,261,5,32,32,67,94,94,94,94],"floor_reached":28,"language":"ENG","playtime":669,"items_purged":["Defend_R"],"score":335,"play_id":"b560160d-b5f3-49ef-8ed2-3e89b3f82dbe","local_time":"20210130154531","is_ascension_mode":true,"campfire_choices":[{"data":"Bash","floor":6,"key":"SMITH"},{"data":"Strike_R","floor":10,"key":"SMITH"},{"data":"Strike_R","floor":13,"key":"SMITH"},{"data":"Infernal Blade","floor":15,"key":"SMITH"},{"floor":24,"key":"REST"}],"circlet_count":0,"master_deck":["Strike_R","Strike_R","Strike_R","Strike_R+1","Strike_R+1","Defend_R","Defend_R","Infernal Blade+1","Demon Form","Inflame+1","Inflame","Rampage+1"],"relics":["Burning Blood","NeowsBlessing","hubris:Towel","hubris:Icosahedron","halation:SwordOfLegend","Turnip","reliquary:BallBearing","Ooze Armor","hubris:SphereOfDissonance","reliquary:SilkGlove","Pantograph","Pet Ghost"],"acts_visited":["Exordium","TheCity"],"potions_floor_usage":[16,16,21,25],"damage_taken":[{"damage":0,"enemies":"Jaw Worm","floor":1,"turns":1},{"damage":0,"enemies":"3 Sentries","floor":7,"turns":1},{"damage":0,"enemies":"Small Slimes","floor":8,"turns":1},{"damage":1,"enemies":"2 Louse","floor":12,"turns":2},{"damage":11,"enemies":"Looter","floor":14,"turns":2},{"damage":74,"enemies":"Hexaghost","floor":16,"turns":9},{"damage":8,"enemies":"3 Byrds","floor":18,"turns":5},{"damage":42,"enemies":"2 Thieves","floor":20,"turns":4},{"damage":18,"enemies":"Snecko","floor":21,"turns":3},{"damage":18,"enemies":"Replay:Snechameleon","floor":23,"turns":4},{"damage":36,"enemies":"Gremlin Leader","floor":25,"turns":5},{"damage":28,"enemies":"Centurion and Healer","floor":28,"turns":3}],"seed_played":"-384209574583628140","potions_obtained":[{"floor":7,"key":"Regen Potion"},{"floor":8,"key":"SkillPotion"},{"floor":16,"key":"FearPotion"},{"floor":23,"key":"Block Potion"}],"is_trial":false,"path_per_floor":["M","?","?","$","?","R","E","M","T","R","T","M","R","M","R","B",null,"M","?","M","M","$","E","R","E","T","$","M"],"character_chosen":"IRONCLAD","items_purchased":["hubris:SphereOfDissonance"],"campfire_rested":1,"item_purchase_floors":[22],"current_hp_per_floor":[80,80,73,73,73,73,79,80,80,80,80,80,80,75,78,22,80,78,78,42,30,30,18,54,24,24,24,0,0],"gold":94,"neow_bonus":"THREE_ENEMY_KILL","is_daily":false,"chose_seed":false,"campfire_upgraded":4,"win_rate":0.0,"timestamp":1612039531,"path_taken":["M","?","?","$","?","R","E","M","T","R","?","M","R","M","R","BOSS","M","?","?","M","$","E","R","E","T","$","M"],"items_purchased_type":["Relic"],"build_version":"2020-12-22","purchased_purges":1,"victory":false,"max_hp_per_floor":[80,80,80,80,80,80,80,80,80,80,80,80,80,80,80,80,80,80,80,80,80,80,80,80,80,80,80,80,80],"card_choices":[{"not_picked":["Body Slam","Wild Strike","Run Through"],"picked":"SKIP","floor":1},{"not_picked":["Replay:Undeath\u0027s Touch","Twin Strike","Pommel Strike"],"picked":"SKIP","floor":7},{"not_picked":["Armaments","Feel No Pain","Replay:Undeath\u0027s Touch"],"picked":"SKIP","floor":8},{"not_picked":["Feel No Pain","Pommel Strike","Sword Boomerang"],"picked":"SKIP","floor":12},{"not_picked":["Hemokinesis","Armaments"],"picked":"Infernal Blade","floor":14},{"not_picked":["Double Tap","Eclipse"],"picked":"Demon Form","floor":16},{"not_picked":["Headbutt","Sever Soul"],"picked":"Inflame+1","floor":18},{"not_picked":["Intimidate+1","hubris:CleavingFinish+1","Iron Wave+1"],"picked":"SKIP","floor":20},{"not_picked":["Fire Breathing","Replay:Undeath\u0027s Touch+1"],"picked":"Inflame","floor":21},{"not_picked":["Intimidate+1","Havoc","Uppercut"],"picked":"SKIP","floor":23},{"not_picked":["Hemogenesis","hubris:ReadiedAction"],"picked":"Rampage+1","floor":25}],"player_experience":216484,"relics_obtained":[{"floor":7,"key":"halation:SwordOfLegend"},{"floor":9,"key":"Turnip"},{"floor":11,"key":"reliquary:BallBearing"},{"floor":23,"key":"reliquary:SilkGlove"},{"floor":25,"key":"Pantograph"},{"floor":26,"key":"Pet Ghost"}],"event_choices":[{"cards_removed":["Defend_R"],"damage_healed":0,"gold_gain":0,"player_choice":"Card Removal","damage_taken":7,"max_hp_gain":0,"max_hp_loss":0,"event_name":"Golden Wing","floor":3,"gold_loss":0},{"cards_removed":["Bash"],"damage_healed":0,"gold_gain":0,"player_choice":"Purged","damage_taken":0,"max_hp_gain":0,"max_hp_loss":0,"event_name":"Purifier","floor":19,"gold_loss":0}],"is_beta":false,"boss_relics":[{"not_picked":["hubris:HollowSoul","Pandora\u0027s Box"],"picked":"Ooze Armor"}],"items_purged_floors":[4],"is_endless":false,"potions_floor_spawned":[7,8,16,23],"killed_by":"Centurion and Healer","ascension_level":4}}