{"host":"52m1o8iwwagurbjs","time":1612036487,"event":{"mods":["AchievementEnabler","BaseMod","Bestiary","Colored Powertips","GifTheSpireLib","Minty Spire (QoL Compilation)","Quick Restart","RNG Fix","Relic Stats","StSLib"],"gold_per_floor":[113,133,33,51,126,143,143,159,159,220,395,427,427,440,440,543,593,607,619,85,85,96,123,123,8,32,32,44,61,61,75,75,173,173,193,193,113,130,144,144,144],"floor_reached":40,"language":"ENG","playtime":1475,"items_purged":["Strike_B","FTL"],"score":410,"play_id":"5f67e883-0f54-4549-847d-aa2eaf02b59f","local_time":"20210130145447","is_ascension_mode":false,"campfire_choices":[{"data":"Ball Lightning","floor":7.0,"key":"SMITH"},{"data":"Coolheaded","floor":13.0,"key":"SMITH"},{"data":"Zap","floor":15.0,"key":"SMITH"},{"floor":24.0,"key":"REST"},{"data":"Gash","floor":27.0,"key":"SMITH"},{"floor":30,"key":"REST"},{"floor":32,"key":"REST"}],"circlet_count":0,"master_deck":["Strike_B","Strike_B+1","Strike_B","Defend_B","Defend_B","Defend_B","Defend_B","Zap+1","Dualcast","Cold Snap","Coolheaded+1","Steam","Streamline","Ball Lightning+1","Sweeping Beam","Doubt","Conserve Battery","Turbo","Redo+1","Gash+1","Go for the Eyes","FTL","Stack+1","Compile Driver"],"relics":["Cracked Core","Darkstone Periapt","The Courier","Mercury Hourglass","Tiny House","Gambling Chip","Potion Belt","Happy Flower","Dream Catcher","DataDisk","Ancient Tea Set","Busted Crown"],"acts_visited":["Exordium","TheCity","TheBeyond"],"potions_floor_usage":[31,33,33,40],"damage_taken":[{"damage":10.0,"enemies":"Small Slimes","floor":1.0,"turns":3.0},{"damage":1.0,"enemies":"2 Louse","floor":2.0,"turns":2.0},{"damage":7.0,"enemies":"Jaw Worm","floor":4.0,"turns":3.0},{"damage":2.0,"enemies":"Looter","floor":6.0,"turns":2.0},{"damage":0.0,"enemies":"Red Slaver","floor":8.0,"turns":3.0},{"damage":13.0,"enemies":"Lagavulin Event","floor":10.0,"turns":6.0},{"damage":9.0,"enemies":"Lagavulin","floor":12.0,"turns":8.0},{"damage":0.0,"enemies":"Large Slime","floor":14.0,"turns":4.0},{"damage":1.0,"enemies":"Hexaghost","floor":16.0,"turns":9.0},{"damage":0.0,"enemies":"Chosen","floor":18.0,"turns":4.0},{"damage":0.0,"enemies":"3 Byrds","floor":19.0,"turns":4.0},{"damage":16.0,"enemies":"Snake Plant","floor":22.0,"turns":5.0},{"damage":54.0,"enemies":"Book of Stabbing","floor":23.0,"turns":7.0},{"damage":11.0,"enemies":"Cultist and Chosen","floor":28.0,"turns":5.0},{"damage":6,"enemies":"Chosen and Byrds","floor":29,"turns":4},{"damage":10,"enemies":"Centurion and Healer","floor":31,"turns":6},{"damage":108,"enemies":"Automaton","floor":33,"turns":13},{"damage":13,"enemies":"Orb Walker","floor":35,"turns":4},{"damage":0,"enemies":"3 Darklings","floor":38,"turns":7},{"damage":10,"enemies":"Sphere and 2 Shapes","floor":39,"turns":4},{"damage":89,"enemies":"Nemesis","floor":40,"turns":7}],"seed_played":"-4662326194996697555","potions_obtained":[{"floor":0.0,"key":"LiquidMemories"},{"floor":0.0,"key":"LiquidBronze"},{"floor":0.0,"key":"Weak Potion"},{"floor":10.0,"key":"ColorlessPotion"},{"floor":12.0,"key":"FairyPotion"},{"floor":17.0,"key":"FearPotion"},{"floor":19.0,"key":"Regen Potion"},{"floor":22.0,"key":"Ancient Potion"},{"floor":28,"key":"SpeedPotion"},{"floor":31,"key":"Fire Potion"},{"floor":38,"key":"SteroidPotion"}],"is_trial":false,"path_per_floor":["M","M","$","M","?","M","R","M","T","?","?","E","R","M","R","B",null,"M","M","$","?","M","E","R","$","T","R","M","M","R","M","R","B",null,"M","?","$","M","M","E"],"character_chosen":"DEFECT","items_purchased":["Coolheaded","Steam","Gambling Chip","Potion Belt","Happy Flower","DataDisk"],"campfire_rested":3,"item_purchase_floors":[3,3,20,20,20,25],"current_hp_per_floor":[65,64,64,57,46,44,44,44,44,31,37,28,28,28,28,27,86,86,86,86,86,70,16,41,41,41,41,30,24,49,39,64,25,86,73,73,73,73,63,0,0],"gold":144,"neow_bonus":"THREE_SMALL_POTIONS","is_daily":false,"chose_seed":false,"campfire_upgraded":4,"win_rate":0.0,"timestamp":1612036487,"path_taken":["M","M","$","M","?","M","R","M","T","?","?","E","R","M","R","BOSS","M","M","$","?","M","E","R","$","T","R","M","M","R","M","R","BOSS","M","?","$","M","?","E"],"items_purchased_type":["Card","Card","Relic","Relic","Relic","Relic"],"build_version":"2020-12-22","purchased_purges":2,"victory":false,"max_hp_per_floor":[75,75,75,75,75,75,75,75,75,75,81,81,81,81,81,81,86,86,86,86,86,86,86,86,86,86,86,86,86,86,86,86,86,86,86,86,86,86,86,86,86],"relic_stats":{"Darkstone Periapt":6,"Dream Catcher":3,"Busted Crown":8,"Happy Flower":[20],"counters":[21,108],"Gambling Chip":[30],"obtain_stats":[{"Darkstone Periapt":9,"Potion Belt":20,"Dream Catcher":23,"DataDisk":25,"Tiny House":17,"Busted Crown":34,"Happy Flower":20,"Gambling Chip":20,"The Courier":10,"Cracked Core":0,"Ancient Tea Set":26,"Mercury Hourglass":12},{"Darkstone Periapt":5,"Potion Belt":11,"Dream Catcher":13,"DataDisk":13,"Tiny House":9,"Busted Crown":17,"Happy Flower":11,"Gambling Chip":11,"The Courier":5,"Cracked Core":0,"Ancient Tea Set":13,"Mercury Hourglass":7},{"Darkstone Periapt":13,"Potion Belt":47,"Dream Catcher":59,"DataDisk":59,"Tiny House":40,"Busted Crown":87,"Happy Flower":47,"Gambling Chip":47,"The Courier":13,"Cracked Core":0,"Ancient Tea Set":59,"Mercury Hourglass":27}],"Mercury Hourglass":[295]},"card_choices":[{"not_picked":["Undo","Rebound"],"picked":"Cold Snap","floor":1.0},{"not_picked":["Reinforced Body","Stack","Skim"],"picked":"SKIP","floor":2.0},{"not_picked":["Turbo","Streamline","Aggregate"],"picked":"SKIP","floor":4.0},{"not_picked":["Turbo","Aggregate"],"picked":"Streamline","floor":4.0},{"not_picked":["Hologram","Blizzard"],"picked":"Ball Lightning","floor":6.0},{"not_picked":["Buffer","Fusion"],"picked":"Sweeping Beam","floor":8.0},{"not_picked":["Fusion","Recycle","Lockon"],"picked":"SKIP","floor":12.0},{"not_picked":["Coolheaded","Sweeping Beam"],"picked":"Conserve Battery","floor":14.0},{"not_picked":["Melter","Go for the Eyes"],"picked":"Turbo","floor":17.0},{"not_picked":["Lockon","Stack"],"picked":"Redo+1","floor":18.0},{"not_picked":["Rebound","Redo+1","Auto Shields"],"picked":"SKIP","floor":19.0},{"not_picked":["Stack","Lockon","Skim"],"picked":"SKIP","floor":22.0},{"not_picked":["Conserve Battery","Lockon","Hello World"],"picked":"SKIP","floor":23.0},{"not_picked":["Ball Lightning","Leap"],"picked":"Go for the Eyes","floor":28},{"not_picked":["Go for the Eyes","Amplify"],"picked":"FTL","floor":29},{"not_picked":["Ball Lightning","Cold Snap"],"picked":"FTL","floor":30},{"not_picked":["Ball Lightning+1","Leap","Turbo"],"picked":"SKIP","floor":31},{"not_picked":["Conserve Battery","Self Repair"],"picked":"Stack+1","floor":32},{"not_picked":[],"picked":"Compile Driver","floor":35},{"not_picked":["Compile Driver"],"picked":"SKIP","floor":38},{"not_picked":["Cold Snap+1"],"picked":"SKIP","floor":39}],"player_experience":1265676,"relics_obtained":[{"floor":9.0,"key":"Darkstone Periapt"},{"floor":12.0,"key":"Mercury Hourglass"},{"floor":23.0,"key":"Dream Catcher"},{"floor":26.0,"key":"Ancient Tea Set"}],"event_choices":[{"damage_healed":0.0,"max_hp_gain":0.0,"max_hp_loss":0.0,"gold_gain":75.0,"event_name":"World of Goop","player_choice":"Gather Gold","floor":5.0,"gold_loss":0.0,"damage_taken":11.0},{"damage_healed":0.0,"max_hp_gain":0.0,"max_hp_loss":0.0,"gold_gain":0.0,"event_name":"Dead Adventurer","player_choice":"Searched \u00273\u0027 times","floor":10.0,"gold_loss":0.0,"damage_taken":0.0,"relics_obtained":["The Courier"]},{"damage_healed":0.0,"max_hp_gain":0.0,"max_hp_loss":0.0,"gold_gain":175.0,"event_name":"Liars Game","player_choice":"AGREE","floor":11.0,"gold_loss":0.0,"damage_taken":0.0,"cards_obtained":["Doubt"]},{"damage_healed":0.0,"max_hp_gain":0.0,"max_hp_loss":0.0,"gold_gain":0.0,"event_name":"The Library","player_choice":"Read","floor":21.0,"gold_loss":0.0,"damage_taken":0.0,"cards_obtained":["Gash"]},{"damage_healed":0,"gold_gain":0,"player_choice":"Memory 1","damage_taken":0,"max_hp_gain":0,"max_hp_loss":0,"event_name":"SensoryStone","floor":36,"gold_loss":0}],"is_beta":false,"boss_relics":[{"not_picked":["Empty Cage","FrozenCore"],"picked":"Tiny House"},{"not_picked":["Cursed Key","Astrolabe"],"picked":"Busted Crown"}],"items_purged_floors":[20,37],"is_endless":false,"potions_floor_spawned":[10,12,14,19,22,28,29,31,38],"killed_by":"Nemesis","ascension_level":0}}