{"host":"y76x98twjnyyxs83","time":1612027930,"event":{"mods":["BaseMod","Colored Powertips","Minty Spire (QoL Compilation)","Permanent Neow","Quick Restart","Rare Cards Sparkle","Relic Stats","StSLib"],"gold_per_floor":[118,118,118,142,163,163,194,194,264,264,283,302,341,356,356,449,449,474,499,499,140,140,180,180,80,80,121,141,141,161,201,201,201,201],"floor_reached":33,"language":"ENG","playtime":1503,"items_purged":["Strike_R","Strike_R"],"score":646,"play_id":"ac41002c-c29a-43ba-bd80-1efa863db5e9","local_time":"20210131013210","is_ascension_mode":true,"campfire_choices":[{"data":"Bash","floor":6.0,"key":"SMITH"},{"data":"Clothesline","floor":8.0,"key":"SMITH"},{"floor":10.0,"key":"REST"},{"data":"Uppercut","floor":15.0,"key":"SMITH"},{"data":"True Grit","floor":24.0,"key":"SMITH"},{"floor":29,"key":"REST"},{"floor":32,"key":"REST"}],"circlet_count":0,"master_deck":["AscendersBane","Strike_R","Defend_R","Defend_R","Defend_R","Bash+1","Sentinel+1","Impervious+1","Rampage+1","Headbutt","Clothesline+1","Dropkick","Shrug It Off","Dropkick","Uppercut+1","Offering","True Grit+1","True Grit","Second Wind","Anger","Feel No Pain"],"relics":["Astrolabe","Golden Idol","Centennial Puzzle","Gremlin Horn","Akabeko","Runic Pyramid","Shuriken","Ancient Tea Set","Letter Opener","Thread and Needle"],"acts_visited":["Exordium","TheCity"],"potions_floor_usage":[31],"damage_taken":[{"damage":10.0,"enemies":"Small Slimes","floor":1.0,"turns":4.0},{"damage":0.0,"enemies":"2 Louse","floor":4.0,"turns":4.0},{"damage":0.0,"enemies":"Cultist","floor":5.0,"turns":3.0},{"damage":39.0,"enemies":"3 Sentries","floor":7.0,"turns":9.0},{"damage":10.0,"enemies":"2 Fungi Beasts","floor":11.0,"turns":3.0},{"damage":0.0,"enemies":"Large Slime","floor":12.0,"turns":4.0},{"damage":7.0,"enemies":"Gremlin Nob","floor":13.0,"turns":4.0},{"damage":3.0,"enemies":"Looter","floor":14.0,"turns":3.0},{"damage":20.0,"enemies":"Hexaghost","floor":16.0,"turns":9.0},{"damage":9.0,"enemies":"3 Byrds","floor":18.0,"turns":6.0},{"damage":14.0,"enemies":"2 Thieves","floor":19.0,"turns":4.0},{"damage":13.0,"enemies":"Book of Stabbing","floor":23.0,"turns":5.0},{"damage":6,"enemies":"Gremlin Leader","floor":27,"turns":4},{"damage":6,"enemies":"Sentry and Sphere","floor":28,"turns":4},{"damage":0,"enemies":"Snecko","floor":30,"turns":4},{"damage":20,"enemies":"Book of Stabbing","floor":31,"turns":5},{"damage":26,"enemies":"Collector","floor":33,"turns":2}],"seed_played":"2341120220333985131","potions_obtained":[{"floor":4.0,"key":"FearPotion"},{"floor":7.0,"key":"Energy Potion"},{"floor":13.0,"key":"SmokeBomb"},{"floor":23.0,"key":"Block Potion"}],"is_trial":false,"path_per_floor":["M","?","?","M","M","R","E","R","T","R","M","M","E","M","R","B",null,"M","M","?","$","?","E","R","$","T","E","M","R","M","E","R","B"],"character_chosen":"IRONCLAD","items_purchased":["Shuriken"],"campfire_rested":3,"item_purchase_floors":[21],"current_hp_per_floor":[58,58,68,68,68,68,29,29,29,49,39,39,32,29,29,9,53,44,30,30,30,30,17,17,17,17,11,5,25,25,5,25,0,0],"gold":201,"neow_bonus":"BOSS_RELIC","is_daily":false,"chose_seed":false,"campfire_upgraded":4,"win_rate":0.0,"timestamp":1612027930,"path_taken":["M","?","?","M","M","R","E","R","T","R","M","M","E","?","R","BOSS","M","M","?","$","?","E","R","$","T","E","M","R","M","E","R","BOSS"],"items_purchased_type":["Relic"],"build_version":"2020-12-22","purchased_purges":2,"victory":false,"max_hp_per_floor":[75,68,68,68,68,68,68,68,68,68,68,68,68,68,68,68,68,68,68,68,68,68,68,68,68,68,68,68,68,68,68,68,68,68],"relic_stats":{"Centennial Puzzle":[33],"Gremlin Horn":[10,10],"counters":[17,77],"Golden Idol":95,"Shuriken":[12],"Astrolabe":["Sentinel","Impervious","Rampage"],"Letter Opener":[15],"obtain_stats":[{"Centennial Puzzle":7,"Gremlin Horn":9,"Golden Idol":2,"Shuriken":21,"Astrolabe":0,"Thread and Needle":31,"Letter Opener":27,"Ancient Tea Set":23,"Burning Blood":0,"Akabeko":13,"Runic Pyramid":17},{"Centennial Puzzle":4,"Gremlin Horn":4,"Golden Idol":1,"Shuriken":11,"Astrolabe":0,"Thread and Needle":16,"Letter Opener":13,"Ancient Tea Set":12,"Burning Blood":0,"Akabeko":7,"Runic Pyramid":9},{"Centennial Puzzle":20,"Gremlin Horn":20,"Golden Idol":4,"Shuriken":53,"Astrolabe":0,"Thread and Needle":75,"Letter Opener":62,"Ancient Tea Set":58,"Burning Blood":0,"Akabeko":31,"Runic Pyramid":43}]},"card_choices":[{"not_picked":["Flex","Reckless Charge","Havoc"],"picked":"SKIP","floor":1.0},{"not_picked":["Warcry","True Grit"],"picked":"Headbutt","floor":4.0},{"not_picked":["Flex","Havoc","Armaments"],"picked":"SKIP","floor":5.0},{"not_picked":["Rupture","Warcry"],"picked":"Clothesline","floor":7.0},{"not_picked":["Rage","Shrug It Off"],"picked":"Dropkick","floor":11.0},{"not_picked":["Second Wind","Bloodletting"],"picked":"Shrug It Off","floor":12.0},{"not_picked":["Body Slam","Twin Strike"],"picked":"Dropkick","floor":13.0},{"not_picked":["Cleave","Thunderclap"],"picked":"Uppercut","floor":14.0},{"not_picked":["Reaper","Berserk"],"picked":"Offering","floor":16.0},{"not_picked":["Iron Wave","Perfected Strike","Heavy Blade"],"picked":"SKIP","floor":18.0},{"not_picked":["Clothesline","Havoc","Twin Strike"],"picked":"SKIP","floor":19.0},{"not_picked":["Evolve","Blood for Blood"],"picked":"True Grit","floor":23.0},{"not_picked":["Barricade","Pummel"],"picked":"True Grit","floor":27},{"not_picked":["Anger","Seeing Red"],"picked":"Second Wind","floor":28},{"not_picked":["Armaments","Havoc"],"picked":"Anger","floor":30},{"not_picked":["Intimidate+1","Heavy Blade"],"picked":"Feel No Pain","floor":31}],"player_experience":1172899,"relics_obtained":[{"floor":7.0,"key":"Centennial Puzzle"},{"floor":9.0,"key":"Gremlin Horn"},{"floor":13.0,"key":"Akabeko"},{"floor":23.0,"key":"Ancient Tea Set"},{"floor":27,"key":"Letter Opener"},{"floor":31,"key":"Thread and Needle"}],"event_choices":[{"damage_healed":0.0,"max_hp_gain":0.0,"max_hp_loss":7.0,"gold_gain":0.0,"event_name":"Golden Idol","player_choice":"Lose Max HP","floor":2.0,"gold_loss":0.0,"damage_taken":0.0,"relics_obtained":["Golden Idol"]},{"damage_healed":10.0,"max_hp_gain":0.0,"max_hp_loss":0.0,"gold_gain":0.0,"event_name":"Wheel of Change","player_choice":"Full Heal","floor":3.0,"gold_loss":0.0,"damage_taken":0.0},{"damage_healed":0.0,"max_hp_gain":0.0,"max_hp_loss":0.0,"gold_gain":0.0,"event_name":"The Mausoleum","player_choice":"Ignored","floor":20.0,"gold_loss":0.0,"damage_taken":0.0},{"damage_healed":0.0,"max_hp_gain":0.0,"max_hp_loss":0.0,"gold_gain":0.0,"event_name":"Vampires","player_choice":"Ignored","floor":22.0,"gold_loss":0.0,"damage_taken":0.0}],"is_beta":false,"boss_relics":[{"not_picked":["Runic Dome","Tiny House"],"picked":"Runic Pyramid"}],"items_purged_floors":[21,25],"is_endless":false,"potions_floor_spawned":[4,7,13,16,18,23,30],"killed_by":"Collector","ascension_level":18}}