{"host":"gbbz8f5svnnpwo8d","time":1612049224,"event":{"mods":["AchievementEnabler","AlwaysNeverKeys","BaseMod","Bestiary","Better Altar","Better Match","Better Note","Better Sensory Stone","Better Silent Start","Better Skull","Better Third Choice","Better Vampires","Better-Laid Plans","BetterRewards","Block Reminder","Colored Map","Colored Powertips","Curses Come First","Dark Map","Displayed Cursed Tome","GifTheSpireLib","Minty Spire (QoL Compilation)","MonsterHotkey","Permanent Neow","Potion Indicator Mod","Quick Restart","Random Character Button","Rare Cards Sparkle","Relic Stats","Reliquary","Shop Mod","Spicy Shops","Spire Birthday Party","StSLib","Transform Curses"],"gold_per_floor":[116,116,126,0,0,0,30,30,110,125,79,79,93,109,109,210,210,220,220,420,435,234,234,5,18,18,30,49,65,65,65,65,65,65],"floor_reached":33,"language":"ENG","playtime":1314,"items_purged":["Strike_B","Strike_B"],"score":347,"play_id":"b1a38db9-b89e-47cd-9221-ace235d891c7","local_time":"20210130162704","is_ascension_mode":false,"campfire_choices":[{"floor":6.0,"key":"REST"},{"floor":8.0,"key":"REST"},{"data":"Trip","floor":12.0,"key":"SMITH"},{"data":"Hologram","floor":15.0,"key":"SMITH"},{"data":"Secret Weapon","floor":23.0,"key":"SMITH"},{"floor":32,"key":"REST"}],"circlet_count":0,"master_deck":["Defend_B","Defend_B","Defend_B","Defend_B","Zap+1","Dualcast","Panache+1","Trip+1","Hologram+1","Gash","Steam","Leap","Secret Weapon+1","Steam","Enlightenment","Beam Cell","Hologram","Echo Form","Beam Cell","Finesse","Coolheaded","Turbo","Defragment"],"relics":["Cracked Core","Turnip","Ice Cream","Nunchaku","Nunchaku","Busted Crown","Juzu Bracelet","reliquary:TridentHead"],"acts_visited":["Exordium","TheCity"],"potions_floor_usage":[27,28,29,33],"damage_taken":[{"damage":11.0,"enemies":"Jaw Worm","floor":1.0,"turns":2.0},{"damage":0.0,"enemies":"2 Louse","floor":3.0,"turns":2.0},{"damage":34.0,"enemies":"Gremlin Nob","floor":7.0,"turns":5.0},{"damage":0.0,"enemies":"Small Slimes","floor":10.0,"turns":2.0},{"damage":0.0,"enemies":"Looter","floor":13.0,"turns":2.0},{"damage":0.0,"enemies":"2 Fungi Beasts","floor":14.0,"turns":3.0},{"damage":20.0,"enemies":"Hexaghost","floor":16.0,"turns":10.0},{"damage":4.0,"enemies":"Spheric Guardian","floor":18.0,"turns":4.0},{"damage":14.0,"enemies":"Shell Parasite","floor":21.0,"turns":5.0},{"damage":17,"enemies":"Shelled Parasite and Fungi","floor":25,"turns":6},{"damage":1,"enemies":"Snake Plant","floor":27,"turns":4},{"damage":44,"enemies":"Cultist and Chosen","floor":28,"turns":8},{"damage":0,"enemies":"Sentry and Sphere","floor":29,"turns":3},{"damage":29,"enemies":"Champ","floor":33,"turns":8}],"seed_played":"-5123692438721254993","potions_obtained":[{"floor":7.0,"key":"SkillPotion"},{"floor":10.0,"key":"DuplicationPotion"},{"floor":25,"key":"Block Potion"},{"floor":28,"key":"AttackPotion"},{"floor":29,"key":"ColorlessPotion"}],"is_trial":false,"path_per_floor":["M","?","M","?","?","R","E","R","T","M","$","R","M","M","R","B",null,"M","?","?","M","$","R","$","M","T","M","M","M","?","?","R","B"],"character_chosen":"DEFECT","items_purchased":["Panache","Trip","Ice Cream","Hologram","Gash","Steam","Beam Cell","Juzu Bracelet","Beam Cell","Finesse"],"campfire_rested":3,"item_purchase_floors":[0,0,0,0,0,0,11,22,22,24],"current_hp_per_floor":[31,31,31,37,37,61,27,51,51,51,51,51,51,51,51,31,81,77,77,77,63,63,63,63,46,46,45,1,1,1,1,25,0,0],"gold":65,"neow_bonus":"","is_daily":false,"chose_seed":false,"campfire_upgraded":3,"win_rate":0.0,"timestamp":1612049224,"path_taken":["M","?","M","?","?","R","E","R","T","?","$","R","M","M","R","BOSS","M","?","?","?","?","R","$","M","T","M","M","M","?","?","R","BOSS"],"items_purchased_type":["Card","Card","Relic","Card","Card","Card","Card","Relic","Card","Card"],"build_version":"2020-12-22","purchased_purges":2,"victory":false,"max_hp_per_floor":[75,75,75,81,81,81,81,81,81,81,81,81,81,81,81,81,81,81,81,81,81,81,81,81,81,81,81,81,81,81,81,81,81,81],"relic_stats":{"Nunchaku":[18],"Busted Crown":60,"counters":[139,623],"Turnip":[19],"Juzu Bracelet":0,"obtain_stats":[{"Ice Cream":48,"Calipers":12,"Runic Capacitor":22,"Whetstone":54,"Ginger":46,"Bottled Tornado":45,"Boot":26,"Old Coin":46,"Blood Vial":26,"Lizard Tail":0,"HornCleat":23,"DollysMirror":0,"Strawberry":9,"Toxic Egg 2":2,"Girya":37,"MerchantsRug":37,"Pear":43,"Happy Flower":7,"Oddly Smooth Stone":54,"Eternal Feather":9,"Pen Nib":0,"Letter Opener":29,"Question Card":0,"Akabeko":12,"Cables":42,"SlaversCollar":17,"Bottled Flame":40,"Bronze Scales":54,"reliquary:SculptingSteel":9,"Symbiotic Virus":25,"Meat on the Bone":10,"Lantern":0,"Torii":0,"SacredBark":34,"StoneCalendar":36,"Bag of Preparation":30,"Juzu Bracelet":22,"Empty Cage":34,"Cursed Key":17,"Ancient Tea Set":19,"reliquary:TridentHead":26,"Emotion Chip":0,"Nunchaku":9,"Dream Catcher":31,"Matryoshka":25,"Mummified Hand":3,"Gambling Chip":14,"Tiny Chest":3,"WingedGreaves":30,"Red Mask":38,"Cracked Core":0,"InkBottle":43,"Potion Belt":21,"Lee\u0027s Waffle":0,"Golden Idol":11,"Thread and Needle":9,"PreservedInsect":0,"Frozen Egg 2":9,"Nuclear Battery":17,"Mercury Hourglass":9,"Anchor":26,"DataDisk":53,"Busted Crown":34,"Ornamental Fan":0,"Bloody Idol":28,"Turnip":13,"Ectoplasm":17,"Art of War":26,"Bag of Marbles":8,"Bottled Lightning":53,"Toy Ornithopter":4},{"Ice Cream":30,"Calipers":53,"Runic Capacitor":66,"Whetstone":79,"Ginger":121,"Bottled Tornado":28,"Boot":44,"Old Coin":76,"Blood Vial":92,"Lizard Tail":80,"HornCleat":67,"DollysMirror":47,"Strawberry":85,"Toxic Egg 2":56,"Girya":27,"MerchantsRug":73,"Pear":100,"Happy Flower":4,"Oddly Smooth Stone":124,"Eternal Feather":4,"Pen Nib":47,"Letter Opener":116,"Question Card":55,"Akabeko":39,"Cables":74,"SlaversCollar":7,"Bottled Flame":99,"Bronze Scales":32,"reliquary:SculptingSteel":128,"Symbiotic Virus":68,"Meat on the Bone":5,"Lantern":55,"Torii":104,"SacredBark":71,"StoneCalendar":97,"Bag of Preparation":69,"Juzu Bracelet":134,"Empty Cage":25,"Cursed Key":41,"Ancient Tea Set":89,"reliquary:TridentHead":135,"Emotion Chip":0,"Nunchaku":38,"Dream Catcher":95,"Matryoshka":44,"Mummified Hand":49,"Gambling Chip":109,"Tiny Chest":81,"WingedGreaves":116,"Red Mask":97,"Cracked Core":0,"InkBottle":27,"Potion Belt":42,"Lee\u0027s Waffle":33,"Golden Idol":5,"Thread and Needle":53,"PreservedInsect":0,"Frozen Egg 2":15,"Nuclear Battery":19,"Mercury Hourglass":58,"Anchor":68,"DataDisk":78,"Busted Crown":117,"Ornamental Fan":0,"Bloody Idol":23,"Turnip":54,"Ectoplasm":88,"Art of War":22,"Bag of Marbles":85,"Bottled Lightning":78,"Toy Ornithopter":35},{"Ice Cream":146,"Calipers":262,"Runic Capacitor":311,"Whetstone":390,"Ginger":540,"Bottled Tornado":134,"Boot":227,"Old Coin":364,"Blood Vial":432,"Lizard Tail":401,"HornCleat":318,"DollysMirror":243,"Strawberry":411,"Toxic Egg 2":274,"Girya":121,"MerchantsRug":349,"Pear":456,"Happy Flower":12,"Oddly Smooth Stone":553,"Eternal Feather":12,"Pen Nib":243,"Letter Opener":515,"Question Card":271,"Akabeko":195,"Cables":354,"SlaversCollar":26,"Bottled Flame":451,"Bronze Scales":170,"reliquary:SculptingSteel":568,"Symbiotic Virus":324,"Meat on the Bone":15,"Lantern":271,"Torii":477,"SacredBark":342,"StoneCalendar":446,"Bag of Preparation":329,"Juzu Bracelet":594,"Empty Cage":106,"Cursed Key":211,"Ancient Tea Set":425,"reliquary:TridentHead":600,"Emotion Chip":0,"Nunchaku":192,"Dream Catcher":436,"Matryoshka":227,"Mummified Hand":248,"Gambling Chip":488,"Tiny Chest":403,"WingedGreaves":515,"Red Mask":446,"Cracked Core":0,"InkBottle":121,"Potion Belt":215,"Lee\u0027s Waffle":176,"Golden Idol":15,"Thread and Needle":262,"PreservedInsect":0,"Frozen Egg 2":51,"Nuclear Battery":66,"Mercury Hourglass":278,"Anchor":324,"DataDisk":382,"Busted Crown":521,"Ornamental Fan":0,"Bloody Idol":91,"Turnip":270,"Ectoplasm":423,"Art of War":85,"Bag of Marbles":411,"Bottled Lightning":382,"Toy Ornithopter":182}]},"card_choices":[{"not_picked":["Compile Driver","Auto Shields"],"picked":"Leap","floor":1.0},{"not_picked":["Jack Of All Trades","Thinking Ahead"],"picked":"Secret Weapon","floor":2.0},{"not_picked":["Double Energy","Streamline"],"picked":"Steam","floor":3.0},{"not_picked":["Blizzard","Rebound","Streamline"],"picked":"SKIP","floor":7.0},{"not_picked":["Rebound","Turbo","Storm"],"picked":"SKIP","floor":10.0},{"not_picked":["Defragment","Cold Snap"],"picked":"Hologram","floor":13.0},{"not_picked":["Rebound","Compile Driver","Thunder Strike"],"picked":"SKIP","floor":14.0},{"not_picked":["Amplify","Thunder Strike"],"picked":"Echo Form","floor":16.0},{"not_picked":["Streamline"],"picked":"SKIP","floor":18.0},{"not_picked":["Barrage"],"picked":"SKIP","floor":21.0},{"not_picked":["Hologram"],"picked":"SKIP","floor":25},{"not_picked":["Hologram"],"picked":"SKIP","floor":27},{"not_picked":[],"picked":"Coolheaded","floor":28},{"not_picked":[],"picked":"Turbo","floor":29}],"player_experience":3647625,"relics_obtained":[{"floor":7.0,"key":"Nunchaku"},{"floor":9.0,"key":"reliquary:SculptingSteel"},{"floor":26,"key":"reliquary:TridentHead"}],"event_choices":[{"damage_healed":0.0,"max_hp_gain":0.0,"max_hp_loss":0.0,"gold_gain":1.0,"event_name":"betterStone:BetterStone","player_choice":"1","floor":2.0,"gold_loss":0.0,"damage_taken":0.0},{"damage_healed":0.0,"max_hp_gain":0.0,"max_hp_loss":0.0,"gold_gain":0.0,"event_name":"betterThird:BetterSerpent","player_choice":"RENOUNCE","floor":4.0,"gold_loss":126.0,"damage_taken":126.0,"cards_obtained":["Enlightenment"]},{"damage_healed":0.0,"max_hp_gain":0.0,"max_hp_loss":0.0,"gold_gain":0.0,"event_name":"Living Wall","player_choice":"Grow","floor":5.0,"gold_loss":0.0,"damage_taken":0.0,"cards_upgraded":["Zap"]},{"damage_healed":0.0,"max_hp_gain":0.0,"max_hp_loss":0.0,"gold_gain":0.0,"event_name":"Accursed Blacksmith","player_choice":"Forge","floor":19.0,"gold_loss":0.0,"damage_taken":0.0,"cards_upgraded":["Panache"]},{"damage_healed":0.0,"max_hp_gain":0.0,"max_hp_loss":0.0,"gold_gain":200.0,"event_name":"Wheel of Change","player_choice":"Gold","floor":20.0,"gold_loss":0.0,"damage_taken":0.0},{"cards_removed":["Strike_B"],"damage_healed":0,"gold_gain":0,"player_choice":"Purged","damage_taken":0,"max_hp_gain":0,"max_hp_loss":0,"event_name":"Purifier","floor":30,"gold_loss":0},{"damage_healed":0,"gold_gain":0,"cards_transformed":["Strike_B"],"player_choice":"Transformed","damage_taken":0,"max_hp_gain":0,"max_hp_loss":0,"event_name":"Transmorgrifier","floor":31,"gold_loss":0,"cards_obtained":["Defragment"]}],"is_beta":false,"boss_relics":[{"not_picked":["FrozenCore","Nuclear Battery"],"picked":"Busted Crown"}],"items_purged_floors":[22,24],"is_endless":false,"potions_floor_spawned":[7,10,13,25,28,29],"killed_by":"Champ","ascension_level":0}}