{"host":"ueu9p0h3qc1t2vnw","time":1612049813,"event":{"mods":["BaseMod","Colored Map","Downfall","Highlight Path","Minty Spire (QoL Compilation)","StSLib"],"gold_per_floor":[99,117,135,120,137,53,53,53,67,94,94,106,106,122,136,241,291,291,391,469,469,479,101,101,118,118,150,235,235,269,293,324,438,450,362,387,419,447,348,365,365,395,395,410,310,330,330,360,371,371],"floor_reached":51,"language":"ENG","playtime":3854,"items_purged":["hexamod:Defend","hexamod:Strike"],"score":812,"play_id":"fba87aaf-66ff-45fb-bfd8-2e2fa8ab4bc8","local_time":"20210130143653","is_ascension_mode":true,"campfire_choices":[{"data":"hexamod:Float","floor":1.0,"key":"SMITH"},{"data":"hexamod:FlameSwitch","floor":8.0,"key":"SMITH"},{"data":"hexamod:RainOfEmbers","floor":11.0,"key":"SMITH"},{"data":"hexamod:RadiantFlame","floor":13.0,"key":"SMITH"},{"data":"hexamod:ApocalypticArmor","floor":18.0,"key":"SMITH"},{"floor":26.0,"key":"REST"},{"floor":29.0,"key":"REST"},{"data":"hexamod:WildfireWeapon","floor":35,"key":"SMITH"},{"floor":45,"key":"REST"},{"data":"expansioncontent:StudyTheSpire","floor":47,"key":"SMITH"}],"circlet_count":0,"master_deck":["hexamod:Strike","hexamod:Strike","hexamod:Strike","hexamod:Defend","hexamod:Defend","hexamod:Defend","hexamod:Sear","hexamod:Float+1","hexamod:RainOfEmbers+1","hexamod:SoulSteal","hexamod:FastForward","hexamod:RadiantFlame+1","hexamod:FlameSwitch+1","hexamod:FlamesFromBeyond","hexamod:TimeWarp","hexamod:SoulSteal","hexamod:FlamesFromBeyond+1","hexamod:ApocalypticArmor+1","hexamod:PhantomCloak+1","hexamod:AdvancingGuard+1","hexamod:NightmareGuise+1","hexamod:PhantomFireball","hexamod:Incineration+1","hexamod:WildfireWeapon+1","hexamod:ThermalTransfer+1","hexamod:NightmareGuise+1","hexamod:GhostflameBarrier+1","expansioncontent:StudyTheSpire+1","Parasite"],"relics":["hexamod:SpiritBrand","Potion Belt","StrikeDummy","Art of War","Tiny House","InkBottle","Toxic Egg 2","Gremlin Horn","Centennial Puzzle","MawBank","sneckomod:SneckoTalon","downfall:HeartBlessingGreen","Bag of Preparation","Regal Pillow","downfall:HeartBlessingBlue","Calipers"],"acts_visited":["Exordium","TheCity","TheBeyond"],"potions_floor_usage":[33,33,42,44,50,50,50],"damage_taken":[{"damage":8.0,"enemies":"2 Louse","floor":2.0,"turns":3.0},{"damage":1.0,"enemies":"Jaw Worm","floor":3.0,"turns":3.0},{"damage":0.0,"enemies":"downfall:FleeingMerchant","floor":4.0,"turns":4.0},{"damage":0.0,"enemies":"Small Slimes","floor":5.0,"turns":3.0},{"damage":5.0,"enemies":"downfall:FleeingMerchant","floor":6.0,"turns":4.0},{"damage":5.0,"enemies":"2 Fungi Beasts","floor":9.0,"turns":4.0},{"damage":16.0,"enemies":"Lagavulin","floor":10.0,"turns":6.0},{"damage":4.0,"enemies":"Blue Slaver","floor":12.0,"turns":3.0},{"damage":6.0,"enemies":"Large Slime","floor":14.0,"turns":5.0},{"damage":0.0,"enemies":"Red Slaver","floor":15.0,"turns":3.0},{"damage":18.0,"enemies":"WA_ARCHETYPE_RETAIN","floor":16.0,"turns":5.0},{"damage":0.0,"enemies":"Chosen","floor":22.0,"turns":3.0},{"damage":10.0,"enemies":"downfall:FleeingMerchant","floor":23.0,"turns":4.0},{"damage":9.0,"enemies":"Snake Plant","floor":25.0,"turns":4.0},{"damage":25.0,"enemies":"Gremlin Leader","floor":27.0,"turns":5.0},{"damage":3,"enemies":"Book of Stabbing","floor":30,"turns":5},{"damage":2,"enemies":"3 Cultists","floor":31,"turns":3},{"damage":4,"enemies":"Centurion and Healer","floor":32,"turns":4},{"damage":16,"enemies":"IC_MUSHROOM_ARCHETYPE","floor":33,"turns":5},{"damage":16,"enemies":"3 Darklings","floor":36,"turns":3},{"damage":1,"enemies":"Orb Walker","floor":37,"turns":3},{"damage":13,"enemies":"3 Darklings","floor":38,"turns":3},{"damage":0,"enemies":"downfall:FleeingMerchant","floor":39,"turns":1},{"damage":2,"enemies":"Spire Growth","floor":40,"turns":5},{"damage":21,"enemies":"Reptomancer","floor":42,"turns":6},{"damage":15,"enemies":"Transient","floor":44,"turns":6},{"damage":3,"enemies":"Writhing Mass","floor":46,"turns":6},{"damage":37,"enemies":"Giant Head","floor":48,"turns":9},{"damage":0,"enemies":"Jaw Worm Horde","floor":49,"turns":3},{"damage":17,"enemies":"DF_ARCHETYPE_ORBS","floor":50,"turns":11}],"seed_played":"6150562021730523776","potions_obtained":[{"floor":2.0,"key":"hexamod:DoubleChargePotion"},{"floor":3.0,"key":"Fruit Juice"},{"floor":9.0,"key":"Ancient Potion"},{"floor":10.0,"key":"champ:CounterPotion"},{"floor":12.0,"key":"champ:CounterPotion"},{"floor":15.0,"key":"Swift Potion"},{"floor":17.0,"key":"FairyPotion"},{"floor":25.0,"key":"FearPotion"},{"floor":27.0,"key":"Weak Potion"},{"floor":31,"key":"LiquidBronze"},{"floor":32,"key":"hexamod:SoulburnPotion"},{"floor":38,"key":"SteroidPotion"},{"floor":42,"key":"ColorlessPotion"},{"floor":46,"key":"GamblersBrew"}],"is_trial":false,"path_per_floor":["R","M","M","$","M","$","T","R","M","E","R","M","R","M","M","B",null,"R","?","T","?","M","$","T","M","R","E","?","R","E","M","M","B",null,"R","M","M","M","$","M","T","E","?","M","R","M","R","E","M","B",null],"character_chosen":"THE_SPIRIT","items_purchased":["hexamod:FlameSwitch","Toxic Egg 2","hexamod:NightmareGuise+1","hexamod:GhostflameBarrier+1","expansioncontent:StudyTheSpire","Bag of Preparation"],"campfire_rested":3,"item_purchase_floors":[6,23,23,39,39,39],"current_hp_per_floor":[70,62,66,66,66,61,61,61,56,40,40,36,36,30,30,12,80,80,80,80,65,65,55,55,46,71,46,32,57,54,52,48,32,85,85,69,68,55,55,53,53,32,32,17,70,67,67,30,30,13],"gold":371,"neow_bonus":"RANDOM_COMMON_RELIC","is_daily":false,"chose_seed":false,"campfire_upgraded":7,"win_rate":0.0,"timestamp":1612049813,"path_taken":["R","M","M","$","M","$","T","R","M","E","R","M","R","M","M","BOSS","R","?","?","?","M","$","T","M","R","E","?","R","E","M","M","BOSS","R","M","M","M","$","M","T","E","?","M","R","M","R","E","M","BOSS"],"items_purchased_type":["Card","Relic","Card","Card","Card","Relic"],"build_version":"2020-12-22","purchased_purges":2,"victory":true,"max_hp_per_floor":[70,70,75,75,75,75,75,75,75,75,75,75,75,75,75,75,80,80,80,80,85,85,85,85,85,85,85,85,85,85,85,85,85,85,85,85,85,85,85,85,85,85,85,85,95,95,95,95,95,95],"card_choices":[{"not_picked":["hexamod:HeatMetal","hexamod:GhostLash"],"picked":"hexamod:RainOfEmbers","floor":2.0},{"not_picked":["hexamod:HauntingEcho","hexamod:PhantomCloak"],"picked":"hexamod:SoulSteal","floor":3.0},{"not_picked":["hexamod:GhostLash","hexamod:CatchUp","hexamod:GhostShield"],"picked":"SKIP","floor":4.0},{"not_picked":["hexamod:Firestarter","hexamod:ThirdSeal"],"picked":"hexamod:FastForward","floor":5.0},{"not_picked":["hexamod:FastForward","hexamod:ThermalTransfer"],"picked":"hexamod:RadiantFlame","floor":6.0},{"not_picked":["hexamod:SuperheatedStrike","hexamod:HauntingEcho"],"picked":"hexamod:FlamesFromBeyond","floor":9.0},{"not_picked":["hexamod:FastForward","hexamod:HauntingEcho"],"picked":"hexamod:TimeWarp","floor":10.0},{"not_picked":["hexamod:NightmareStrike","hexamod:Haunt"],"picked":"hexamod:SoulSteal","floor":12.0},{"not_picked":["hexamod:SwordOfDarkness","hexamod:GhostLash"],"picked":"hexamod:FlamesFromBeyond","floor":14.0},{"not_picked":["hexamod:GhostShield","hexamod:Firestarter","hexamod:Again"],"picked":"SKIP","floor":15.0},{"not_picked":["hexamod:ParanormalForm","hexamod:FlameSwitch"],"picked":"hexamod:ApocalypticArmor","floor":16.0},{"not_picked":["hexamod:EmpoweredFlame","hexamod:BurningTouch"],"picked":"hexamod:PhantomCloak+1","floor":22.0},{"not_picked":["hexamod:ThirdSeal","hexamod:BacktrackSmack+1"],"picked":"hexamod:AdvancingGuard+1","floor":23.0},{"not_picked":["hexamod:DynamicBlow","hexamod:SwordOfDarkness"],"picked":"hexamod:PhantomFireball","floor":25.0},{"not_picked":["hexamod:GhostLash","hexamod:GhostOfSpirePast","hexamod:HeatMetal"],"picked":"SKIP","floor":27.0},{"not_picked":["hexamod:HauntingEcho","hexamod:Firestarter","hexamod:EtherealExpedition+1"],"picked":"SKIP","floor":30},{"not_picked":["hexamod:SoulSteal+1","hexamod:HauntingEcho+1","hexamod:ShieldOfDarkness+1"],"picked":"SKIP","floor":31},{"not_picked":["hexamod:GhostLash","hexamod:NightmareStrike"],"picked":"hexamod:Incineration+1","floor":32},{"not_picked":["hexamod:ParanormalForm","hexamod:Toasty"],"picked":"hexamod:WildfireWeapon","floor":33},{"not_picked":["hexamod:Haunt+1","hexamod:RainOfEmbers+1"],"picked":"hexamod:ThermalTransfer+1","floor":36},{"not_picked":["hexamod:BurningTouch+1","hexamod:GhostLash"],"picked":"hexamod:NightmareGuise+1","floor":37},{"not_picked":["hexamod:GhostOfSpirePast+1","hexamod:FourthSeal","hexamod:SpectersWail+1"],"picked":"SKIP","floor":38},{"not_picked":["hexamod:FirstSeal","hexamod:BacktrackSmack","hexamod:GhostOfSpirePast+1"],"picked":"SKIP","floor":39},{"not_picked":["hexamod:FlamesFromBeyond+1","hexamod:WildfireWeapon","hexamod:Rewind+1"],"picked":"SKIP","floor":40},{"not_picked":["hexamod:GhostLash","hexamod:NightmareGuise+1","hexamod:NecessarySacrifice+1"],"picked":"SKIP","floor":42},{"not_picked":["hexamod:HeatMetal+1","hexamod:Firestarter+1","hexamod:SpectersWail"],"picked":"SKIP","floor":44},{"not_picked":["hexamod:FlamesFromBeyond+1","hexamod:NightmareStrike","hexamod:InspiringFlames+1"],"picked":"SKIP","floor":46},{"not_picked":["hexamod:RainOfEmbers","hexamod:SecondSeal","hexamod:TimeWarp"],"picked":"SKIP","floor":48},{"not_picked":["hexamod:FastForward+1","hexamod:DynamicBlow+1","hexamod:NightmareGuise+1"],"picked":"SKIP","floor":49}],"player_experience":858483,"relics_obtained":[{"floor":7.0,"key":"StrikeDummy"},{"floor":10.0,"key":"Art of War"},{"floor":20.0,"key":"InkBottle"},{"floor":24.0,"key":"Gremlin Horn"},{"floor":27.0,"key":"Centennial Puzzle"},{"floor":30,"key":"MawBank"},{"floor":42,"key":"Regal Pillow"},{"floor":48,"key":"Calipers"}],"event_choices":[],"is_beta":false,"boss_relics":[{"not_picked":["hexamod:IceCube","Runic Pyramid"],"picked":"Tiny House"},{"not_picked":["Black Star","Coffee Dripper"],"picked":"sneckomod:SneckoTalon"}],"items_purged_floors":[23,39],"is_endless":false,"potions_floor_spawned":[2,3,9,10,12,15,25,27,31,32,38,42,46],"ascension_level":1}}