{"host":"8am31i0j9qpslrrv","time":1612045610,"event":{"mods":["BaseMod","Curses Come First","Minty Spire (QoL Compilation)","Quick Restart","Replay The Spire","StSLib"],"gold_per_floor":[112,135,235,246,265,265,280,59,84,84,84,84,84,104,104,201,201,218,234,234,234,134,134,146,146,169,169,184,184,218,62,62,62,62],"floor_reached":33,"language":"ENG","playtime":1206,"items_purged":["Strike_R","Strike_R"],"score":303,"play_id":"95cc4bbc-5f6b-48f8-8e3a-35764e07fcdc","local_time":"20210130172650","is_ascension_mode":false,"campfire_choices":[{"data":"1","floor":6.0,"key":"LIFT"},{"data":"2","floor":10.0,"key":"LIFT"},{"data":"3","floor":12.0,"key":"LIFT"},{"data":"Defend_R","floor":15.0,"key":"PURGE"},{"data":"Massacre","floor":23.0,"key":"SMITH"},{"data":"Bash","floor":25.0,"key":"SMITH"},{"data":"Brutality","floor":27.0,"key":"SMITH"},{"data":"Rupture","floor":32.0,"key":"SMITH"}],"circlet_count":0,"master_deck":["Strike_R","Strike_R","Defend_R","Defend_R","Defend_R","Bash+1","Massacre+1","Brutality+1","Rupture+1"],"relics":["Burning Blood","Girya","King of Hearts","Pen Nib","Tiny Chest","Snecko Heart","Onion Ring","Replay:Mystery Machine","Ancient Tea Set","ClockworkSouvenir"],"acts_visited":["Exordium","TheCity"],"potions_floor_usage":[],"damage_taken":[{"damage":6.0,"enemies":"Cultist","floor":1.0,"turns":3.0},{"damage":6.0,"enemies":"Small Slimes","floor":4.0,"turns":4.0},{"damage":5.0,"enemies":"2 Louse","floor":5.0,"turns":3.0},{"damage":13.0,"enemies":"Exordium Wildlife","floor":7.0,"turns":4.0},{"damage":0.0,"enemies":"Large Slime","floor":14.0,"turns":2.0},{"damage":72.0,"enemies":"Fading Forest","floor":16.0,"turns":11.0},{"damage":25.0,"enemies":"2 Thieves","floor":18.0,"turns":4.0},{"damage":15.0,"enemies":"Spheric Guardian","floor":19.0,"turns":4.0},{"damage":11.0,"enemies":"Centurion and Healer","floor":24.0,"turns":4.0},{"damage":1.0,"enemies":"Sentry and Sphere","floor":28.0,"turns":2.0},{"damage":0.0,"enemies":"Book of Stabbing","floor":30.0,"turns":1.0},{"damage":69,"enemies":"Automaton","floor":33,"turns":6}],"seed_played":"6382422692957487407","potions_obtained":[{"floor":4.0,"key":"Adrenaline Potion"},{"floor":7.0,"key":"Explosive Potion"},{"floor":16.0,"key":"Cursed Concoction"}],"is_trial":false,"path_per_floor":["M","T","?","M","M","R","M","$","T","R","$","R","$","M","R","B",null,"M","M","?","T","$","R","M","R","T","R","M","?","E","$","R","B"],"character_chosen":"IRONCLAD","items_purchased":["Pen Nib","ClockworkSouvenir"],"campfire_rested":0,"item_purchase_floors":[8,31],"current_hp_per_floor":[72,72,72,72,72,72,65,65,65,65,65,65,65,71,71,15,72,53,44,44,44,44,44,39,39,39,39,44,44,50,50,50,0,0],"gold":62,"neow_bonus":"ONE_RARE_RELIC","is_daily":false,"chose_seed":false,"campfire_upgraded":4,"win_rate":0.0,"timestamp":1612045610,"path_taken":["M","?","?","M","M","R","?","?","T","R","?","R","$","M","R","BOSS","M","?","?","?","$","R","M","R","T","R","M","?","E","?","R","BOSS"],"items_purchased_type":["Relic","Relic"],"build_version":"2020-12-22","purchased_purges":2,"victory":false,"max_hp_per_floor":[72,72,72,72,72,72,72,72,72,72,72,72,72,72,72,72,72,72,72,72,72,72,72,72,72,72,72,72,72,72,72,72,72,72],"card_choices":[{"not_picked":["True Grit","Iron Wave"],"picked":"Massacre","floor":1.0},{"not_picked":["Dropkick","ReplayTheSpireMod:Strike From Hell","Bloodletting"],"picked":"SKIP","floor":4.0},{"not_picked":["ReplayTheSpireMod:Strike From Hell","Second Wind","Evolve"],"picked":"SKIP","floor":5.0},{"not_picked":["Cleave","Flame Barrier","Twin Strike"],"picked":"SKIP","floor":7.0},{"not_picked":["Wild Strike","Iron Wave","Replay:Undeath\u0027s Touch"],"picked":"SKIP","floor":14.0},{"not_picked":["Wild Strike","Iron Wave","Replay:Undeath\u0027s Touch"],"picked":"SKIP","floor":14.0},{"not_picked":["Bludgeon","Offering"],"picked":"Brutality","floor":16.0},{"not_picked":["Flex","Inflame","Carnage"],"picked":"SKIP","floor":18.0},{"not_picked":["ReplayReversal","Seeing Red+1","Dark Embrace"],"picked":"SKIP","floor":19.0},{"not_picked":["Perfected Strike","Evolve+1","Shrug It Off"],"picked":"SKIP","floor":24.0},{"not_picked":["Searing Blow","True Grit","Havoc"],"picked":"SKIP","floor":28.0},{"not_picked":["Warcry","Inflame+1"],"picked":"Rupture","floor":30.0}],"player_experience":781371,"relics_obtained":[{"floor":2.0,"key":"King of Hearts"},{"floor":9.0,"key":"Tiny Chest"},{"floor":21.0,"key":"Onion Ring"},{"floor":26.0,"key":"Replay:Mystery Machine"},{"floor":30.0,"key":"Ancient Tea Set"}],"event_choices":[{"damage_healed":0.0,"max_hp_gain":0.0,"max_hp_loss":0.0,"gold_gain":100.0,"event_name":"Golden Shrine","player_choice":"Pray","floor":3.0,"gold_loss":0.0,"damage_taken":0.0},{"cards_removed":["Strike_R"],"damage_healed":0.0,"max_hp_gain":0.0,"max_hp_loss":0.0,"gold_gain":0.0,"event_name":"Back to Basics","player_choice":"Elegance","floor":20.0,"gold_loss":0.0,"damage_taken":0.0},{"damage_healed":0.0,"max_hp_gain":0.0,"max_hp_loss":0.0,"gold_gain":0.0,"event_name":"Cursed Tome","player_choice":"Ignored","floor":29.0,"gold_loss":0.0,"damage_taken":0.0}],"is_beta":false,"boss_relics":[{"not_picked":["Calling Bell","Painkiller Herb"],"picked":"Snecko Heart"}],"items_purged_floors":[8,22],"is_endless":false,"potions_floor_spawned":[4,7,16,19,28],"killed_by":"Automaton","ascension_level":0}}