{"host":"d52brwsy6af8zvaq","time":1612042259,"event":{"mods":["AchievementEnabler","BaseMod","Bestiary","Highlight Path","Minty Spire (QoL Compilation)","Quick Restart","Relic Stats","ojb\u0027s Better Paths Mod"],"gold_per_floor":[20,34,34,50,63,96,96,130,157,172,8,8,8,26,26,103,103,121,133,183,183,200,200,200,200],"floor_reached":24,"language":"ENG","playtime":951,"items_purged":["Strike_G"],"score":416,"play_id":"c86a09a2-95dd-4ad0-9b92-e37b28084fad","local_time":"20210130143059","is_ascension_mode":true,"campfire_choices":[{"floor":7.0,"key":"REST"},{"data":"Bouncing Flask","floor":15.0,"key":"SMITH"},{"data":"Adrenaline","floor":23,"key":"SMITH"}],"circlet_count":0,"master_deck":["AscendersBane","Strike_G","Strike_G","Strike_G","Defend_G","Defend_G","Defend_G","Defend_G","Defend_G","Survivor","Neutralize","Blade Dance","Phantasmal Killer","Slice","Dash","Flying Knee","Terror","Cloak And Dagger","Bouncing Flask+1","Leg Sweep","Adrenaline+1","Deadly Poison","Writhe","Dash"],"relics":["Ring of the Snake","Bronze Scales","Akabeko","Lantern","Cursed Key","Toy Ornithopter"],"acts_visited":["Exordium","TheCity"],"potions_floor_usage":[24,24],"damage_taken":[{"damage":4.0,"enemies":"2 Louse","floor":1.0,"turns":7.0},{"damage":3.0,"enemies":"Small Slimes","floor":2.0,"turns":5.0},{"damage":4.0,"enemies":"Jaw Worm","floor":4.0,"turns":4.0},{"damage":1.0,"enemies":"Looter","floor":5.0,"turns":4.0},{"damage":31.0,"enemies":"Gremlin Nob","floor":6.0,"turns":4.0},{"damage":20.0,"enemies":"3 Sentries","floor":8.0,"turns":8.0},{"damage":3.0,"enemies":"3 Louse","floor":10.0,"turns":3.0},{"damage":0.0,"enemies":"2 Fungi Beasts","floor":14.0,"turns":2.0},{"damage":5.0,"enemies":"The Guardian","floor":16.0,"turns":9.0},{"damage":0.0,"enemies":"3 Byrds","floor":18.0,"turns":3.0},{"damage":7,"enemies":"Chosen","floor":19,"turns":4},{"damage":14,"enemies":"3 Cultists","floor":22,"turns":6},{"damage":54,"enemies":"Gremlin Leader","floor":24,"turns":5}],"seed_played":"-8634501927253087207","potions_obtained":[{"floor":2.0,"key":"PowerPotion"},{"floor":5.0,"key":"FearPotion"},{"floor":6.0,"key":"Strength Potion"},{"floor":19,"key":"FearPotion"}],"is_trial":false,"path_per_floor":["M","M","?","M","M","E","R","E","T","M","$","?","$","M","R","B",null,"M","M","?","?","M","R","E"],"character_chosen":"THE_SILENT","items_purchased":["Bouncing Flask"],"campfire_rested":1,"item_purchase_floors":[11],"current_hp_per_floor":[67,64,64,60,59,28,51,31,31,28,28,28,28,28,28,23,64,64,57,57,57,43,43,0,0],"gold":200,"neow_bonus":"TWENTY_PERCENT_HP_BONUS","is_daily":false,"chose_seed":false,"campfire_upgraded":2,"win_rate":0.0,"timestamp":1612042259,"path_taken":["M","M","?","M","M","E","R","E","T","M","$","?","$","M","R","BOSS","M","M","?","?","M","R","E"],"items_purchased_type":["Card"],"build_version":"2020-12-22","purchased_purges":1,"victory":false,"max_hp_per_floor":[78,78,78,78,78,78,78,78,78,78,78,78,78,78,78,78,78,78,78,78,78,78,78,78,78],"relic_stats":{"counters":[13,64],"Bronze Scales":[142],"Cursed Key":0,"obtain_stats":[{"Lantern":9,"Bronze Scales":6,"Cursed Key":17,"Akabeko":8,"Toy Ornithopter":21,"Ring of the Snake":0},{"Lantern":6,"Bronze Scales":5,"Cursed Key":9,"Akabeko":6,"Toy Ornithopter":11,"Ring of the Snake":0},{"Lantern":32,"Bronze Scales":24,"Cursed Key":46,"Akabeko":32,"Toy Ornithopter":53,"Ring of the Snake":0}],"Toy Ornithopter":10,"Ring of the Snake":[26]},"card_choices":[{"not_picked":["Poisoned Stab","Finisher"],"picked":"Blade Dance","floor":1.0},{"not_picked":["Distraction","Outmaneuver","Backflip"],"picked":"SKIP","floor":2.0},{"not_picked":["Endless Agony","Quick Slash"],"picked":"Slice","floor":4.0},{"not_picked":["Accuracy","Quick Slash"],"picked":"Dash","floor":5.0},{"not_picked":["Dagger Throw","Dodge and Roll"],"picked":"Flying Knee","floor":6.0},{"not_picked":["Skewer","Die Die Die"],"picked":"Terror","floor":8.0},{"not_picked":["Skewer","Bane"],"picked":"Cloak And Dagger","floor":10.0},{"not_picked":["Slice","Deadly Poison"],"picked":"Leg Sweep","floor":14.0},{"not_picked":["Bullet Time","After Image"],"picked":"Adrenaline","floor":16.0},{"not_picked":["Slice","Flying Knee","Poisoned Stab"],"picked":"SKIP","floor":18.0},{"not_picked":["Accuracy","Underhanded Strike"],"picked":"Deadly Poison","floor":19},{"not_picked":["Underhanded Strike","Cloak And Dagger"],"picked":"Dash","floor":22}],"player_experience":2080549,"relics_obtained":[{"floor":6.0,"key":"Bronze Scales"},{"floor":8.0,"key":"Akabeko"},{"floor":9.0,"key":"Lantern"}],"event_choices":[{"damage_healed":0.0,"max_hp_gain":0.0,"max_hp_loss":0.0,"gold_gain":0.0,"cards_transformed":["Strike_G"],"event_name":"Living Wall","player_choice":"Change","floor":3.0,"gold_loss":0.0,"damage_taken":0.0,"cards_obtained":["Phantasmal Killer"]},{"damage_healed":0.0,"max_hp_gain":0.0,"max_hp_loss":0.0,"gold_gain":0.0,"event_name":"Shining Light","player_choice":"Ignored","floor":12.0,"gold_loss":0.0,"damage_taken":0.0},{"damage_healed":0,"gold_gain":50,"player_choice":"Stole From Cult","damage_taken":0,"max_hp_gain":0,"max_hp_loss":0,"event_name":"Nest","floor":20,"gold_loss":0},{"damage_healed":0,"gold_gain":0,"player_choice":"Opened","damage_taken":0,"relics_obtained":["Toy Ornithopter"],"max_hp_gain":0,"max_hp_loss":0,"event_name":"The Mausoleum","floor":21,"gold_loss":0,"cards_obtained":["Writhe"]}],"is_beta":false,"boss_relics":[{"not_picked":["Ectoplasm","Fusion Hammer"],"picked":"Cursed Key"}],"items_purged_floors":[11],"is_endless":false,"potions_floor_spawned":[2,5,6,19,22],"killed_by":"Gremlin Leader","ascension_level":20}}