{"host":"lv7etzzgwahaenh9","time":1612038201,"event":{"mods":["AchievementEnabler","BaseMod","Colored Map","Colored Powertips","Highlight Path","Minty Spire (QoL Compilation)","Permanent Neow","Quick Restart","Random Character Button","StSLib"],"gold_per_floor":[16,27,45,45,120,164,164,208,234,255,37,37,76,97,97,226,226,246,246,236,249,249,249,283,283,283,301,301,102,125,139,139,263,263,286,286,286,49,382,415,426,426,504,504,77,89,99,110,110,110,110,110,38,68,68],"floor_reached":56,"language":"ENG","playtime":3914,"items_purged":["Strike_R","Strike_R","Defend_R","Defend_R"],"score":1212,"play_id":"0ce10962-80db-452f-bd46-30f26fb5310b","local_time":"20210130122321","is_ascension_mode":true,"campfire_choices":[{"floor":7.0,"key":"REST"},{"floor":15.0,"key":"REST"},{"data":"Corruption","floor":23.0,"key":"SMITH"},{"data":"Berserk","floor":25.0,"key":"SMITH"},{"data":"Shockwave","floor":28.0,"key":"SMITH"},{"floor":32.0,"key":"REST"},{"floor":42.0,"key":"REST"},{"floor":44.0,"key":"RECALL"},{"data":"Armaments","floor":49,"key":"SMITH"},{"data":"Juggernaut","floor":52,"key":"SMITH"}],"circlet_count":0,"master_deck":["Defend_R","Bash","Iron Wave","Uppercut","Pommel Strike","Disarm","Shockwave+1","Berserk+1","Rampage","Corruption+1","Iron Wave+1","Juggernaut+1","Ghostly Armor","Feel No Pain","Entrench+1","Exhume","Armaments+1","Body Slam","The Bomb","The Bomb+1","Armaments+1","Warcry+1","Exhume+1","Whirlwind"],"relics":["Burning Blood","Bronze Scales","Bag of Marbles","PreservedInsect","Oddly Smooth Stone","Mummified Hand","Velvet Choker","Tiny Chest","Torii","Membership Card","Runic Cube","Strange Spoon","Happy Flower","Shuriken","Toxic Egg 2","Lee\u0027s Waffle","Bag of Preparation"],"acts_visited":["Exordium","TheCity","TheBeyond","TheEnding"],"potions_floor_usage":[55],"damage_taken":[{"damage":1.0,"enemies":"Small Slimes","floor":1.0,"turns":3.0},{"damage":11.0,"enemies":"Jaw Worm","floor":2.0,"turns":3.0},{"damage":0.0,"enemies":"2 Louse","floor":3.0,"turns":2.0},{"damage":30.0,"enemies":"3 Sentries","floor":6.0,"turns":9.0},{"damage":16.0,"enemies":"Lagavulin","floor":8.0,"turns":6.0},{"damage":7.0,"enemies":"Exordium Wildlife","floor":10.0,"turns":3.0},{"damage":16.0,"enemies":"3 Sentries","floor":13.0,"turns":6.0},{"damage":0.0,"enemies":"Exordium Thugs","floor":14.0,"turns":4.0},{"damage":25.0,"enemies":"The Guardian","floor":16.0,"turns":13.0},{"damage":0.0,"enemies":"3 Byrds","floor":18.0,"turns":3.0},{"damage":8.0,"enemies":"2 Thieves","floor":20.0,"turns":4.0},{"damage":13.0,"enemies":"Centurion and Healer","floor":21.0,"turns":5.0},{"damage":43.0,"enemies":"Slavers","floor":24.0,"turns":4.0},{"damage":0.0,"enemies":"Shelled Parasite and Fungi","floor":27.0,"turns":4.0},{"damage":1.0,"enemies":"Cultist and Chosen","floor":30.0,"turns":5.0},{"damage":9.0,"enemies":"3 Cultists","floor":31.0,"turns":4.0},{"damage":29.0,"enemies":"Champ","floor":33.0,"turns":10.0},{"damage":1.0,"enemies":"Orb Walker","floor":35.0,"turns":3.0},{"damage":45.0,"enemies":"Reptomancer","floor":40.0,"turns":5.0},{"damage":9.0,"enemies":"3 Darklings","floor":41.0,"turns":6.0},{"damage":10,"enemies":"Writhing Mass","floor":46,"turns":4},{"damage":18,"enemies":"Maw","floor":47,"turns":7},{"damage":9,"enemies":"3 Darklings","floor":48,"turns":4},{"damage":45,"enemies":"Awakened One","floor":50,"turns":9},{"damage":19,"enemies":"Shield and Spear","floor":54,"turns":4},{"damage":102,"enemies":"The Heart","floor":55,"turns":11}],"seed_played":"3444803257727797407","potions_obtained":[{"floor":2.0,"key":"Weak Potion"},{"floor":6.0,"key":"BlessingOfTheForge"},{"floor":8.0,"key":"SpeedPotion"},{"floor":10.0,"key":"SkillPotion"},{"floor":18.0,"key":"LiquidBronze"},{"floor":21.0,"key":"SpeedPotion"},{"floor":30.0,"key":"Block Potion"},{"floor":31.0,"key":"DistilledChaos"},{"floor":35.0,"key":"Fire Potion"},{"floor":40.0,"key":"Ancient Potion"},{"floor":46,"key":"FearPotion"},{"floor":48,"key":"HeartOfIron"}],"is_trial":false,"path_per_floor":["M","M","M","?","?","E","R","E","T","M","$","?","E","M","R","B",null,"M","?","M","M","?","R","E","R","T","M","R","$","M","M","R","B",null,"M","?","T","$","?","E","M","R","T","R","$","M","M","M","R","B",null,"R","$","E","B",null],"character_chosen":"IRONCLAD","items_purchased":["Oddly Smooth Stone","Membership Card","Body Slam","Strange Spoon","The Bomb","Toxic Egg 2","The Bomb+1","Armaments+1","FairyPotion","Lee\u0027s Waffle","Exhume+1"],"campfire_rested":4,"item_purchase_floors":[11,29,38,38,38,45,45,45,45,45,53],"current_hp_per_floor":[80,75,80,60,49,25,49,39,39,38,38,31,21,27,51,32,80,80,80,78,71,71,71,34,34,34,40,40,40,45,42,66,43,80,80,80,80,80,80,41,38,62,62,62,87,83,71,68,68,29,87,87,87,74,32],"gold":68,"neow_bonus":"REMOVE_TWO","is_daily":false,"chose_seed":false,"campfire_upgraded":5,"win_rate":0.0,"timestamp":1612038201,"path_taken":["M","M","M","?","?","E","R","E","T","M","$","?","E","M","R","BOSS","M","?","M","M","?","R","E","R","T","M","R","?","M","?","R","BOSS","M","?","?","$","?","E","M","R","T","R","?","M","?","M","R","BOSS","R","$","E","BOSS"],"items_purchased_type":["Relic","Relic","Card","Relic","Card","Relic","Card","Card","Potion","Relic","Card"],"build_version":"2020-12-22","purchased_purges":4,"victory":true,"max_hp_per_floor":[80,80,80,80,80,80,80,80,80,80,80,80,80,80,80,80,80,80,80,80,80,80,80,80,80,80,80,80,80,80,80,80,80,80,80,80,80,80,80,80,80,80,80,80,87,87,87,87,87,87,87,87,87,87,87],"card_choices":[{"not_picked":["Twin Strike","Shrug It Off"],"picked":"Iron Wave","floor":1.0},{"not_picked":["Carnage","Rage"],"picked":"Uppercut","floor":2.0},{"not_picked":["Wild Strike","Uppercut"],"picked":"Pommel Strike","floor":3.0},{"not_picked":["Thunderclap","Sever Soul","Wild Strike"],"picked":"SKIP","floor":6.0},{"not_picked":["Pummel","True Grit"],"picked":"Disarm","floor":8.0},{"not_picked":["Headbutt","Body Slam"],"picked":"Shockwave","floor":10.0},{"not_picked":["Dual Wield","Sword Boomerang"],"picked":"Berserk","floor":13.0},{"not_picked":["Cleave","Iron Wave"],"picked":"Rampage","floor":14.0},{"not_picked":["Double Tap","Impervious"],"picked":"Corruption","floor":16.0},{"not_picked":["Rampage","Disarm","Flex"],"picked":"SKIP","floor":18.0},{"not_picked":["Clash","Pommel Strike","Heavy Blade"],"picked":"SKIP","floor":20.0},{"not_picked":["Warcry","Heavy Blade"],"picked":"Iron Wave+1","floor":21.0},{"not_picked":["Evolve","Clash"],"picked":"Juggernaut","floor":24.0},{"not_picked":["Twin Strike","Havoc"],"picked":"Ghostly Armor","floor":27.0},{"not_picked":["Uppercut","Anger+1"],"picked":"Feel No Pain","floor":30.0},{"not_picked":["Sentinel","Evolve+1"],"picked":"Entrench+1","floor":31.0},{"not_picked":["Limit Break","Offering"],"picked":"Exhume","floor":33.0},{"not_picked":["Iron Wave","Infernal Blade"],"picked":"Armaments","floor":35.0},{"not_picked":["Disarm+1","Metallicize+1","Flex+1"],"picked":"SKIP","floor":40.0},{"not_picked":["Twin Strike","Anger","Heavy Blade+1"],"picked":"SKIP","floor":41.0},{"not_picked":["Rupture","Armaments+1"],"picked":"Warcry+1","floor":46},{"not_picked":["Rampage","Havoc+1","Perfected Strike"],"picked":"SKIP","floor":47},{"not_picked":["Searing Blow+1","Limit Break+1","Clash"],"picked":"SKIP","floor":48},{"not_picked":["Thunderclap+1","Cleave"],"picked":"Whirlwind","floor":54}],"player_experience":323156,"relics_obtained":[{"floor":6.0,"key":"Bronze Scales"},{"floor":8.0,"key":"Bag of Marbles"},{"floor":9.0,"key":"PreservedInsect"},{"floor":13.0,"key":"Mummified Hand"},{"floor":24.0,"key":"Tiny Chest"},{"floor":26.0,"key":"Torii"},{"floor":40.0,"key":"Happy Flower"},{"floor":43.0,"key":"Shuriken"},{"floor":54,"key":"Bag of Preparation"}],"event_choices":[{"damage_healed":0.0,"max_hp_gain":0.0,"max_hp_loss":0.0,"gold_gain":0.0,"event_name":"Golden Idol","player_choice":"Take Damage","floor":4.0,"gold_loss":0.0,"damage_taken":20.0,"relics_obtained":["Golden Idol"]},{"damage_healed":0.0,"max_hp_gain":0.0,"max_hp_loss":0.0,"gold_gain":75.0,"event_name":"World of Goop","player_choice":"Gather Gold","floor":5.0,"gold_loss":0.0,"damage_taken":11.0},{"cards_removed":["Strike_R"],"damage_healed":0.0,"max_hp_gain":0.0,"max_hp_loss":0.0,"gold_gain":0.0,"event_name":"Golden Wing","player_choice":"Card Removal","floor":12.0,"gold_loss":0.0,"damage_taken":7.0},{"damage_healed":0.0,"max_hp_gain":0.0,"max_hp_loss":0.0,"gold_gain":0.0,"event_name":"Vampires","player_choice":"Ignored","floor":19.0,"gold_loss":0.0,"damage_taken":0.0},{"cards_removed":["Strike_R"],"damage_healed":0.0,"max_hp_gain":0.0,"max_hp_loss":0.0,"gold_gain":0.0,"event_name":"Back to Basics","player_choice":"Elegance","floor":22.0,"gold_loss":0.0,"damage_taken":0.0},{"damage_healed":0.0,"max_hp_gain":0.0,"max_hp_loss":0.0,"gold_gain":0.0,"event_name":"Tomb of Lord Red Mask","player_choice":"Ignored","floor":36.0,"gold_loss":0.0,"damage_taken":0.0},{"damage_healed":0.0,"max_hp_gain":0.0,"max_hp_loss":0.0,"gold_gain":333.0,"event_name":"The Moai Head","player_choice":"Gave Idol","floor":39.0,"relics_lost":["Golden Idol"],"gold_loss":0.0,"damage_taken":0.0}],"is_beta":false,"boss_relics":[{"not_picked":["Runic Dome","Tiny House"],"picked":"Velvet Choker"},{"not_picked":["Sozu","Coffee Dripper"],"picked":"Runic Cube"}],"items_purged_floors":[11,29,38,45],"is_endless":false,"potions_floor_spawned":[2,6,8,10,18,21,30,31,35,40,46,48],"ascension_level":1}}