{"host":"rv8qrr1d2i1l2m12","time":1612014921,"event":{"mods":["BaseMod","Colored Map","Minty Spire (QoL Compilation)","StSLib"],"gold_per_floor":[216,63,79,354,367,379,379,395,477,508,126,126,126,159,159,255,255,266,122,132,148,167,167,201,213,239,252,281,281,299,265,265,360,360,371,593,612,16,26,26,46,46,46],"floor_reached":42,"language":"ENG","playtime":2080,"items_purged":["Regret","True Grit"],"score":713,"play_id":"0a7cafff-ba3b-48c5-a7b2-fd1d010e61f8","local_time":"20210130085521","is_ascension_mode":true,"campfire_choices":[{"floor":7,"key":"REST"},{"data":"Whirlwind","floor":12,"key":"SMITH"},{"data":"Thunderclap","floor":15,"key":"SMITH"},{"floor":23,"key":"REST"},{"data":"Whirlwind","floor":32,"key":"SMITH"},{"floor":40,"key":"REST"}],"circlet_count":0,"master_deck":["Bash","Thunderclap+1","Metallicize","Whirlwind+1","Anger","Twin Strike","Anger","Immolate","Sword Boomerang+1","Reckless Charge+1","Metallicize","Bludgeon","Thunderclap","Clothesline+1","Iron Wave","Flex","Sword Boomerang","Whirlwind+1","Dropkick+1","Heavy Blade+1","Whirlwind+1","Carnage","Rampage","Berserk","Rage","Spot Weakness","Clash","Carnage","Inflame","Uppercut","Heavy Blade","Offering","Armaments+1","Juggernaut","Parasite","Wild Strike+1"],"relics":["Burning Blood","Brimstone","Matryoshka","Torii","Juzu Bracelet","Sling","Boot","SacredBark","Orrery","Oddly Smooth Stone","Red Skull","Happy Flower","Red Mask","Pandora\u0027s Box","ClockworkSouvenir"],"acts_visited":["Exordium","TheCity","TheBeyond"],"potions_floor_usage":[10,10,16,16,21,21,24,33,33,33,41],"damage_taken":[{"damage":17,"enemies":"2 Louse","floor":1,"turns":3},{"damage":0,"enemies":"Cultist","floor":3,"turns":2},{"damage":13,"enemies":"Jaw Worm","floor":5,"turns":3},{"damage":11,"enemies":"Exordium Thugs","floor":6,"turns":3},{"damage":7,"enemies":"3 Louse","floor":8,"turns":3},{"damage":0,"enemies":"Lagavulin","floor":10,"turns":3},{"damage":12,"enemies":"3 Sentries","floor":14,"turns":3},{"damage":36,"enemies":"The Guardian","floor":16,"turns":5},{"damage":13,"enemies":"Spheric Guardian","floor":18,"turns":3},{"damage":0,"enemies":"3 Byrds","floor":20,"turns":3},{"damage":19,"enemies":"Snake Plant","floor":21,"turns":2},{"damage":21,"enemies":"Snecko","floor":22,"turns":4},{"damage":9,"enemies":"Slavers","floor":24,"turns":2},{"damage":14,"enemies":"Cultist and Chosen","floor":25,"turns":3},{"damage":7,"enemies":"Sentry and Sphere","floor":27,"turns":3},{"damage":14,"enemies":"Masked Bandits","floor":28,"turns":2},{"damage":15,"enemies":"3 Cultists","floor":30,"turns":3},{"damage":28,"enemies":"Champ","floor":33,"turns":6},{"damage":12,"enemies":"Orb Walker","floor":35,"turns":2},{"damage":6,"enemies":"3 Darklings","floor":37,"turns":2},{"damage":54,"enemies":"Writhing Mass","floor":39,"turns":4},{"damage":21,"enemies":"Sphere and 2 Shapes","floor":41,"turns":2},{"damage":36,"enemies":"4 Shapes","floor":42,"turns":2}],"seed_played":"833809433319862288","potions_obtained":[{"floor":3,"key":"Strength Potion"},{"floor":5,"key":"Block Potion"},{"floor":6,"key":"Energy Potion"},{"floor":10,"key":"GamblersBrew"},{"floor":14,"key":"Fire Potion"},{"floor":20,"key":"EssenceOfSteel"},{"floor":22,"key":"AttackPotion"},{"floor":24,"key":"LiquidMemories"},{"floor":25,"key":"BlessingOfTheForge"},{"floor":28,"key":"SkillPotion"},{"floor":30,"key":"Regen Potion"},{"floor":39,"key":"BloodPotion"},{"floor":41,"key":"LiquidMemories"}],"is_trial":false,"path_per_floor":["M","$","M","?","M","M","R","M","T","E","$","R","?","E","R","B",null,"M","$","M","M","M","R","E","M","T","M","?","?","M","$","R","B",null,"M","?","M","$","M","R","M","M"],"character_chosen":"IRONCLAD","items_purchased":["Brimstone","Juzu Bracelet","Sling","Orrery","Rampage","ClockworkSouvenir","Juggernaut","HeartOfIron","Fire Potion","SkillPotion"],"campfire_rested":3,"item_purchase_floors":[2,11,11,19,31,38,38,38,38,38],"current_hp_per_floor":[61,61,67,67,60,55,79,78,78,80,80,80,80,74,74,44,71,64,64,70,57,42,66,63,55,55,54,46,72,63,63,63,80,80,74,74,74,74,26,50,35,0,0],"gold":46,"neow_bonus":"HUNDRED_GOLD","is_daily":false,"chose_seed":false,"campfire_upgraded":3,"win_rate":0.0,"timestamp":1612014921,"path_taken":["M","$","M","?","M","?","R","M","T","E","$","R","?","E","R","BOSS","M","$","M","M","M","R","E","M","T","M","?","?","M","$","R","BOSS","M","?","M","$","M","R","M","M"],"items_purchased_type":["Relic","Relic","Relic","Relic","Card","Relic","Card","Potion","Potion","Potion"],"build_version":"2020-12-22","purchased_purges":2,"victory":false,"max_hp_per_floor":[80,80,80,80,80,80,80,80,80,80,80,80,80,80,80,80,80,80,80,80,80,80,80,80,80,80,80,80,80,80,80,80,80,80,80,80,80,80,80,80,80,80,80],"card_choices":[{"not_picked":["Clothesline","Shrug It Off"],"picked":"Thunderclap","floor":1},{"not_picked":["Fire Breathing","Cleave"],"picked":"Metallicize","floor":3},{"not_picked":["Clothesline","Body Slam"],"picked":"Whirlwind","floor":5},{"not_picked":["Corruption","Feel No Pain"],"picked":"Anger","floor":6},{"not_picked":["Seeing Red","Feel No Pain","Warcry"],"picked":"SKIP","floor":8},{"not_picked":["Warcry","Evolve"],"picked":"Twin Strike","floor":10},{"not_picked":["Uppercut","Clothesline"],"picked":"Anger","floor":14},{"not_picked":["Limit Break","Feed"],"picked":"Immolate","floor":16},{"not_picked":["Pommel Strike","Warcry+1"],"picked":"Sword Boomerang+1","floor":18},{"not_picked":["Hemokinesis+1","Headbutt+1"],"picked":"Reckless Charge+1","floor":19},{"not_picked":["Uppercut","Rampage"],"picked":"Metallicize","floor":19},{"not_picked":["Pommel Strike","Cleave+1"],"picked":"Bludgeon","floor":19},{"not_picked":["Cleave","Searing Blow+1"],"picked":"Thunderclap","floor":19},{"not_picked":["Reckless Charge","Wild Strike"],"picked":"Clothesline+1","floor":19},{"not_picked":["Wild Strike+1","Sever Soul"],"picked":"Iron Wave","floor":20},{"not_picked":["Wild Strike","Clothesline"],"picked":"Flex","floor":21},{"not_picked":["Twin Strike","Fire Breathing"],"picked":"Sword Boomerang","floor":22},{"not_picked":["Demon Form","Perfected Strike"],"picked":"Whirlwind+1","floor":24},{"not_picked":["Metallicize","Bloodletting"],"picked":"Dropkick+1","floor":25},{"not_picked":["Dual Wield+1","Battle Trance"],"picked":"Heavy Blade+1","floor":27},{"not_picked":["Infernal Blade+1","Thunderclap"],"picked":"Whirlwind","floor":28},{"not_picked":["Shrug It Off","Iron Wave"],"picked":"Carnage","floor":30},{"not_picked":["Fiend Fire","Exhume"],"picked":"Berserk","floor":33},{"not_picked":["Clothesline","Hemokinesis+1"],"picked":"Armaments+1","floor":35},{"not_picked":["Pommel Strike","Shrug It Off","Armaments"],"picked":"SKIP","floor":37},{"not_picked":["Perfected Strike","Shrug It Off+1","Fire Breathing"],"picked":"SKIP","floor":39},{"not_picked":["Second Wind+1","Shrug It Off"],"picked":"Wild Strike+1","floor":41}],"player_experience":573119,"relics_obtained":[{"floor":9,"key":"Matryoshka"},{"floor":10,"key":"Torii"},{"floor":14,"key":"Boot"},{"floor":24,"key":"Oddly Smooth Stone"},{"floor":26,"key":"Red Skull"},{"floor":26,"key":"Happy Flower"},{"floor":28,"key":"Red Mask"}],"event_choices":[{"damage_healed":0,"gold_gain":275,"player_choice":"Desecrate","damage_taken":0,"max_hp_gain":0,"max_hp_loss":0,"event_name":"Golden Shrine","floor":4,"gold_loss":0,"cards_obtained":["Regret"]},{"damage_healed":0,"gold_gain":0,"player_choice":"Ignored","damage_taken":0,"max_hp_gain":0,"max_hp_loss":0,"event_name":"Liars Game","floor":13,"gold_loss":0},{"damage_healed":0,"gold_gain":0,"player_choice":"Fought Bandits","damage_taken":0,"max_hp_gain":0,"max_hp_loss":0,"event_name":"Masked Bandits","floor":28,"gold_loss":0},{"damage_healed":26,"gold_gain":0,"player_choice":"Heal","damage_taken":0,"max_hp_gain":0,"max_hp_loss":0,"event_name":"The Library","floor":29,"gold_loss":0},{"damage_healed":0,"gold_gain":222,"player_choice":"Wore Mask","damage_taken":0,"max_hp_gain":0,"max_hp_loss":0,"event_name":"Tomb of Lord Red Mask","floor":36,"gold_loss":0}],"is_beta":false,"boss_relics":[{"not_picked":["Runic Dome","Ectoplasm"],"picked":"SacredBark"},{"not_picked":["Tiny House","Mark of Pain"],"picked":"Pandora\u0027s Box"}],"items_purged_floors":[11,38],"is_endless":false,"potions_floor_spawned":[3,5,6,10,14,20,22,24,25,28,30,39,41],"killed_by":"4 Shapes","ascension_level":9}}