{"host":"hkj1blq6xqcrzx6o","time":1612020735,"event":{"mods":["BaseMod","Downfall","Lobotomy","Minty Spire (QoL Compilation)","Replay The Spire","StSLib","The Cursed","The Servant 0.9.4"],"gold_per_floor":[114,114,131,231,241,241,254,270,270,285,133,145,177,190,190,190,190],"floor_reached":16,"language":"ZHS","playtime":696,"items_purged":[],"score":96,"play_id":"8d297189-3a47-4838-a395-0e64abf9d264","local_time":"20210130233215","is_ascension_mode":false,"campfire_choices":[{"data":"Zap","floor":6,"key":"SMITH"},{"floor":15,"key":"REST"}],"circlet_count":0,"master_deck":["Strike_B","Strike_B","Strike_B","Strike_B","Defend_B","Defend_B","Defend_B","Defend_B","Zap+1","Dualcast","Steam","CherryBlossoms","Cold Snap","MeatLantern","Chaos","MHz","Crystallizer","UniverseFragment","Beam Cell","BigBird","Ball Lightning","ReplayRNGCard","Stack","Heatsinks","Go for the Eyes","Beam Cell","ShyLook","Amplify","White Noise","PunishingBird","ReplayTheSpireMod:Repulse"],"relics":["Cracked Core","CogitoBucket","WingedGreaves","TreeSap","Orrery","Lizard Tail"],"acts_visited":["Exordium"],"potions_floor_usage":[8,12,16],"damage_taken":[{"damage":7,"enemies":"2 Louse","floor":1,"turns":2},{"damage":1,"enemies":"Cultist","floor":3,"turns":4},{"damage":0,"enemies":"Jaw Worm","floor":5,"turns":4},{"damage":3,"enemies":"Red Slaver","floor":7,"turns":3},{"damage":2,"enemies":"Blue Slaver","floor":8,"turns":4},{"damage":62,"enemies":"Large Slime","floor":10,"turns":4},{"damage":3,"enemies":"Exordium Thugs","floor":12,"turns":4},{"damage":0,"enemies":"Blue Slaver","floor":14,"turns":4},{"damage":152,"enemies":"Slime Boss","floor":16,"turns":3}],"seed_played":"-2240637271530691752","potions_obtained":[{"floor":3,"key":"Fire Potion"},{"floor":8,"key":"Fruit Juice"},{"floor":14,"key":"SpeedPotion"}],"is_trial":false,"path_per_floor":["M","?","M","?","M","R","M","M","T","M","$","M","?","M","R","B"],"character_chosen":"DEFECT","items_purchased":["Orrery"],"campfire_rested":1,"item_purchase_floors":[11],"current_hp_per_floor":[68,73,72,72,72,72,69,72,72,10,10,22,22,22,46,0,0],"gold":190,"neow_bonus":"","is_daily":false,"chose_seed":false,"campfire_upgraded":1,"win_rate":0.0,"timestamp":1612020735,"path_taken":["M","?","?","?","M","R","M","M","T","M","$","M","?","M","R","BOSS"],"items_purchased_type":["Relic"],"build_version":"2020-12-22","purchased_purges":0,"victory":false,"max_hp_per_floor":[75,75,75,75,75,75,75,80,80,80,80,80,80,80,80,80,80],"card_choices":[{"not_picked":["WallGazer","Wellcheers"],"picked":"LittleHelper","floor":1},{"not_picked":["Reprogram","Self Repair"],"picked":"Steam","floor":1},{"not_picked":["VoidDream","LittlePrince"],"picked":"CherryBlossoms","floor":3},{"not_picked":["Defragment","Hologram"],"picked":"Cold Snap","floor":3},{"not_picked":["QueenBee","QueenOfHatred"],"picked":"MeatLantern","floor":5},{"not_picked":["Chill","Conserve Battery"],"picked":"Chaos","floor":5},{"not_picked":["Wellcheers","Bloodbath"],"picked":"MHz","floor":7},{"not_picked":["Tempest","Cold Snap"],"picked":"Crystallizer","floor":7},{"not_picked":["WhitesApple","Woodsman","OSAHOGD"],"picked":"Singing Bowl","floor":8},{"not_picked":["LittlePrince","QueenBee"],"picked":"UniverseFragment","floor":8},{"not_picked":["Fusion","Go for the Eyes"],"picked":"Beam Cell","floor":8},{"not_picked":["SpiderBud","Murderer"],"picked":"BigBird","floor":10},{"not_picked":["Cold Snap","ReplaySort"],"picked":"Ball Lightning","floor":10},{"not_picked":["ReplayTheSpireMod:GoodbyeWorld","Gash"],"picked":"ReplayRNGCard","floor":11},{"not_picked":["Leap","BasicCrystalCard"],"picked":"Stack","floor":11},{"not_picked":["Blizzard","Ball Lightning"],"picked":"Heatsinks","floor":11},{"not_picked":["Compile Driver","ReplayTheSpireMod:GoodbyeWorld"],"picked":"Go for the Eyes","floor":11},{"not_picked":["Barrage","Leap"],"picked":"Beam Cell","floor":11},{"not_picked":["CENSORED","OSAHOGD","Scorched"],"picked":"Singing Bowl","floor":12},{"not_picked":["Wellcheers","Murderer"],"picked":"ShyLook","floor":12},{"not_picked":["Coolheaded","Streamline"],"picked":"Amplify","floor":12},{"not_picked":["Steam","Barrage"],"picked":"White Noise","floor":13},{"not_picked":["FieryBird","NakedNest","Bloodbath"],"picked":"Singing Bowl","floor":14},{"not_picked":["BeautyBeast","Laetitia"],"picked":"PunishingBird","floor":14},{"not_picked":["Consume","Chill"],"picked":"ReplayTheSpireMod:Repulse","floor":14}],"player_experience":17064,"relics_obtained":[{"floor":9,"key":"WingedGreaves"},{"floor":13,"key":"Lizard Tail"}],"event_choices":[{"cards_removed":["LittleHelper"],"damage_healed":5,"gold_gain":0,"player_choice":"Offered Special","damage_taken":0,"max_hp_gain":0,"max_hp_loss":0,"event_name":"Bonfire Elementals","floor":2,"gold_loss":0},{"damage_healed":0,"gold_gain":100,"player_choice":"Pray","damage_taken":0,"max_hp_gain":0,"max_hp_loss":0,"event_name":"Golden Shrine","floor":4,"gold_loss":0}],"is_beta":false,"boss_relics":[],"items_purged_floors":[],"is_endless":false,"potions_floor_spawned":[3,8,14],"killed_by":"Slime Boss","ascension_level":0}}