{"host":"Ryley","time":1612024203,"event":{"mods":["BaseMod","Downfall","Minty Spire (QoL Compilation)","StSLib"],"gold_per_floor":[99,116,116,26,41,41,65,76,102,2,15,115,127,152,166,264,264,264,60,79,64,76,93,93,113,113,123,140,1,1,14,34,34,34,34],"floor_reached":33,"language":"ENG","playtime":1937,"items_purged":["downfall:Malfunctioning","downfall:Bewildered"],"score":253,"play_id":"4aa4085b-1ebf-47ec-a4d7-b1b3a70ea49e","local_time":"20210130103003","is_ascension_mode":false,"campfire_choices":[{"data":"champ:Execute","floor":1.0,"key":"SMITH"},{"data":"champ:Backstep","floor":6.0,"key":"SMITH"},{"data":"champ:EnragedBash","floor":10.0,"key":"SMITH"},{"data":"champ:HoldFirm","floor":18.0,"key":"SMITH"},{"floor":30,"key":"REST"}],"circlet_count":0,"master_deck":["champ:Strike","champ:Strike","champ:Strike+1","champ:Strike+1","champ:Defend+1","champ:Defend","champ:Defend","champ:Defend","champ:Execute+1","champ:Taunt+1","champ:RisingSlash","champ:PreciseThrust","champ:Backstep+1","champ:EnragedBash+1","champ:CrookedStrike","champ:SkillfulDodge","champ:PreciseThrust","champ:BerserkersShout","champ:HoldFirm+1","champ:GutPunch","champ:Shatter","champ:FlashCut+1","champ:GladiatorStyle","champ:AdrenalArmor","champ:ArenaPreparation+1","champ:ShieldWall","champ:Endure","champ:MurderStrike","champ:SetATrap","champ:DefensiveShout+1","champ:EnGarde"],"relics":["champ:ChampionCrown","Regal Pillow","Smiling Mask","downfall:HeartBlessingGreen","CloakClasp","Blood Vial","Black Star","champ:FightingForDummies","Unceasing Top","sneckomod:BabySnecko"],"acts_visited":["Exordium","TheCity"],"potions_floor_usage":[28,29,33],"damage_taken":[{"damage":15.0,"enemies":"Small Slimes","floor":2.0,"turns":3.0},{"damage":20.0,"enemies":"downfall:FleeingMerchant","floor":4.0,"turns":4.0},{"damage":5.0,"enemies":"2 Louse","floor":5.0,"turns":2.0},{"damage":5.0,"enemies":"Jaw Worm","floor":8.0,"turns":2.0},{"damage":44.0,"enemies":"Lagavulin","floor":9.0,"turns":7.0},{"damage":16.0,"enemies":"Exordium Thugs","floor":11.0,"turns":4.0},{"damage":43.0,"enemies":"Exordium Thugs","floor":12.0,"turns":6.0},{"damage":22.0,"enemies":"Gremlin Gang","floor":13.0,"turns":6.0},{"damage":3.0,"enemies":"2 Fungi Beasts","floor":15.0,"turns":4.0},{"damage":108.0,"enemies":"WA_ARCHETYPE_RETAIN","floor":16.0,"turns":12.0},{"damage":27.0,"enemies":"downfall:FleeingMerchant","floor":19.0,"turns":4.0},{"damage":32.0,"enemies":"Chosen","floor":20.0,"turns":5.0},{"damage":29.0,"enemies":"downfall:FleeingMerchant","floor":21.0,"turns":4.0},{"damage":23,"enemies":"Shell Parasite","floor":22,"turns":5},{"damage":15,"enemies":"Snecko","floor":23,"turns":5},{"damage":23,"enemies":"Cultist and Chosen","floor":25,"turns":4},{"damage":14,"enemies":"Chosen and Byrds","floor":27,"turns":5},{"damage":39,"enemies":"Snecko","floor":28,"turns":5},{"damage":26,"enemies":"downfall:FleeingMerchant","floor":29,"turns":4},{"damage":50,"enemies":"3 Cultists","floor":31,"turns":6},{"damage":15,"enemies":"Cultist and Chosen","floor":32,"turns":6},{"damage":102,"enemies":"DF_ARCHETYPE_CLAW","floor":33,"turns":7}],"seed_played":"2751607982428471932","potions_obtained":[{"floor":8.0,"key":"SmokeBomb"},{"floor":9.0,"key":"Regen Potion"},{"floor":11.0,"key":"FairyPotion"},{"floor":22,"key":"FearPotion"},{"floor":25,"key":"Slimebound:ThreeZeroPotion"},{"floor":28,"key":"hexamod:SoulburnPotion"},{"floor":31,"key":"Strength Potion"}],"is_trial":false,"path_per_floor":["R","M","?","$","M","R","T","M","E","R","M","?","M","T","M","B",null,"R","$","M","$","M","M","T","M","?","M","M","$","R","M","M","B"],"character_chosen":"THE_CHAMP","items_purchased":["champ:FightingForDummies","champ:Shatter","champ:SetATrap"],"campfire_rested":1,"item_purchase_floors":[19,19,29],"current_hp_per_floor":[90,85,85,85,85,85,85,80,66,66,60,37,35,35,34,18,90,90,88,83,81,80,77,77,76,76,69,52,53,90,75,77,0,0,0],"gold":34,"neow_bonus":"UPGRADE_CARD","is_daily":false,"chose_seed":false,"campfire_upgraded":4,"win_rate":0.0,"timestamp":1612024203,"path_taken":["R","M","?","$","M","R","T","M","E","R","M","?","M","?","M","BOSS","R","$","M","$","M","M","T","M","?","M","M","?","R","M","M","BOSS"],"items_purchased_type":["Relic","Card","Card"],"build_version":"2020-12-18","purchased_purges":2,"victory":false,"max_hp_per_floor":[90,90,90,90,90,90,90,90,90,90,90,90,90,90,90,90,90,90,90,90,90,90,90,90,90,90,90,90,90,90,90,90,90,90,90],"card_choices":[{"not_picked":["champ:PreemptiveStrike","champ:FocusedDefense"],"picked":"champ:RisingSlash","floor":2.0},{"not_picked":["champ:IronFortress","champ:Lariat"],"picked":"champ:PreciseThrust","floor":4.0},{"not_picked":["champ:TornadoPunch","champ:BladeFlurry"],"picked":"champ:Backstep","floor":5.0},{"not_picked":["champ:Haymaker","champ:GladiatorStyle"],"picked":"champ:EnragedBash","floor":8.0},{"not_picked":["champ:GladiatorForm","champ:StanceDance"],"picked":"champ:CrookedStrike","floor":9.0},{"not_picked":["champ:FocusedBerserking","champ:BerserkersShout","champ:Haymaker"],"picked":"SKIP","floor":11.0},{"not_picked":["champ:TornadoPunch","champ:ShieldWall"],"picked":"champ:SkillfulDodge","floor":12.0},{"not_picked":["champ:SetATrap","champ:FancyFootwork"],"picked":"champ:PreciseThrust","floor":13.0},{"not_picked":["champ:FocusedBerserking","champ:PreciseThrust"],"picked":"champ:BerserkersShout","floor":15.0},{"not_picked":["champ:MurderStrike","champ:ShieldThrow"],"picked":"champ:HoldFirm","floor":16.0},{"not_picked":["champ:IronFortress","champ:Circumvent"],"picked":"champ:GutPunch","floor":19.0},{"not_picked":["champ:TornadoPunch","champ:Circumvent"],"picked":"champ:FlashCut+1","floor":20.0},{"not_picked":["champ:FocusedDefense","champ:PreemptiveStrike"],"picked":"champ:GladiatorStyle","floor":21.0},{"not_picked":["champ:RisingSlash","champ:Backstep"],"picked":"champ:AdrenalArmor","floor":22},{"not_picked":["champ:EndlessRage","champ:Circumvent+1"],"picked":"champ:ArenaPreparation+1","floor":23},{"not_picked":["champ:FlashCut","champ:PreemptiveStrike+1"],"picked":"champ:ShieldWall","floor":25},{"not_picked":["champ:IronFortress","champ:BladeFlurry+1"],"picked":"champ:Endure","floor":27},{"not_picked":["champ:PerfectedStrike","champ:BerserkersShout"],"picked":"champ:MurderStrike","floor":28},{"not_picked":["champ:FancyFootwork+1","champ:ShieldWall","champ:StanceDance"],"picked":"SKIP","floor":29},{"not_picked":["champ:SetATrap","champ:BerserkersShout"],"picked":"champ:DefensiveShout+1","floor":31},{"not_picked":["champ:RisingSlash","champ:TornadoPunch"],"picked":"champ:EnGarde","floor":32}],"player_experience":360809,"relics_obtained":[{"floor":7.0,"key":"Regal Pillow"},{"floor":9.0,"key":"Smiling Mask"},{"floor":12.0,"key":"CloakClasp"},{"floor":14.0,"key":"Blood Vial"},{"floor":24,"key":"Unceasing Top"}],"event_choices":[],"is_beta":true,"boss_relics":[{"not_picked":["Runic Pyramid","Tiny House"],"picked":"Black Star"}],"items_purged_floors":[4,29],"is_endless":false,"potions_floor_spawned":[8,9,11,15,22,25,27,28,31],"killed_by":"DF_ARCHETYPE_CLAW","ascension_level":0}}