{"host":"ysj15tgd1sneq0s0","time":1612017822,"event":{"mods":["AchievementEnabler","BaseMod","DeckTracker","Highlight Path","Minty Spire (QoL Compilation)","Permanent Neow","Quick Restart","StSLib","SuperFastMode","everything is the same but u backflip on backflip"],"gold_per_floor":[111,127,144,144,160,160,177,127,150,150,75,108,127,145,145,247,247,257,267,100,116,135,135,170,170,170,199,251,265,265,364,364,465,465,479,479,479],"floor_reached":38,"language":"KOR","playtime":1709,"items_purged":["Strike_G","Strike_G"],"score":755,"play_id":"100fcc86-df8c-4b0c-866b-0ab4d1a5cc9e","local_time":"20210130234342","is_ascension_mode":true,"campfire_choices":[{"data":"Finisher","floor":6,"key":"SMITH"},{"data":"Cloak And Dagger","floor":15,"key":"SMITH"},{"data":"After Image","floor":23,"key":"SMITH"},{"data":"Blade Dance","floor":25,"key":"SMITH"},{"data":"Accuracy","floor":32,"key":"SMITH"}],"circlet_count":0,"master_deck":["Defend_G","Defend_G","Defend_G","Survivor","Neutralize","Blade Dance+1","Deflect","Finisher+1","Accuracy+1","Prepared","Adrenaline","Cloak And Dagger+1","After Image+1","Finisher","Accuracy","Cloak And Dagger+1","Noxious Fumes+1","Blade Dance","Accuracy"],"relics":["Ring of the Serpent","Blood Vial","Tiny Chest","Orichalcum","Empty Cage","Juzu Bracelet","Kunai","WingedGreaves","PreservedInsect"],"acts_visited":["Exordium","TheCity","TheBeyond"],"potions_floor_usage":[12,14,14,33,37],"damage_taken":[{"damage":0,"enemies":"Cultist","floor":1,"turns":4},{"damage":0,"enemies":"Jaw Worm","floor":2,"turns":5},{"damage":0,"enemies":"2 Louse","floor":3,"turns":2},{"damage":4,"enemies":"Blue Slaver","floor":5,"turns":4},{"damage":1,"enemies":"Exordium Wildlife","floor":7,"turns":4},{"damage":0,"enemies":"Gremlin Nob","floor":12,"turns":2},{"damage":5,"enemies":"Gremlin Gang","floor":13,"turns":4},{"damage":5,"enemies":"3 Louse","floor":14,"turns":2},{"damage":20,"enemies":"The Guardian","floor":16,"turns":7},{"damage":4,"enemies":"2 Thieves","floor":18,"turns":4},{"damage":0,"enemies":"Spheric Guardian","floor":19,"turns":2},{"damage":6,"enemies":"Chosen and Byrds","floor":21,"turns":5},{"damage":0,"enemies":"3 Cultists","floor":22,"turns":3},{"damage":0,"enemies":"Gremlin Leader","floor":24,"turns":5},{"damage":0,"enemies":"Book of Stabbing","floor":27,"turns":4},{"damage":9,"enemies":"Shelled Parasite and Fungi","floor":29,"turns":4},{"damage":38,"enemies":"Champ","floor":33,"turns":7},{"damage":1,"enemies":"Orb Walker","floor":35,"turns":3},{"damage":18,"enemies":"Donu and Deca","floor":37,"turns":7}],"seed_played":"7383169178992675990","potions_obtained":[{"floor":2,"key":"Explosive Potion"},{"floor":5,"key":"Swift Potion"},{"floor":7,"key":"LiquidBronze"},{"floor":14,"key":"FearPotion"},{"floor":16,"key":"SpeedPotion"},{"floor":19,"key":"SkillPotion"},{"floor":35,"key":"GamblersBrew"}],"is_trial":false,"path_per_floor":["M","M","M","?","M","R","M","?","T","?","$","E","M","M","R","B",null,"M","M","$","M","M","R","E","R","T","E","T","M","?","?","R","B",null,"M","?","B",null],"character_chosen":"THE_SILENT","items_purchased":["Accuracy"],"campfire_rested":0,"item_purchase_floors":[20],"current_hp_per_floor":[70,70,70,70,66,66,65,65,65,58,58,60,57,54,54,36,70,66,68,68,64,66,66,68,68,68,70,70,61,61,61,61,25,70,69,69,52],"gold":479,"neow_bonus":"REMOVE_CARD","is_daily":false,"chose_seed":false,"campfire_upgraded":5,"win_rate":0.0,"timestamp":1612017822,"path_taken":["M","M","?","?","M","R","?","?","T","?","?","E","?","M","R","BOSS","M","M","$","?","M","R","E","R","T","E","?","M","?","?","R","BOSS","M","?","BOSS"],"items_purchased_type":["Card"],"build_version":"2020-12-22","purchased_purges":2,"victory":true,"max_hp_per_floor":[70,70,70,70,70,70,70,70,70,70,70,70,70,70,70,70,70,70,70,70,70,70,70,70,70,70,70,70,70,70,70,70,70,70,70,70,70],"card_choices":[{"not_picked":["Predator","Acrobatics"],"picked":"Blade Dance","floor":1},{"not_picked":["Acrobatics","Backflip","Sucker Punch"],"picked":"SKIP","floor":2},{"not_picked":["Reflex","Sucker Punch"],"picked":"Deflect","floor":3},{"not_picked":["Quick Slash","Choke"],"picked":"Finisher","floor":5},{"not_picked":["All Out Attack","Backflip"],"picked":"Accuracy","floor":7},{"not_picked":["Expertise","Underhanded Strike"],"picked":"Prepared","floor":12},{"not_picked":["PiercingWail","Dagger Spray"],"picked":"Adrenaline","floor":13},{"not_picked":["Blur","Quick Slash"],"picked":"Cloak And Dagger","floor":14},{"not_picked":["Burst","Wraith Form v2"],"picked":"After Image","floor":16},{"not_picked":["Acrobatics","Riddle With Holes","Outmaneuver"],"picked":"SKIP","floor":18},{"not_picked":["Backstab","PiercingWail"],"picked":"Finisher","floor":19},{"not_picked":["Venomology","Backflip"],"picked":"Cloak And Dagger+1","floor":21},{"not_picked":["Dodge and Roll","Flying Knee","PiercingWail+1"],"picked":"SKIP","floor":22},{"not_picked":["Bullet Time","Dagger Throw","Reflex"],"picked":"SKIP","floor":24},{"not_picked":["Backstab","Choke"],"picked":"Noxious Fumes+1","floor":27},{"not_picked":["Masterful Stab","Deflect","PiercingWail"],"picked":"SKIP","floor":29},{"not_picked":["Slice+1","Dagger Spray"],"picked":"Accuracy","floor":35}],"player_experience":50686,"relics_obtained":[{"floor":9,"key":"Blood Vial"},{"floor":12,"key":"Orichalcum"},{"floor":24,"key":"Juzu Bracelet"},{"floor":26,"key":"Kunai"},{"floor":27,"key":"WingedGreaves"},{"floor":28,"key":"PreservedInsect"}],"event_choices":[{"cards_removed":["Defend_G"],"damage_healed":0,"gold_gain":0,"player_choice":"Purged","damage_taken":0,"max_hp_gain":0,"max_hp_loss":0,"event_name":"Purifier","floor":4,"gold_loss":0},{"cards_removed":["Strike_G"],"damage_healed":0,"gold_gain":0,"player_choice":"Card Removal","damage_taken":0,"max_hp_gain":0,"max_hp_loss":0,"event_name":"The Cleric","floor":8,"gold_loss":50},{"damage_healed":0,"gold_gain":0,"player_choice":"Success","damage_taken":7,"relics_obtained":["Tiny Chest"],"max_hp_gain":0,"max_hp_loss":0,"event_name":"Scrap Ooze","floor":10,"gold_loss":0},{"damage_healed":0,"gold_gain":0,"player_choice":"Read","damage_taken":0,"max_hp_gain":0,"max_hp_loss":0,"event_name":"The Library","floor":30,"gold_loss":0,"cards_obtained":["Blade Dance"]},{"damage_healed":0,"gold_gain":99,"player_choice":"Stole From Cult","damage_taken":0,"max_hp_gain":0,"max_hp_loss":0,"event_name":"Nest","floor":31,"gold_loss":0},{"damage_healed":0,"gold_gain":0,"player_choice":"Took Portal","damage_taken":0,"max_hp_gain":0,"max_hp_loss":0,"event_name":"SecretPortal","floor":36,"gold_loss":0}],"is_beta":false,"boss_relics":[{"not_picked":["Tiny House","SacredBark"],"picked":"Empty Cage"},{"not_picked":["Sozu","Black Star"],"picked":"Ring of the Serpent"}],"items_purged_floors":[11,20],"is_endless":false,"potions_floor_spawned":[2,5,7,14,16,19,21,29,35],"ascension_level":2}}