{"host":"oxttf2o6jwqrmkaz","time":1612027017,"event":{"mods":["100% Spire Juice","Act Like it!","BaseMod","Colored Map","Minty Spire (QoL Compilation)","StSLib","SuperFastMode"],"gold_per_floor":[119,219,231,231,231,251,275,60,72,118,10,48,60,92,104,116,116],"floor_reached":16,"language":"KOR","playtime":797,"items_purged":[],"score":118,"play_id":"7688d5e0-e2f3-4aa6-afbe-675108e78cea","local_time":"20210131021657","is_ascension_mode":false,"campfire_choices":[{"floor":11,"key":"REST"},{"data":"Moonworks:CastOff","floor":13,"key":"SMITH"},{"data":"Moonworks:IntelligenceOfficer","floor":15,"key":"SMITH"}],"circlet_count":0,"master_deck":["Moonworks:Strike","Moonworks:Strike","Moonworks:Strike","Moonworks:Defend","Moonworks:Defend","Moonworks:Defend","Moonworks:Defend","Moonworks:Ambush","Moonworks:LongDistanceShot","Moonworks:BackdoorTrade","Moonworks:NicePresent","Moonworks:IntelligenceOfficer+1","Moonworks:IndiscriminateFireSupport","Moonworks:FinalSurgery","Moonworks:ReflectiveShell","Moonworks:CastOff+1","Moonworks:ImOnFire"],"relics":["Moonworks:BrokenBomb","Moonworks:Homemark","NeowsBlessing","Nunchaku","MawBank","Darkstone Periapt","Shuriken","MealTicket"],"acts_visited":["Exordium"],"potions_floor_usage":[12],"damage_taken":[{"damage":0,"enemies":"2 Louse","floor":1,"turns":1},{"damage":0,"enemies":"Cultist","floor":3,"turns":1},{"damage":0,"enemies":"Small Slimes","floor":6,"turns":1},{"damage":28,"enemies":"Lagavulin","floor":8,"turns":10},{"damage":13,"enemies":"3 Sentries","floor":10,"turns":6},{"damage":18,"enemies":"Lagavulin","floor":12,"turns":4},{"damage":0,"enemies":"3 Louse","floor":14,"turns":3},{"damage":20,"enemies":"The Guardian","floor":16,"turns":8}],"seed_played":"5703479706358848260","potions_obtained":[{"floor":1,"key":"Swift Potion"},{"floor":6,"key":"SteroidPotion"},{"floor":8,"key":"GamblersBrew"},{"floor":14,"key":"BlessingOfTheForge"}],"is_trial":false,"path_per_floor":["M","?","M","?","?","M","T","E","T","E","R","E","R","M","R","B"],"character_chosen":"THE_STARBREAKER","items_purchased":[],"campfire_rested":1,"item_purchase_floors":[],"current_hp_per_floor":[60,60,60,60,60,60,60,32,32,19,37,19,19,19,19,0,0],"gold":116,"neow_bonus":"THREE_ENEMY_KILL","is_daily":false,"chose_seed":false,"campfire_upgraded":2,"win_rate":0.0,"timestamp":1612027017,"path_taken":["M","?","?","?","?","M","?","E","T","E","R","E","R","M","R","BOSS"],"items_purchased_type":[],"build_version":"2020-12-22","purchased_purges":0,"victory":false,"max_hp_per_floor":[60,60,60,60,60,60,60,60,60,60,60,60,60,60,60,60,60],"card_choices":[{"not_picked":["Moonworks:DeployBits","Moonworks:SelfDestruct"],"picked":"Moonworks:BackdoorTrade","floor":1},{"not_picked":["Moonworks:ImOnFire","Moonworks:Assault"],"picked":"Moonworks:NicePresent","floor":3},{"not_picked":["Moonworks:CloudOfSeagulls","Moonworks:JonathanRush"],"picked":"Moonworks:IndiscriminateFireSupport","floor":6},{"not_picked":["Moonworks:IndiscriminateFireSupport","Moonworks:CloudOfSeagulls"],"picked":"Moonworks:FinalSurgery","floor":8},{"not_picked":["Moonworks:UnluckyCharm","Moonworks:SweetBattle"],"picked":"Moonworks:ReflectiveShell","floor":10},{"not_picked":["Moonworks:CloudOfSeagulls","Moonworks:UnluckyCharm"],"picked":"Moonworks:CastOff","floor":12},{"not_picked":["Moonworks:CloudOfSeagulls","Moonworks:JonathanRush"],"picked":"Moonworks:ImOnFire","floor":14}],"player_experience":884081,"relics_obtained":[{"floor":7,"key":"Nunchaku"},{"floor":8,"key":"MawBank"},{"floor":9,"key":"Darkstone Periapt"},{"floor":10,"key":"Shuriken"},{"floor":12,"key":"MealTicket"}],"event_choices":[{"damage_healed":0,"gold_gain":100,"player_choice":"Pray","damage_taken":0,"max_hp_gain":0,"max_hp_loss":0,"event_name":"Golden Shrine","floor":2,"gold_loss":0},{"damage_healed":0,"gold_gain":0,"player_choice":"Ignored","damage_taken":0,"max_hp_gain":0,"max_hp_loss":0,"event_name":"Liars Game","floor":4,"gold_loss":0},{"damage_healed":0,"gold_gain":0,"cards_transformed":["Moonworks:Strike"],"player_choice":"Change","damage_taken":0,"max_hp_gain":0,"max_hp_loss":0,"event_name":"Living Wall","floor":5,"gold_loss":0,"cards_obtained":["Moonworks:IntelligenceOfficer"]}],"is_beta":false,"boss_relics":[],"items_purged_floors":[],"is_endless":false,"potions_floor_spawned":[1,6,8,14],"killed_by":"The Guardian","ascension_level":0}}