{"host":"vumwfieg2b2mnrfl","time":1612043293,"event":{"mods":["AchievementEnabler","BaseMod","Minty Spire (QoL Compilation)","Rare Cards Sparkle","Relic Stats"],"gold_per_floor":[410,410,428,428,443,443,475,475,523,271,302,102,102,121,121,224,224,238,253,168,168,168],"floor_reached":21,"language":"ENG","playtime":749,"items_purged":["Defend_B","Defend_B"],"score":281,"play_id":"1be2241a-a505-4af8-9879-5e3eef47b34b","local_time":"20210130154813","is_ascension_mode":true,"campfire_choices":[{"floor":6,"key":"REST"},{"floor":8,"key":"REST"},{"data":"Coolheaded","floor":15,"key":"SMITH"}],"circlet_count":0,"master_deck":["AscendersBane","Strike_B","Strike_B+1","Strike_B+1","Defend_B+1","Defend_B+1","Zap","Dualcast","Coolheaded+1","Capacitor","Barrage","Coolheaded","Capacitor","Echo Form","Undo+1","Ball Lightning+1"],"relics":["Cracked Core","Old Coin","Potion Belt","Whetstone","MealTicket","Sundial","Membership Card","Sozu","Emotion Chip"],"acts_visited":["Exordium","TheCity"],"potions_floor_usage":[7,16],"damage_taken":[{"damage":6,"enemies":"Cultist","floor":1,"turns":3},{"damage":5,"enemies":"Jaw Worm","floor":3,"turns":5},{"damage":0,"enemies":"2 Louse","floor":5,"turns":3},{"damage":29,"enemies":"3 Sentries","floor":7,"turns":10},{"damage":18,"enemies":"Lagavulin","floor":11,"turns":7},{"damage":21,"enemies":"Exordium Wildlife","floor":14,"turns":7},{"damage":20,"enemies":"The Guardian","floor":16,"turns":11},{"damage":23,"enemies":"Spheric Guardian","floor":18,"turns":5},{"damage":6,"enemies":"Chosen","floor":19,"turns":6},{"damage":32,"enemies":"Masked Bandits","floor":21,"turns":2}],"seed_played":"-391270618486535044","potions_obtained":[{"floor":5,"key":"EntropicBrew"},{"floor":7,"key":"Dexterity Potion"},{"floor":14,"key":"FocusPotion"},{"floor":16,"key":"SmokeBomb"}],"is_trial":false,"path_per_floor":["M","?","M","?","M","R","E","R","T","$","E","$","$","M","R","B",null,"M","M","?","?"],"character_chosen":"DEFECT","items_purchased":["MealTicket","Coolheaded","Membership Card"],"campfire_rested":2,"item_purchase_floors":[10,10,12],"current_hp_per_floor":[44,44,39,24,24,46,17,39,39,39,21,36,51,30,30,10,59,36,30,30,0,0],"gold":168,"neow_bonus":"ONE_RARE_RELIC","is_daily":false,"chose_seed":false,"campfire_upgraded":1,"win_rate":0.0,"timestamp":1612043293,"path_taken":["M","?","?","?","M","R","E","R","T","$","E","?","$","M","R","BOSS","M","M","?","?"],"items_purchased_type":["Relic","Card","Relic"],"build_version":"2020-12-22","purchased_purges":2,"victory":false,"max_hp_per_floor":[75,75,75,75,75,75,75,75,75,75,75,75,75,75,75,75,75,75,75,75,75,75],"relic_stats":{"Sozu":2,"Emotion Chip":[3,2,1,0,0],"counters":[10,59],"Sundial":[10],"MealTicket":30,"Whetstone":["Strike_B","Strike_B"],"obtain_stats":[{"Potion Belt":7,"Sozu":17,"Emotion Chip":20,"Sundial":11,"MealTicket":10,"Whetstone":9,"Membership Card":12,"Cracked Core":0,"Old Coin":0},{"Potion Belt":4,"Sozu":7,"Emotion Chip":9,"Sundial":5,"MealTicket":4,"Whetstone":4,"Membership Card":5,"Cracked Core":0,"Old Coin":0},{"Potion Belt":21,"Sozu":46,"Emotion Chip":57,"Sundial":28,"MealTicket":21,"Whetstone":21,"Membership Card":28,"Cracked Core":0,"Old Coin":0}]},"card_choices":[{"not_picked":["Rip and Tear","Steam"],"picked":"Coolheaded","floor":1},{"not_picked":["Streamline","Leap"],"picked":"Capacitor","floor":3},{"not_picked":["Sweeping Beam","Stack"],"picked":"Barrage","floor":5},{"not_picked":["Steam","Stack","Hologram"],"picked":"SKIP","floor":7},{"not_picked":["Rebound","Recycle","Fusion"],"picked":"SKIP","floor":11},{"not_picked":["Auto Shields","Conserve Battery"],"picked":"Capacitor","floor":14},{"not_picked":["Fission","Biased Cognition"],"picked":"Echo Form","floor":16},{"not_picked":["Turbo+1","Scrape+1"],"picked":"Undo+1","floor":18},{"not_picked":["Gash","Leap"],"picked":"Ball Lightning+1","floor":19}],"player_experience":502859,"relics_obtained":[{"floor":7,"key":"Potion Belt"},{"floor":9,"key":"Whetstone"},{"floor":11,"key":"Sundial"}],"event_choices":[{"cards_removed":["Strike_B"],"damage_healed":0,"gold_gain":0,"player_choice":"Offered Basic","damage_taken":0,"max_hp_gain":0,"max_hp_loss":0,"event_name":"Bonfire Elementals","floor":2,"gold_loss":0},{"damage_healed":0,"gold_gain":0,"player_choice":"Entered Light","damage_taken":15,"max_hp_gain":0,"max_hp_loss":0,"event_name":"Shining Light","floor":4,"gold_loss":0,"cards_upgraded":["Defend_B","Defend_B"]},{"damage_healed":0,"gold_gain":0,"player_choice":"Obtained Relic","damage_taken":0,"relics_obtained":["Emotion Chip"],"max_hp_gain":0,"max_hp_loss":0,"event_name":"Addict","floor":20,"gold_loss":85},{"damage_healed":0,"gold_gain":0,"player_choice":"Fought Bandits","damage_taken":0,"max_hp_gain":0,"max_hp_loss":0,"event_name":"Masked Bandits","floor":21,"gold_loss":0}],"is_beta":false,"boss_relics":[{"not_picked":["Nuclear Battery","Cursed Key"],"picked":"Sozu"}],"items_purged_floors":[10,12],"is_endless":false,"potions_floor_spawned":[5,7,14,16,18,19],"killed_by":"Masked Bandits","ascension_level":10}}