{"host":"15dd7v8o90xso62x","time":1612046047,"event":{"mods":["BaseMod","Minty Spire (QoL Compilation)","Quick Restart","StSLib","SuperFastMode"],"gold_per_floor":[111,124,124,49,65,65,80,80,80,108,108,8,22,42,42,42,42],"floor_reached":16,"language":"KOR","playtime":456,"items_purged":["Strike_G","Defend_G"],"score":184,"play_id":"c09610f1-02cb-4cf7-ba4f-7fbe052848e2","local_time":"20210131073407","is_ascension_mode":true,"campfire_choices":[{"data":"Prepared","floor":6.0,"key":"SMITH"},{"data":"Acrobatics","floor":11,"key":"SMITH"},{"floor":15,"key":"DIG"}],"circlet_count":0,"master_deck":["AscendersBane","Strike_G","Strike_G","Strike_G","Defend_G","Defend_G","Defend_G","Survivor","Neutralize","Tactician","Prepared+1","Acrobatics+1","Eviscerate"],"relics":["Ring of the Snake","Shovel","Ornamental Fan","Odd Mushroom","Letter Opener"],"acts_visited":["Exordium"],"potions_floor_usage":[10,14,16],"damage_taken":[{"damage":1.0,"enemies":"Small Slimes","floor":1.0,"turns":5.0},{"damage":6.0,"enemies":"Cultist","floor":2.0,"turns":4.0},{"damage":0.0,"enemies":"2 Louse","floor":5.0,"turns":4.0},{"damage":4.0,"enemies":"Blue Slaver","floor":7.0,"turns":7.0},{"damage":10,"enemies":"The Mushroom Lair","floor":10,"turns":3},{"damage":0,"enemies":"Exordium Thugs","floor":13,"turns":3},{"damage":5,"enemies":"Gremlin Gang","floor":14,"turns":5},{"damage":24,"enemies":"Slime Boss","floor":16,"turns":3}],"seed_played":"-4928554509598509050","potions_obtained":[{"floor":1.0,"key":"Explosive Potion"},{"floor":2.0,"key":"Dexterity Potion"},{"floor":13,"key":"ColorlessPotion"}],"is_trial":false,"path_per_floor":["M","M","?","$","M","R","M","?","T","?","R","$","M","M","R","B"],"character_chosen":"THE_SILENT","items_purchased":[],"campfire_rested":0,"item_purchase_floors":[],"current_hp_per_floor":[43,37,37,37,37,37,33,33,33,23,23,23,23,18,18,0,0],"gold":42,"neow_bonus":"ONE_RARE_RELIC","is_daily":false,"chose_seed":false,"campfire_upgraded":2,"win_rate":0.0,"timestamp":1612046047,"path_taken":["M","M","?","$","?","R","?","?","T","?","R","?","M","?","R","BOSS"],"items_purchased_type":[],"build_version":"2020-12-22","purchased_purges":2,"victory":false,"max_hp_per_floor":[66,66,66,66,66,66,66,66,66,66,66,66,66,66,66,66,66],"card_choices":[{"not_picked":["Terror","Deflect"],"picked":"Tactician","floor":1.0},{"not_picked":["Dagger Spray","Deadly Poison"],"picked":"Prepared","floor":2.0},{"not_picked":["Calculated Gamble","Dodge and Roll"],"picked":"Acrobatics","floor":5.0},{"not_picked":["Poisoned Stab","Slice"],"picked":"Eviscerate","floor":7.0},{"not_picked":["Quick Slash","Dodge and Roll","Catalyst"],"picked":"SKIP","floor":13},{"not_picked":["Setup","Eviscerate","Accuracy"],"picked":"SKIP","floor":14}],"player_experience":912520,"relics_obtained":[{"floor":9.0,"key":"Ornamental Fan"},{"floor":10,"key":"Odd Mushroom"},{"floor":15,"key":"Letter Opener"}],"event_choices":[{"cards_removed":["Defend_G"],"damage_healed":0.0,"max_hp_gain":0.0,"max_hp_loss":0.0,"gold_gain":0.0,"event_name":"Purifier","player_choice":"Purged","floor":3.0,"gold_loss":0.0,"damage_taken":0.0},{"cards_removed":["Strike_G"],"damage_healed":0.0,"max_hp_gain":0.0,"max_hp_loss":0.0,"gold_gain":0.0,"event_name":"Living Wall","player_choice":"Forget","floor":8.0,"gold_loss":0.0,"damage_taken":0.0},{"damage_healed":0,"gold_gain":0,"player_choice":"Fought Mushrooms","damage_taken":0,"max_hp_gain":0,"max_hp_loss":0,"event_name":"Mushrooms","floor":10,"gold_loss":0}],"is_beta":false,"boss_relics":[],"items_purged_floors":[4,12],"is_endless":false,"potions_floor_spawned":[1,2,13],"killed_by":"Slime Boss","ascension_level":20}}