{"host":"rn4c402gwd40h2z6","time":1612005212,"event":{"mods":["100% Spire Juice","A Penny For Your Troubles","AchievementEnabler","Act Like it!","Astrologer","BaseMod","CapriCore","Card Forge","Challenge The Spire","Chen","DNKmod","Data Control","Downfall","Friendly Minions","Gensokyo","Hallownest","Hermit","HumanHunterMod(怪物杀人mod)","Infinite Spire","KinomotoSakuraMod(木之本樱)","Koishi","LagranYue(拉格朗・月)","Lobotomy","LobotomyExtend","Mad Scientist","Marisa（F雨　魔理沙）","Minty Spire (QoL Compilation)","Quick Restart","Random Character Button","Reimu（博丽灵梦）","Relic Filter Mod","Remilia（蕾米莉亚）","Robot Space Explorer","RumiaBox-露米娅的神秘盒子","StSLib","Td1madao Mod","The Administrix","The Bug Knight","The Construct","The Cursed","The Gatherer","The Immortal","The Runesmith","The Saiyan","The Senshi","WarShipGirlsR/战舰少女R mod","Yakumo Yukari mod","Youmu（魂魄妖梦）","Yuyuko","[GremlinLeader]The Maniac","noobMod","【功能Mod】混沌之环修复补丁","【遗物卡牌】REMEMod"],"gold_per_floor":[118,118,118,132,148,185,204,228,252,252,282,282,282,294,294,381,381,400,54,81,104,113,140,156,190,190,202,211,183,183,183,183,265,265,290,341,341,360,149,149,159,159,184,193,219,288,328,341,341,301,304,304],"floor_reached":53,"language":"ZHS","playtime":5191,"items_purged":[],"score":2393,"play_id":"fdbc8c1e-42c4-49d9-8f97-fc0b702c14a4","local_time":"20210130191332","is_ascension_mode":true,"campfire_choices":[{"floor":12.0,"key":"REST"},{"floor":15.0,"key":"REST"},{"floor":32,"key":"REST"},{"floor":40,"key":"REST"},{"floor":49,"key":"REST"}],"circlet_count":0,"master_deck":["Coolheaded+1","Slimebound:PrepareCrush+1","Leap+1","Echo Form+1","Doom and Gloom+1","All For One+1","Cold Snap+1","Lockon+1","Sweeping Beam+1","Reboot+1","Compile Driver+1","Gensokyo:RedCapeBlueCape+1","Sweeping Beam+1","Doom and Gloom+1","Sunder+1","Sweeping Beam+1","Meteor Strike+1","Sweeping Beam+1","infinitespire:DeathsTouch+1","Sunder+1"],"relics":["sneckomod:SneckoSoul","Hammer of Thor","Seething Fire","Anvil of the Gods","REME_ComplimentaryCards","ice","CogitoBucket","RabbitCall","Baka2","LetterFromLob","CeramicFish","bronze:BronzeIdol","infinitespire:Cubic Diamond","Nuclear Battery","Mango","Medical Kit","infinitespire:Lucky Rock","infinitespire:PuzzleCube","Darkstone Periapt","AtMidnight","PureWhite:ReiMu","Gensokyo:ConquerorOfFear","Black Star","CatCart","TentaclePot:ReiMu","SumBook","Guardian:PocketSentry","LagranYue:WskJewelryRelic","DataDisk","Akabeko","Ginger"],"acts_visited":["Exordium","Gensokyo:Gensokyoer","TheBeyond"],"potions_floor_usage":[],"damage_taken":[{"damage":13.0,"enemies":"Jaw Worm","floor":1.0,"turns":5.0},{"damage":0.0,"enemies":"2 Louse","floor":3.0,"turns":2.0},{"damage":0.0,"enemies":"Small Slimes","floor":4.0,"turns":1.0},{"damage":0.0,"enemies":"Looter","floor":5.0,"turns":2.0},{"damage":0.0,"enemies":"3 Sentries","floor":6.0,"turns":3.0},{"damage":0.0,"enemies":"2 Fungi Beasts","floor":7.0,"turns":2.0},{"damage":1.0,"enemies":"HollowMod:MossKnight","floor":8.0,"turns":2.0},{"damage":0.0,"enemies":"Large Slime","floor":11.0,"turns":2.0},{"damage":0.0,"enemies":"Blue Slaver","floor":14.0,"turns":1.0},{"damage":482.0,"enemies":"Hexaghost","floor":16.0,"turns":3.0},{"damage":84.0,"enemies":"Gensokyo:CosmicMonolith","floor":18.0,"turns":3.0},{"damage":0.0,"enemies":"Gensokyo:Chomper","floor":20.0,"turns":2.0},{"damage":7.0,"enemies":"Gensokyo:Mirror_and_Dog","floor":21.0,"turns":1.0},{"damage":0.0,"enemies":"Gensokyo:Reisen","floor":23.0,"turns":1.0},{"damage":0.0,"enemies":"Gensokyo:Swordslinger","floor":24.0,"turns":1.0},{"damage":23.0,"enemies":"Gensokyo:Tenshi","floor":25.0,"turns":2.0},{"damage":2,"enemies":"Gensokyo:Wraith","floor":27,"turns":2},{"damage":0,"enemies":"Gensokyo:Koishi","floor":29,"turns":2},{"damage":17,"enemies":"Gensokyo:Eternal_Rivals","floor":33,"turns":3},{"damage":0,"enemies":"3 Darklings","floor":35,"turns":2},{"damage":0,"enemies":"Orin","floor":36,"turns":2},{"damage":14,"enemies":"3 Shapes","floor":38,"turns":1},{"damage":0,"enemies":"Maw","floor":41,"turns":1},{"damage":0,"enemies":"Reptomancer","floor":45,"turns":2},{"damage":33,"enemies":"Writhing Mass","floor":46,"turns":4},{"damage":0,"enemies":"HollowMod:StalkingDevout","floor":47,"turns":1},{"damage":1600,"enemies":"Transient","floor":48,"turns":6},{"damage":87,"enemies":"infinitespire:MassOfShapes","floor":50,"turns":9},{"damage":108,"enemies":"Awakened One","floor":51,"turns":3}],"seed_played":"2210245614876526349","potions_obtained":[{"floor":4.0,"key":"SkillPotion"},{"floor":5.0,"key":"Energy Potion"},{"floor":6.0,"key":"Energy Potion"}],"is_trial":false,"path_per_floor":["M","?","M","M","M","E","M","E","T","E","M","R","?","M","R","B",null,"M","COS","M","M","?","E","M","E","T","M","?","E","?","?","R","B",null,"M","?","?","M","$","R","M","T","T","AVR","E","M","E","M","R","B","B",null,null],"character_chosen":"DEFECT","items_purchased":["TentaclePot:ReiMu","Sweeping Beam"],"campfire_rested":5,"item_purchase_floors":[39,39],"current_hp_per_floor":[987,987,987,987,987,987,987,986,986,986,986,1000,1000,1000,1000,524,881,855,855,855,848,848,848,848,825,825,823,571,571,571,571,875,858,975,975,975,975,961,961,1014,1014,1014,1014,1014,1014,981,981,1015,1015,928,820,820],"gold":304,"neow_bonus":"","is_daily":false,"chose_seed":false,"campfire_upgraded":0,"win_rate":0.0,"timestamp":1612005212,"path_taken":["M","?","M","M","M","E","M","E","T","E","M","R","?","M","R","BOSS","M","COS","M","M","?","E","M","E","T","M","?","E","?","?","R","BOSS","M","?","?","?","$","R","M","?","T","AVR","E","?","E","M","R","BOSS","BOSS"],"items_purchased_type":["Relic","Card"],"build_version":"2020-12-22","purchased_purges":0,"victory":true,"max_hp_per_floor":[1000,1000,1000,1000,1000,1000,1000,1000,1000,1000,1000,1000,1000,1000,1000,1000,1000,1014,1014,1014,1014,1014,1014,1014,1014,1014,1014,1014,1014,1014,1014,1014,1014,1014,1014,1014,1014,1014,1014,1014,1014,1014,1014,1014,1014,1014,1014,1015,1015,1033,1043,1043],"card_choices":[{"not_picked":["Hello World","Gash"],"picked":"Coolheaded","floor":1.0},{"not_picked":["FairyFestival","LongBird","ShyLook"],"picked":"Singing Bowl","floor":3.0},{"not_picked":["Redo","Hologram"],"picked":"Leap","floor":3.0},{"not_picked":["MeatLantern","Scorched","OSAHOGD"],"picked":"Singing Bowl","floor":4.0},{"not_picked":["Coolheaded","Turbo"],"picked":"Echo Form","floor":4.0},{"not_picked":["CherryBlossoms","OldLady","ShyLook"],"picked":"Singing Bowl","floor":5.0},{"not_picked":["Double Energy","Sweeping Beam"],"picked":"Doom and Gloom","floor":5.0},{"not_picked":["Streamline","Darkness"],"picked":"All For One","floor":6.0},{"not_picked":["Wellcheers","NothingThere","CrumblingArmor"],"picked":"Singing Bowl","floor":6.0},{"not_picked":["Wellcheers","ShyLook","SpiderBud"],"picked":"Singing Bowl","floor":7.0},{"not_picked":["Turbo","Gash","Self Repair"],"picked":"SKIP","floor":7.0},{"not_picked":["OSAHOGD","ShyLook","BeautyBeast"],"picked":"Singing Bowl","floor":8.0},{"not_picked":["Redo","Beam Cell"],"picked":"Cold Snap","floor":8.0},{"not_picked":["Murderer","Mercenary","Wellcheers"],"picked":"Singing Bowl","floor":11.0},{"not_picked":["Coolheaded","BootSequence"],"picked":"Sweeping Beam","floor":11.0},{"not_picked":["RedShoes","PunishingBird","NakedNest"],"picked":"Singing Bowl","floor":14.0},{"not_picked":["Fusion","REME_Whirling","Chill"],"picked":"SKIP","floor":14.0},{"not_picked":["Wellcheers","SpiderBud","MeatLantern"],"picked":"Singing Bowl","floor":16.0},{"not_picked":["REME_ForAll","Electrodynamics"],"picked":"Reboot","floor":16.0},{"not_picked":["GreedKing","FieryBird","BigBadWolf"],"picked":"Singing Bowl","floor":18.0},{"not_picked":["Rebound","Cold Snap"],"picked":"Compile Driver","floor":18.0},{"not_picked":["Gash","Streamline"],"picked":"Sweeping Beam","floor":20.0},{"not_picked":["SpiderBud","LongBird","BigBird"],"picked":"Singing Bowl","floor":20.0},{"not_picked":["Bloodbath","Funeral","BigBird"],"picked":"Singing Bowl","floor":21.0},{"not_picked":["Fusion+1","Turbo"],"picked":"Doom and Gloom","floor":21.0},{"not_picked":["HeroicMonk","Murderer","Alriune"],"picked":"Singing Bowl","floor":23.0},{"not_picked":["Defragment","Genetic Algorithm","FTL"],"picked":"SKIP","floor":23.0},{"not_picked":["Hello World","Stack","Steam"],"picked":"SKIP","floor":24.0},{"not_picked":["Defragment","Electrodynamics","Blizzard"],"picked":"SKIP","floor":25},{"not_picked":["Gash","Darkness","Turbo"],"picked":"SKIP","floor":27},{"not_picked":["infinitespire:Gouge","infinitespire:TheBestDefense"],"picked":"infinitespire:Oblivion","floor":28},{"not_picked":["Rebound","Ball Lightning"],"picked":"Sweeping Beam+1","floor":29},{"not_picked":["Thunder Strike","Buffer"],"picked":"Meteor Strike","floor":33},{"not_picked":["Stack","Conserve Battery+1"],"picked":"Ball Lightning","floor":35},{"not_picked":["REME_Compress","Stack","Heatsinks"],"picked":"SKIP","floor":38},{"not_picked":["Rebound+1","Reinforced Body","Leap"],"picked":"SKIP","floor":41},{"not_picked":["Fusion","Chill","REME_Compress"],"picked":"SKIP","floor":45},{"not_picked":["Stack","Heatsinks","REME_Whirling"],"picked":"SKIP","floor":46},{"not_picked":["Stack","Heatsinks","REME_Whirling"],"picked":"SKIP","floor":46},{"not_picked":["Thunder Strike","Darkness+1"],"picked":"Sunder","floor":47},{"not_picked":["REME_Compress","Lockon+1","Beam Cell+1"],"picked":"SKIP","floor":48}],"player_experience":146891,"relics_obtained":[{"floor":1.0,"key":"Baka"},{"floor":3.0,"key":"Baka2"},{"floor":5.0,"key":"LetterFromLob"},{"floor":6.0,"key":"CeramicFish"},{"floor":6.0,"key":"REME_PuzzleBoxRelic"},{"floor":8.0,"key":"bronze:BronzeIdol"},{"floor":18.0,"key":"Mango"},{"floor":23.0,"key":"infinitespire:Lucky Rock"},{"floor":25,"key":"infinitespire:PuzzleCube"},{"floor":26,"key":"Darkstone Periapt"},{"floor":27,"key":"AtMidnight"},{"floor":29,"key":"PureWhite:ReiMu"},{"floor":33,"key":"Gensokyo:ConquerorOfFear"},{"floor":36,"key":"CatCart"},{"floor":42,"key":"SumBook"},{"floor":43,"key":"Guardian:PocketSentry"},{"floor":45,"key":"LagranYue:WskJewelryRelic"},{"floor":45,"key":"DataDisk"},{"floor":47,"key":"Akabeko"},{"floor":47,"key":"Ginger"}],"event_choices":[{"damage_healed":0.0,"max_hp_gain":0.0,"max_hp_loss":0.0,"gold_gain":0.0,"event_name":"Shining Light","player_choice":"Ignored","floor":2.0,"gold_loss":0.0,"damage_taken":0.0},{"damage_healed":0,"gold_gain":0,"player_choice":"Fight","damage_taken":0,"max_hp_gain":0,"max_hp_loss":0,"event_name":"OrinTheCat","floor":36,"gold_loss":0},{"damage_healed":0,"gold_gain":0,"player_choice":"Ignored","damage_taken":0,"max_hp_gain":0,"max_hp_loss":0,"event_name":"Transmorgrifier","floor":37,"gold_loss":0}],"is_beta":false,"boss_relics":[{"not_picked":["Inserter","Ectoplasm"],"picked":"Nuclear Battery"},{"not_picked":["Sozu","Runic Dome"],"picked":"Black Star"}],"items_purged_floors":[],"is_endless":false,"potions_floor_spawned":[4,5,6,14,16,20,21,23,33,41,45,46],"ascension_level":20}}