{"host":"s8eu5oacnz2jj6un","time":1612038386,"event":{"mods":["AchievementEnabler","Act Like it!","Astrologer","BaseMod","Colored Powertips","Downfall","Koishi","Marisa????????","Minty Spire (QoL Compilation)","Remilia??????","Replay The Spire","Shop Mod","StSLib","The Marked","The Servant 0.9.4","Yuyuko"],"gold_per_floor":[111,201,201,212,222,241,270,280,307,163,163,163,163,190,190,296,296,316,24,24,44,67,67,103,103,156,184,220,232,265,287,287,412,457,481,391,76,114,114,114,141,141,185,221,230,278,290,336,348,402,414,440],"floor_reached":53,"language":"ENG","playtime":7413,"items_purged":["Koishi:UnseenTerror"],"score":1003,"play_id":"9d65f99f-00ce-4e24-97fd-ab62410947c7","local_time":"20210130212626","is_ascension_mode":false,"campfire_choices":[{"floor":11.0,"key":"REST"},{"floor":13.0,"key":"REST"},{"floor":15.0,"key":"REST"},{"data":"Koishi:MassHysteria","floor":23.0,"key":"SMITH"},{"data":"Koishi:MassHysteria","floor":25.0,"key":"SMITH"},{"floor":32.0,"key":"REST"},{"data":"Koishi:ReleaseOfTheId","floor":42.0,"key":"SMITH"},{"floor":47.0,"key":"REST"},{"data":"Koishi:MassHysteria","floor":51,"key":"SMITH"}],"circlet_count":0,"master_deck":["Koishi:BasicStrike","Koishi:BasicStrike","Koishi:BasicStrike","Koishi:BasicDefend","Koishi:BasicDefend","Koishi:BasicDefend","Koishi:BasicDefend","Koishi:Provoke","Koishi:HauntingSlash","Koishi:GeneticsOfTheUnconscious","Koishi:SubterraneanRose","Koishi:FidgetySnatcher","Koishi:FidgetySnatcher","Koishi:MassHysteria+1","Koishi:ReflexRadar","Koishi:Bloodlust","Koishi:MassHysteria+1","Koishi:ReleaseOfTheId+1","Koishi:FadingMemory","Koishi:HeartAttack","Koishi:MassHysteria","Koishi:EmbersOfLove+1","Koishi:JumpScare","Koishi:UnconsciousUprising","Koishi:LastRemote+1","Koishi:SprinkleStarAndHeart+1","Koishi:FadingMemory","Koishi:HeartfeltFancy+1","Koishi:SubconsciousSweep","Koishi:FidgetySnatcher","Koishi:PerfectMindControl","Koishi:IdleWhim","Koishi:MassHysteria+1","CommonCold","Replay:Sluggish","Koishi:FidgetySnatcher","Koishi:UnconsciousUrges","Koishi:ReflexRadar","Koishi:SubconsciousSweep+1","Koishi:PhilosophyOfTheDespised","Koishi:MassHysteria","Overencumbered","Koishi:SubterraneanRose","Koishi:HeartfeltFancy+1","Parasite","Koishi:IdleWhim+1"],"relics":["Koishi:ImaginaryFriend","White Beast Statue","Replay:Bandana","Omamori","Centennial Puzzle","Cursed Key","Orrery","WarpedTongs","Regal Pillow","CeramicFish","Replay:Ancient Bell","Lantern","InkBottle","Koishi:ImperfectMetamorphosis","Pear","Orichalcum","Replay:WaspNest","MawBank"],"acts_visited":["Exordium","TheCity","TheBeyond"],"potions_floor_usage":[50,50],"damage_taken":[{"damage":0.0,"enemies":"Cultist","floor":1.0,"turns":6.0},{"damage":10.0,"enemies":"Small Slimes","floor":4.0,"turns":4.0},{"damage":0.0,"enemies":"2 Louse","floor":5.0,"turns":3.0},{"damage":26.0,"enemies":"Lots of Slimes","floor":6.0,"turns":3.0},{"damage":14.0,"enemies":"Lagavulin","floor":7.0,"turns":8.0},{"damage":0.0,"enemies":"Exordium Wildlife","floor":8.0,"turns":1.0},{"damage":13.0,"enemies":"3 Sentries","floor":14.0,"turns":5.0},{"damage":24.0,"enemies":"Fading Forest","floor":16.0,"turns":11.0},{"damage":0.0,"enemies":"Spheric Guardian","floor":18.0,"turns":3.0},{"damage":4.0,"enemies":"2 Thieves","floor":21.0,"turns":2.0},{"damage":8.0,"enemies":"Chosen and Byrds","floor":22.0,"turns":3.0},{"damage":10.0,"enemies":"Gremlin Leader","floor":24.0,"turns":4.0},{"damage":7.0,"enemies":"Centurion and Healer","floor":27.0,"turns":4.0},{"damage":12.0,"enemies":"3 Cultists","floor":28.0,"turns":4.0},{"damage":0.0,"enemies":"Snake Plant","floor":29.0,"turns":4.0},{"damage":14.0,"enemies":"Chosen and Byrds","floor":30.0,"turns":5.0},{"damage":10.0,"enemies":"Shelled Parasite and Fungi","floor":31.0,"turns":4.0},{"damage":41.0,"enemies":"Pondfish","floor":33.0,"turns":10.0},{"damage":2.0,"enemies":"Orb Walker","floor":35.0,"turns":3.0},{"damage":13.0,"enemies":"3 Shapes","floor":38.0,"turns":3.0},{"damage":0.0,"enemies":"Spire Growth","floor":41.0,"turns":4.0},{"damage":2.0,"enemies":"Reptomancer","floor":43.0,"turns":5.0},{"damage":10.0,"enemies":"Transient","floor":44.0,"turns":5.0},{"damage":43.0,"enemies":"Nemesis","floor":46.0,"turns":7.0},{"damage":8.0,"enemies":"3 Darklings","floor":48.0,"turns":5.0},{"damage":8,"enemies":"Writhing Mass","floor":50,"turns":5},{"damage":54,"enemies":"Awakened One","floor":52,"turns":9}],"seed_played":"8781274139618419171","potions_obtained":[{"floor":4.0,"key":"Milkshake"},{"floor":5.0,"key":"Guardian:BlockOnCardUsePotion"},{"floor":8.0,"key":"BlessingOfTheForge"},{"floor":16.0,"key":"LifebloodPotion"},{"floor":18.0,"key":"SkillPotion"},{"floor":21.0,"key":"DuplicationPotion"},{"floor":28.0,"key":"Regen Potion"},{"floor":29.0,"key":"sneckomod:MuddlingPotion"},{"floor":30.0,"key":"Strength Potion"},{"floor":31.0,"key":"ColorlessPotion"},{"floor":44.0,"key":"Energy Potion"},{"floor":46.0,"key":"Languid Potion"},{"floor":50,"key":"FairyPotion"}],"is_trial":false,"path_per_floor":["M","?","$","M","M","M","E","M","T","$","R","?","R","E","R","B",null,"M","$","?","M","M","R","E","R","T","M","M","M","M","M","R","B",null,"M","?","$","M","PTL","PTL","M","R","E","M","T","E","R","M","?","M","R","B",null],"character_chosen":"KOISHI","items_purchased":["Omamori","Orrery","Koishi:UnconsciousUrges","Pear","Koishi:UnconsciousUrges"],"campfire_rested":5,"item_purchase_floors":[10,19,19,37,37],"current_hp_per_floor":[60,60,60,51,51,26,13,13,13,13,31,31,49,37,55,39,60,60,60,60,59,53,53,46,46,46,41,32,36,24,16,49,8,60,58,58,68,59,59,59,62,62,62,69,69,30,66,62,62,54,54,4],"gold":452,"neow_bonus":"THREE_CARDS","is_daily":false,"chose_seed":false,"campfire_upgraded":4,"win_rate":0.0,"timestamp":1612038386,"path_taken":["M","?","$","?","?","M","E","M","T","$","R","?","R","E","R","BOSS","M","?","?","M","?","R","E","R","T","M","M","M","M","M","R","BOSS","M","?","?","M","PTL","PTL","M","R","E","M","T","E","R","M","?","M","R","BOSS"],"items_purchased_type":["Relic","Relic","Card","Relic","Card"],"build_version":"2020-12-22","purchased_purges":1,"victory":true,"max_hp_per_floor":[60,60,60,60,60,60,60,60,60,60,60,60,60,60,60,60,60,60,60,60,60,60,60,60,60,60,60,60,60,60,60,60,60,60,60,60,70,70,70,70,70,70,70,70,70,70,70,70,70,70,70,70],"card_choices":[{"not_picked":["Koishi:Prune","Koishi:UnansweredLove"],"picked":"Koishi:GeneticsOfTheUnconscious","floor":0.0},{"not_picked":["Koishi:ReflexRadar","Koishi:JumpScare"],"picked":"Koishi:SubterraneanRose","floor":1.0},{"not_picked":["Koishi:Untouchable","Koishi:UnansweredLove"],"picked":"Koishi:FidgetySnatcher","floor":2.0},{"not_picked":["Koishi:Prune","Koishi:EmbryosDream"],"picked":"Koishi:FidgetySnatcher","floor":2.0},{"not_picked":["Koishi:JumpScare","Koishi:VengefulSpirit"],"picked":"Koishi:MassHysteria","floor":2.0},{"not_picked":["Koishi:StingingMind","Koishi:PhantomStrike"],"picked":"Koishi:GrowingPain","floor":4.0},{"not_picked":["Koishi:Jaunt","Koishi:SpiritedAway"],"picked":"Koishi:ReflexRadar","floor":5.0},{"not_picked":["Koishi:FleetingPhantom","Koishi:Jaunt"],"picked":"Koishi:Bloodlust","floor":6.0},{"not_picked":["Koishi:BloodcurdlingScream","Koishi:FleetingPhantom"],"picked":"Koishi:MassHysteria","floor":7.0},{"not_picked":["Koishi:PredatoryInstincts","Koishi:Catatonia","Koishi:StingingMind"],"picked":"SKIP","floor":8.0},{"not_picked":["Koishi:RacingHeart","Koishi:ApparitionsStalkTheNight"],"picked":"Koishi:ReleaseOfTheId","floor":14.0},{"not_picked":["Koishi:Heartbroken","Koishi:ImGoingToCallYouNow"],"picked":"Koishi:FadingMemory","floor":16.0},{"not_picked":["Koishi:EmbersOfLove","Koishi:SpiritedAway"],"picked":"Koishi:HeartAttack","floor":18.0},{"not_picked":["Koishi:BloodcurdlingScream","Koishi:JumpScare+1"],"picked":"Koishi:MassHysteria","floor":19.0},{"not_picked":["Koishi:YoukaiPolygraph","Koishi:FreudianInstinct"],"picked":"Koishi:EmbersOfLove+1","floor":19.0},{"not_picked":["Koishi:YoukaiPolygraph","Koishi:BloodcurdlingScream"],"picked":"Koishi:JumpScare","floor":19.0},{"not_picked":["Koishi:FleetingPhantom","Koishi:ReflexRadar"],"picked":"Koishi:UnconsciousUprising","floor":19.0},{"not_picked":["Koishi:MindNumbingTerror+1","Koishi:BloodcurdlingScream"],"picked":"Koishi:UnseenTerror","floor":19.0},{"not_picked":["Koishi:BloodcurdlingScream+1","Koishi:Prune"],"picked":"Koishi:LastRemote+1","floor":21.0},{"not_picked":["Koishi:ParalyzingFear","Koishi:ReflexRadar+1"],"picked":"Koishi:SprinkleStarAndHeart+1","floor":22.0},{"not_picked":["Koishi:ReflexRadar","Koishi:BloodcurdlingScream"],"picked":"Koishi:FadingMemory","floor":24.0},{"not_picked":["Koishi:UnansweredLove","Koishi:FleetingPhantom"],"picked":"Koishi:HeartfeltFancy","floor":27.0},{"not_picked":["Koishi:BloodcurdlingScream","Koishi:PhantomBarrier"],"picked":"Koishi:SubconsciousSweep","floor":28.0},{"not_picked":["Koishi:RacingHeart","Koishi:FourthEye+1","Koishi:UnconsciousUprising"],"picked":"SKIP","floor":29.0},{"not_picked":["Koishi:RacingHeart+1","Koishi:SubterraneanRose"],"picked":"Koishi:FidgetySnatcher","floor":30.0},{"not_picked":["Koishi:RuptureMind","Koishi:JumpScare+1","Koishi:MindNumbingTerror"],"picked":"SKIP","floor":31.0},{"not_picked":["Koishi:TerrifyingSpectre","Koishi:SuperEgo"],"picked":"Koishi:PerfectMindControl","floor":33.0},{"not_picked":["Shame","Doubt"],"picked":"CommonCold","floor":34.0},{"not_picked":["CurseOfTheBell","Wrath_TH"],"picked":"Injury","floor":34.0},{"not_picked":["Lust_TH","Replay:Hysterical Blindness"],"picked":"Replay:Sluggish","floor":34.0},{"not_picked":["Koishi:UnseenTerror","Koishi:DreadfulBlow"],"picked":"Koishi:FidgetySnatcher","floor":35.0},{"not_picked":["Koishi:ParalyzingFear","Koishi:UnansweredLove+1"],"picked":"Koishi:ReflexRadar","floor":38.0},{"not_picked":["Koishi:Prune+1","Koishi:PhantomStrike"],"picked":"Koishi:SubconsciousSweep+1","floor":41.0},{"not_picked":["Koishi:GrowingPain","Koishi:TraumaticStroke"],"picked":"Koishi:PhilosophyOfTheDespised","floor":43.0},{"not_picked":["Koishi:Vanish","Koishi:SubconsciousSweep+1"],"picked":"Koishi:MassHysteria","floor":44.0},{"not_picked":["Koishi:Ego","Koishi:DreadfulBlow"],"picked":"Koishi:SubterraneanRose","floor":46.0},{"not_picked":["Koishi:JumpScare+1","Koishi:VengefulSpirit+1"],"picked":"Koishi:HeartfeltFancy+1","floor":48.0},{"not_picked":["Koishi:GhostParty","Koishi:UnansweredLove+1"],"picked":"Koishi:IdleWhim+1","floor":50}],"player_experience":768327,"relics_obtained":[{"floor":7.0,"key":"White Beast Statue"},{"floor":9.0,"key":"Replay:Bandana"},{"floor":14.0,"key":"Centennial Puzzle"},{"floor":24.0,"key":"Regal Pillow"},{"floor":26.0,"key":"CeramicFish"},{"floor":43.0,"key":"Orichalcum"},{"floor":45.0,"key":"Replay:WaspNest"},{"floor":46.0,"key":"MawBank"}],"event_choices":[{"cards_removed":["Koishi:GrowingPain"],"damage_healed":0.0,"max_hp_gain":0.0,"max_hp_loss":0.0,"gold_gain":0.0,"event_name":"Purifier","player_choice":"Purged","floor":12.0,"gold_loss":0.0,"damage_taken":0.0},{"damage_healed":0.0,"max_hp_gain":0.0,"max_hp_loss":0.0,"gold_gain":0.0,"event_name":"Accursed Blacksmith","player_choice":"Rummage","floor":20.0,"gold_loss":0.0,"damage_taken":0.0,"relics_obtained":["WarpedTongs"],"cards_obtained":["Pain"]},{"cards_removed":["Injury"],"damage_healed":0.0,"max_hp_gain":0.0,"max_hp_loss":0.0,"gold_gain":0.0,"event_name":"Designer","player_choice":"Upgrade and Remove","floor":36.0,"gold_loss":90.0,"damage_taken":0.0,"cards_upgraded":["Koishi:HeartfeltFancy"]},{"cards_removed":["Koishi:UnconsciousUrges"],"damage_healed":0.0,"max_hp_gain":0.0,"max_hp_loss":0.0,"gold_gain":0.0,"event_name":"Falling","player_choice":"Removed Power","floor":49.0,"gold_loss":0.0,"damage_taken":0.0}],"is_beta":false,"boss_relics":[{"not_picked":["ReplayTheSpireMod:DimensionalGlitch","Replay:Bronze Core"],"picked":"Cursed Key"},{"not_picked":["Abe\u0027s Treasure","Kintsugi"],"picked":"Replay:Ancient Bell"},{"not_picked":["Anchor","ReplayTheSpireMod:Lightbulb"],"picked":"Lantern"},{"not_picked":["Replay:Bottled Snecko","Koishi:TeethAndClaws"],"picked":"InkBottle"},{"not_picked":["Counterbalance","Koishi:EchoesOfADeadGirl"],"picked":"Koishi:ImperfectMetamorphosis"}],"items_purged_floors":[19],"is_endless":false,"potions_floor_spawned":[4,5,8,14,16,18,21,22,24,27,28,29,30,31,33,35,38,41,43,44,46,48,50],"ascension_level":0}}