{"host":"yzb2zje941uub2vb","time":1612028568,"event":{"mods":["BaseMod","Minty Spire (QoL Compilation)","The Construct"],"gold_per_floor":[117,71,71,71,86,120,120,133,133,147,160,160,160],"floor_reached":12,"language":"ZHS","playtime":862,"items_purged":[],"score":80,"play_id":"bfe4912b-7f63-4a0e-b036-b9ce50d1a4e7","local_time":"20210130184248","is_ascension_mode":false,"campfire_choices":[{"data":"construct:DefenseMode","floor":7,"key":"SMITH"}],"circlet_count":0,"master_deck":["construct:Strike_Gold","construct:Strike_Gold","construct:Strike_Gold+1","construct:Strike_Gold","construct:Strike_Gold","construct:Defend_Gold","construct:Defend_Gold","construct:Defend_Gold","construct:Defend_Gold","construct:Defend_Gold+1","construct:AttackMode","construct:DefenseMode+1","construct:ShiftStrike","construct:Autoturret","construct:ChargeShot","construct:ShiftGuard+1","construct:Autoturret","construct:ModeShift+1"],"relics":["construct:Cogwheel","Toxic Egg 2","Boot"],"acts_visited":["Exordium"],"potions_floor_usage":[],"damage_taken":[{"damage":5.0,"enemies":"Small Slimes","floor":1.0,"turns":5.0},{"damage":11.0,"enemies":"Jaw Worm","floor":5.0,"turns":2.0},{"damage":27,"enemies":"3 Sentries","floor":6,"turns":26},{"damage":0,"enemies":"Cultist","floor":8,"turns":12},{"damage":6,"enemies":"3 Louse","floor":10,"turns":10},{"damage":9,"enemies":"Lots of Slimes","floor":11,"turns":8},{"damage":41,"enemies":"Gremlin Nob","floor":12,"turns":8}],"seed_played":"1161503462993047863","potions_obtained":[{"floor":1.0,"key":"construct:MegaPotion"},{"floor":11,"key":"AttackPotion"}],"is_trial":false,"path_per_floor":["M","$","?","?","M","E","R","M","T","M","M","E"],"character_chosen":"THE_CONSTRUCT_MOD","items_purchased":["construct:Autoturret"],"campfire_rested":0,"item_purchase_floors":[2],"current_hp_per_floor":[88,88,69,93,82,55,55,55,55,49,40,0,0],"gold":160,"neow_bonus":"TEN_PERCENT_HP_BONUS","is_daily":false,"chose_seed":false,"campfire_upgraded":1,"win_rate":0.0,"timestamp":1612028568,"path_taken":["M","$","?","?","M","E","R","M","T","M","M","E"],"items_purchased_type":["Card"],"build_version":"2020-12-22","purchased_purges":0,"victory":false,"max_hp_per_floor":[93,93,93,93,93,93,93,93,93,93,93,93,93],"card_choices":[{"not_picked":["construct:ForceCore","construct:Forcefield"],"picked":"construct:ShiftStrike","floor":1.0},{"not_picked":["construct:FierceBash","construct:SaveState"],"picked":"construct:ChargeShot","floor":5.0},{"not_picked":["construct:HammerDown","construct:Chainstrike"],"picked":"construct:ShiftGuard+1","floor":6},{"not_picked":["construct:Accumulate","construct:ScrapCannon","construct:Versatility"],"picked":"SKIP","floor":8},{"not_picked":["construct:Electrocute","construct:SyphonStrike"],"picked":"construct:Autoturret","floor":10},{"not_picked":["construct:ShieldGenerator","construct:HeavyBolt"],"picked":"construct:ModeShift+1","floor":11}],"player_experience":102124,"relics_obtained":[{"floor":6,"key":"Toxic Egg 2"},{"floor":9,"key":"Boot"}],"event_choices":[{"damage_healed":0.0,"max_hp_gain":0.0,"max_hp_loss":0.0,"gold_gain":0.0,"event_name":"Shining Light","player_choice":"Entered Light","floor":3.0,"gold_loss":0.0,"damage_taken":19.0,"cards_upgraded":["construct:Defend_Gold","construct:Strike_Gold"]},{"damage_healed":24.0,"max_hp_gain":0.0,"max_hp_loss":0.0,"gold_gain":0.0,"event_name":"Wheel of Change","player_choice":"Full Heal","floor":4.0,"gold_loss":0.0,"damage_taken":0.0}],"is_beta":false,"boss_relics":[],"items_purged_floors":[],"is_endless":false,"potions_floor_spawned":[1,11],"killed_by":"Gremlin Nob","ascension_level":0}}