{"host":"4pckc3u5mqcilakq","time":1612030696,"event":{"mods":["AchievementEnabler","BaseMod","Colored Map","Colored Powertips","Highlight Path","Minty Spire (QoL Compilation)"],"gold_per_floor":[117,117,131,144,163,194,194,224,248,248,248,258,299,318,318,431,431,458,231,240,266,291,329,244,244,291,291,64,64,14,48,48,160,160,176,176,186,211,211,211],"floor_reached":39,"language":"ENG","playtime":1576,"items_purged":["Strike_P","Writhe","Strike_P"],"score":631,"play_id":"bbde0695-c742-4d95-90c3-131694d62ef3","local_time":"20210130211816","is_ascension_mode":true,"campfire_choices":[{"data":"Ragnarok","floor":7.0,"key":"SMITH"},{"data":"SignatureMove","floor":10.0,"key":"SMITH"},{"data":"Eruption","floor":15.0,"key":"SMITH"},{"data":"Devotion","floor":25,"key":"SMITH"},{"data":"Conclude","floor":27,"key":"SMITH"},{"data":"TalkToTheHand","floor":29,"key":"SMITH"},{"data":"Wireheading","floor":32,"key":"SMITH"}],"circlet_count":0,"master_deck":["Strike_P","Strike_P","Defend_P+1","Defend_P","Defend_P","Defend_P","Eruption+1","Vigilance","CarveReality","SignatureMove+1","EmptyFist","Ragnarok+1","Conclude+1","ClearTheMind+1","Swivel","FearNoEvil","Devotion+1","CutThroughFate+1","Fasting2","Wireheading+1","TalkToTheHand+1","ThirdEye","LessonLearned+1"],"relics":["PureWater","NeowsBlessing","Boot","War Paint","Regal Pillow","CeramicFish","Runic Dome","Lantern","Orichalcum","Damaru","CaptainsWheel","Smiling Mask","PreservedInsect","ClockworkSouvenir","Art of War","Coffee Dripper","Mummified Hand"],"acts_visited":["Exordium","TheCity","TheBeyond"],"potions_floor_usage":[23,23,23,39],"damage_taken":[{"damage":0.0,"enemies":"2 Louse","floor":1.0,"turns":1.0},{"damage":0.0,"enemies":"Cultist","floor":3.0,"turns":1.0},{"damage":0.0,"enemies":"Jaw Worm","floor":4.0,"turns":1.0},{"damage":11.0,"enemies":"Exordium Thugs","floor":5.0,"turns":4.0},{"damage":0.0,"enemies":"Lagavulin","floor":6.0,"turns":4.0},{"damage":0.0,"enemies":"Gremlin Nob","floor":8.0,"turns":2.0},{"damage":3.0,"enemies":"3 Louse","floor":12.0,"turns":3.0},{"damage":7.0,"enemies":"3 Sentries","floor":13.0,"turns":4.0},{"damage":6.0,"enemies":"Looter","floor":14.0,"turns":2.0},{"damage":19,"enemies":"Hexaghost","floor":16,"turns":7},{"damage":0,"enemies":"Spheric Guardian","floor":18,"turns":1},{"damage":4,"enemies":"Chosen","floor":21,"turns":2},{"damage":11,"enemies":"Slavers","floor":23,"turns":3},{"damage":2,"enemies":"Book of Stabbing","floor":31,"turns":4},{"damage":29,"enemies":"Collector","floor":33,"turns":4},{"damage":0,"enemies":"Orb Walker","floor":35,"turns":3},{"damage":46,"enemies":"3 Darklings","floor":37,"turns":4},{"damage":21,"enemies":"Transient","floor":39,"turns":4}],"seed_played":"-4440723596271746572","potions_obtained":[{"floor":3.0,"key":"Swift Potion"},{"floor":5.0,"key":"BottledMiracle"},{"floor":6.0,"key":"SneckoOil"},{"floor":8.0,"key":"ColorlessPotion"},{"floor":16,"key":"Explosive Potion"},{"floor":18,"key":"Weak Potion"},{"floor":23,"key":"FearPotion"},{"floor":35,"key":"Fire Potion"},{"floor":37,"key":"Dexterity Potion"}],"is_trial":false,"path_per_floor":["M","?","M","M","M","E","R","E","T","R","?","M","E","M","R","B",null,"M","$","?","M","T","E","?","R","T","R","$","R","$","E","R","B",null,"M","T","M","T","M"],"character_chosen":"WATCHER","items_purchased":["Lantern","ClockworkSouvenir","TalkToTheHand"],"campfire_rested":0,"item_purchase_floors":[19,28,28],"current_hp_per_floor":[65,65,65,65,54,54,54,54,54,54,54,51,44,38,38,19,59,59,59,59,55,55,44,44,44,44,44,44,44,44,42,42,13,57,57,57,11,11,0,0],"gold":211,"neow_bonus":"THREE_ENEMY_KILL","is_daily":false,"chose_seed":false,"campfire_upgraded":7,"win_rate":0.0,"timestamp":1612030696,"path_taken":["M","?","?","M","M","E","R","E","T","R","?","M","E","M","R","BOSS","M","$","?","M","?","E","?","R","T","R","?","R","$","E","R","BOSS","M","?","M","?","M"],"items_purchased_type":["Relic","Relic","Card"],"build_version":"2020-12-22","purchased_purges":3,"victory":false,"max_hp_per_floor":[72,72,72,72,72,72,72,72,72,72,72,72,72,72,72,72,72,72,72,72,72,72,72,72,72,72,72,72,72,72,72,72,72,72,72,72,72,72,72,72],"card_choices":[{"not_picked":["Consecrate","EmptyFist"],"picked":"CarveReality","floor":1.0},{"not_picked":["Protect","JustLucky"],"picked":"SignatureMove","floor":3.0},{"not_picked":["ThirdEye","ClearTheMind"],"picked":"EmptyFist","floor":4.0},{"not_picked":["Collect","Prostrate"],"picked":"Ragnarok","floor":5.0},{"not_picked":["DeusExMachina","JustLucky"],"picked":"Conclude","floor":6.0},{"not_picked":["Fasting2","FlurryOfBlows"],"picked":"ClearTheMind","floor":8.0},{"not_picked":["PathToVictory","CrushJoints","FlurryOfBlows"],"picked":"SKIP","floor":12.0},{"not_picked":["Perseverance","Nirvana"],"picked":"Swivel","floor":13.0},{"not_picked":["ClearTheMind","WaveOfTheHand"],"picked":"FearNoEvil","floor":14.0},{"not_picked":["DeusExMachina","MasterReality"],"picked":"Devotion","floor":16},{"not_picked":["BattleHymn","EmptyFist"],"picked":"CutThroughFate","floor":18},{"not_picked":["SashWhip","Crescendo"],"picked":"Fasting2","floor":21},{"not_picked":["CrushJoints","DevaForm"],"picked":"Wireheading","floor":23},{"not_picked":["Tantrum+1","PathToVictory"],"picked":"ThirdEye","floor":31},{"not_picked":["Ragnarok","Blasphemy"],"picked":"LessonLearned","floor":33},{"not_picked":["Indignation+1","Consecrate","PathToVictory+1"],"picked":"SKIP","floor":35},{"not_picked":["Pray","Prostrate","BowlingBash+1"],"picked":"SKIP","floor":37}],"player_experience":226588,"relics_obtained":[{"floor":6.0,"key":"Boot"},{"floor":8.0,"key":"War Paint"},{"floor":9.0,"key":"Regal Pillow"},{"floor":13.0,"key":"CeramicFish"},{"floor":22,"key":"Damaru"},{"floor":23,"key":"CaptainsWheel"},{"floor":26,"key":"PreservedInsect"},{"floor":31,"key":"Art of War"},{"floor":36,"key":"Mummified Hand"}],"event_choices":[{"damage_healed":0.0,"max_hp_gain":0.0,"max_hp_loss":0.0,"gold_gain":0.0,"event_name":"Match and Keep!","player_choice":"0 cards matched","floor":2.0,"gold_loss":0.0,"damage_taken":0.0,"cards_obtained":[]},{"damage_healed":0.0,"max_hp_gain":0.0,"max_hp_loss":0.0,"gold_gain":0.0,"event_name":"Liars Game","player_choice":"Ignored","floor":11.0,"gold_loss":0.0,"damage_taken":0.0},{"damage_healed":0,"gold_gain":0,"player_choice":"Opened","damage_taken":0,"relics_obtained":["Orichalcum"],"max_hp_gain":0,"max_hp_loss":0,"event_name":"The Mausoleum","floor":20,"gold_loss":0,"cards_obtained":["Writhe"]},{"damage_healed":0,"gold_gain":0,"player_choice":"Obtained Relic","damage_taken":0,"relics_obtained":["Smiling Mask"],"max_hp_gain":0,"max_hp_loss":0,"event_name":"Addict","floor":24,"gold_loss":85}],"is_beta":false,"boss_relics":[{"not_picked":["Fusion Hammer","Velvet Choker"],"picked":"Runic Dome"},{"not_picked":["SacredBark","HolyWater"],"picked":"Coffee Dripper"}],"items_purged_floors":[19,28,30],"is_endless":false,"potions_floor_spawned":[3,5,6,8,16,18,23,35,37],"killed_by":"Transient","ascension_level":6}}