{"host":"4a0aa7b2d8dxohwr","time":1612015543,"event":{"mods":["ATMod(∞¢Ë™Mod)","Act Like it!","BaseMod","Dota2Spire","Friendly Minions","Gensokyo","GifTheSpireLib","GungeonMod","Marisa£®ÏF”Í°°ƒß¿Ì…≥£©","Minty Spire (QoL Compilation)","Reimu£®≤©¿ˆ¡È√Œ£©","Reliquary","Remilia£®¿Ÿ√◊¿Ú—«£©","Shop Mod","StSLib","The Cursed","The Senshi","The Servant 0.9.4","Youmu£®ªÍ∆«—˝√Œ£©","[IsaacMod]“‘»ˆº‚À˛","°æ“≈ŒÔø®≈∆°øREMEMod"],"gold_per_floor":[115,115,140,158,169,204,204,217,241,241,241,86,101,18,18,119,119,134,134,234,252,271,271,299,299,299,319,332,350,384,127,127,225,225,236,236,454,492,510,510,541,541,541,225,256,256,199,213,213,213,213,213,237,265,265],"floor_reached":56,"language":"ZHS","playtime":2976,"items_purged":["Strike_R","Strike_R","Strike_R"],"score":2375,"play_id":"b5a108f9-c45c-42d7-af9c-1b92b72d5a98","local_time":"20210130220543","is_ascension_mode":true,"campfire_choices":[{"data":"Armaments","floor":7.0,"key":"SMITH"},{"data":"Body Slam","floor":10.0,"key":"SMITH"},{"data":"Devotion","floor":15,"key":"SMITH"},{"data":"True Grit","floor":23,"key":"SMITH"},{"data":"REME_ACTH","floor":32,"key":"SMITH"},{"data":"Barricade","floor":40,"key":"SMITH"},{"data":"AT_Dispersion","floor":42,"key":"SMITH"},{"floor":49,"key":"RECALL"},{"data":"Dual Wield","floor":52,"key":"SMITH"}],"circlet_count":0,"master_deck":["Strike_R+1","Strike_R","Defend_R","Defend_R","Defend_R+1","Defend_R","Devotion+1","Armaments+1","AT_ShrugMaster+1","Dropkick","REME_ACTH+1","Body Slam+1","Double Tap","True Grit+1","Inflame","AT_Dispersion+1","REME_Cut+1","Barricade+1","AT_FamilyPortrait+1","REME_Scribble+1","Pommel Strike+1","Dual Wield+1","Uppercut"],"relics":["Burning Blood","HushsDoor","AT_ATBox","REME_ComplimentaryCards","BookOfRevelations","Vajra","Tea:ReiMu","Calipers","Whetstone","Gensokyo:NagashiBinaDoll","PreservedInsect","Black Star","GuppysTail","GuppysHairball","Gensokyo:ConquerorOfFear","Dota2Spire:EyeOfSkadi","Dota2Spire:Butterfly","DemoMod:GundromedaStrain","AnarchistCookbook","Incense Burner","DemoMod:SuperHotWatch","DemoMod:MemoryAlloy","TheBattery","MagicMushroom","reliquary:OuijaBoard","BookofShadows","War Paint","reliquary:PurpleTingedLeaf","Membership Card","reliquary:Aerogel","Dota2Spire:ArcaneBoots","SteamSale","Regal Pillow","Du-Vu Doll","MerchantsRug","reliquary:SharkskinSheath","Anchor","Habit","DemoMod:GlassGuonStoneRelic","DemoMod:Bottle","reliquary:BoilingFlask"],"acts_visited":["Exordium","Gensokyo:Gensokyo","TheBeyond","TheEnding"],"potions_floor_usage":[16,41,45,54,55],"damage_taken":[{"damage":6.0,"enemies":"Gensokyo:2_Kodama","floor":1.0,"turns":6.0},{"damage":0.0,"enemies":"Gensokyo:Aya","floor":3.0,"turns":7.0},{"damage":5.0,"enemies":"Gensokyo:3_Fairies","floor":4.0,"turns":3.0},{"damage":0.0,"enemies":"Gensokyo:Python","floor":5.0,"turns":4.0},{"damage":6.0,"enemies":"Gensokyo:Mamizou","floor":6.0,"turns":7.0},{"damage":0.0,"enemies":"Gensokyo:VengefulSpirit","floor":8.0,"turns":3.0},{"damage":2,"enemies":"Gensokyo:2_Rabbits","floor":13,"turns":3},{"damage":0,"enemies":"Gensokyo:Kokoro","floor":16,"turns":8},{"damage":1,"enemies":"Gensokyo:AngelMirror","floor":18,"turns":3},{"damage":18,"enemies":"Gensokyo:AngelMirror","floor":20,"turns":8},{"damage":0,"enemies":"Gensokyo:2_Gloops","floor":21,"turns":6},{"damage":0,"enemies":"Gensokyo:Mirror_and_Dog","floor":22,"turns":4},{"damage":13,"enemies":"Gensokyo:Tenshi","floor":24,"turns":3},{"damage":0,"enemies":"Gensokyo:Wraith","floor":27,"turns":5},{"damage":5,"enemies":"Gensokyo:Chomper_and_Gloop","floor":28,"turns":4},{"damage":0,"enemies":"Gensokyo:Swordslinger","floor":29,"turns":2},{"damage":4,"enemies":"Gensokyo:Reisen","floor":30,"turns":4},{"damage":1,"enemies":"Gensokyo:Kaguya","floor":33,"turns":9},{"damage":0,"enemies":"Orb Walker","floor":35,"turns":2},{"damage":3,"enemies":"3 Darklings","floor":37,"turns":4},{"damage":11,"enemies":"Spire Growth","floor":38,"turns":3},{"damage":0,"enemies":"Jaw Worm Horde","floor":39,"turns":3},{"damage":0,"enemies":"Reptomancer","floor":41,"turns":3},{"damage":1,"enemies":"Nemesis","floor":45,"turns":3},{"damage":20,"enemies":"Writhing Mass","floor":48,"turns":3},{"damage":3,"enemies":"Awakened One","floor":50,"turns":4},{"damage":3,"enemies":"Shield and Spear","floor":54,"turns":2},{"damage":0,"enemies":"The Heart","floor":55,"turns":7}],"seed_played":"8145819455181227371","potions_obtained":[{"floor":1.0,"key":"Dexterity Potion"},{"floor":6.0,"key":"EssenceOfSteel"},{"floor":8.0,"key":"GamblersBrew"},{"floor":20,"key":"Dota2Spire:Clarity"},{"floor":27,"key":"Explosive Potion"},{"floor":30,"key":"LiquidMemories"},{"floor":39,"key":"DistilledChaos"},{"floor":45,"key":"SpeedPotion"}],"is_trial":false,"path_per_floor":["M","?","?","M","M","E","R","M","T","R","?","$","M","COS","R","B",null,"M","?","?","M","M","R","E","?","T","M","M","M","E","COS","R","B",null,"M","?","M","M","M","R","E","R","T","$","E","?","$","M","R","B",null,"R","$","E","B",null],"character_chosen":"IRONCLAD","items_purchased":["PreservedInsect","GuppysTail","GuppysHairball","Membership Card","reliquary:Aerogel","SteamSale","Regal Pillow","Du-Vu Doll","MerchantsRug","Dual Wield","GrandPatriotsElixir:ReiMu","ColorlessPotion","reliquary:SharkskinSheath","Anchor","Habit","Strength Potion"],"campfire_rested":0,"item_purchase_floors":[12,17,17,44,44,47,47,47,47,47,47,47,53,53,53,53],"current_hp_per_floor":[80,80,80,80,80,80,80,80,80,80,80,80,80,80,80,80,60,60,60,53,59,65,65,58,58,58,64,65,65,65,65,65,65,72,72,62,66,65,75,75,81,81,81,81,84,84,84,73,73,89,90,90,90,93,96],"gold":265,"neow_bonus":"RANDOM_COMMON_RELIC","is_daily":false,"chose_seed":false,"campfire_upgraded":8,"win_rate":0.0,"timestamp":1612015543,"path_taken":["M","?","?","M","M","E","R","M","T","R","?","?","?","COS","R","BOSS","M","?","?","M","M","R","E","?","T","M","?","M","E","COS","R","BOSS","M","?","M","M","?","R","E","R","T","$","E","?","$","M","R","BOSS","R","$","E","BOSS"],"items_purchased_type":["Relic","Relic","Relic","Relic","Relic","Relic","Relic","Relic","Relic","Card","Potion","Potion","Relic","Relic","Relic","Potion"],"build_version":"2020-12-22","purchased_purges":3,"victory":true,"max_hp_per_floor":[80,80,80,80,80,80,80,80,80,80,80,80,80,80,80,80,60,60,60,65,65,65,65,65,65,65,65,65,65,65,65,65,65,72,72,72,72,75,78,78,81,81,81,81,84,84,84,87,87,90,90,90,90,93,96],"card_choices":[{"not_picked":[],"picked":"Bomb","floor":0.0},{"not_picked":["REME_Cut","Iron Wave"],"picked":"Armaments","floor":1.0},{"not_picked":["REME_Fury","Sword Boomerang"],"picked":"Dropkick","floor":3.0},{"not_picked":["Clash","Disarm","Wild Strike"],"picked":"SKIP","floor":4.0},{"not_picked":["Perfected Strike","Power Through"],"picked":"REME_ACTH","floor":5.0},{"not_picked":["Hemokinesis","Flex"],"picked":"Body Slam","floor":6.0},{"not_picked":["Battle Trance","Cleave","Dark Embrace"],"picked":"SKIP","floor":8.0},{"not_picked":["Bloodletting","Sword Boomerang","Flex"],"picked":"SKIP","floor":13},{"not_picked":["Berserk","Exhume"],"picked":"Double Tap","floor":16},{"not_picked":["Iron Wave","Heavy Blade+1","Flame Barrier"],"picked":"SKIP","floor":18},{"not_picked":["Heavy Blade+1","Headbutt"],"picked":"True Grit","floor":21},{"not_picked":["Wild Strike","Havoc"],"picked":"Inflame","floor":22},{"not_picked":["Blood for Blood","Second Wind"],"picked":"AT_Dispersion","floor":24},{"not_picked":["Perfected Strike","Anger+1","Armaments"],"picked":"SKIP","floor":27},{"not_picked":["Wild Strike","Power Through"],"picked":"REME_Cut+1","floor":28},{"not_picked":["REME_FearOfPain","Reckless Charge+1","Thunderclap+1"],"picked":"SKIP","floor":29},{"not_picked":["DemoMod:BlackBlade","Fire Breathing+1","Wild Strike"],"picked":"SKIP","floor":30},{"not_picked":["REME_TheLastStrike","Exhume"],"picked":"Barricade","floor":33},{"not_picked":["Searing Blow+1","Havoc+1","Twin Strike"],"picked":"SKIP","floor":35},{"not_picked":["PanicButton","Purity"],"picked":"Battery","floor":36},{"not_picked":["PanicButton","Good Instincts"],"picked":"AT_FamilyPortrait","floor":36},{"not_picked":["REME_Cut","Perfected Strike+1"],"picked":"REME_Scribble+1","floor":37},{"not_picked":["Body Slam","Heavy Blade","Clash"],"picked":"SKIP","floor":38},{"not_picked":["REME_Scribble+1","Infernal Blade+1"],"picked":"Pommel Strike+1","floor":39},{"not_picked":["Immolate","Sword Boomerang","AT_IchimonjiDouble"],"picked":"SKIP","floor":41},{"not_picked":["Metallicize","DemoMod:WhiteBlade+1","Twin Strike"],"picked":"SKIP","floor":45},{"not_picked":["Metallicize","DemoMod:WhiteBlade+1","Twin Strike"],"picked":"SKIP","floor":45},{"not_picked":["True Grit+1","Armaments+1","Metallicize+1"],"picked":"SKIP","floor":48},{"not_picked":["Wild Strike+1","Cleave+1"],"picked":"Uppercut","floor":54}],"player_experience":510834,"relics_obtained":[{"floor":3.0,"key":"Tea:ReiMu"},{"floor":6.0,"key":"Calipers"},{"floor":9.0,"key":"Whetstone"},{"floor":20,"key":"Dota2Spire:EyeOfSkadi"},{"floor":20,"key":"Dota2Spire:Butterfly"},{"floor":20,"key":"Gensokyo:ConquerorOfFear"},{"floor":24,"key":"AnarchistCookbook"},{"floor":24,"key":"Incense Burner"},{"floor":30,"key":"DemoMod:SuperHotWatch"},{"floor":30,"key":"DemoMod:MemoryAlloy"},{"floor":41,"key":"BookofShadows"},{"floor":41,"key":"War Paint"},{"floor":43,"key":"reliquary:PurpleTingedLeaf"},{"floor":45,"key":"Dota2Spire:ArcaneBoots"},{"floor":54,"key":"DemoMod:Bottle"},{"floor":54,"key":"reliquary:BoilingFlask"}],"event_choices":[{"damage_healed":0,"gold_gain":0,"player_choice":"Memory 3","damage_taken":10,"max_hp_gain":0,"max_hp_loss":0,"event_name":"SensoryStone","floor":36,"gold_loss":0},{"cards_removed":["Bash"],"damage_healed":0,"gold_gain":0,"player_choice":"Removed Attack","damage_taken":0,"max_hp_gain":0,"max_hp_loss":0,"event_name":"Falling","floor":46,"gold_loss":0}],"is_beta":false,"boss_relics":[{"not_picked":["reliquary:WritOfMandamus","Busted Crown"],"picked":"Black Star"},{"not_picked":[]},{"not_picked":["Runic Dome","Runic Pyramid"],"picked":"MagicMushroom"},{"not_picked":[]}],"items_purged_floors":[44,47,53],"is_endless":false,"potions_floor_spawned":[1,6,8,20,27,28,30,33,38,39,45],"ascension_level":5}}