{"host":"8d3fefv2347kqkpz","time":1612033697,"event":{"mods":["AchievementEnabler","Act Like it!","Aspiration","BaseMod","Better Vampires","Colored Map","Colored Powertips","Conspire","GifTheSpireLib","Highlight Path","Hubris","Mimic Mod","Minty Spire (QoL Compilation)","Quick Restart","Rare Cards Sparkle","Relic Stats","Replay The Spire","Spicy Shops","StSLib","The Jungle","Waifu the Spire"],"gold_per_floor":[109,34,52,67,86,86,97,97,127,141,155,187,201,234,234,339,339,353,428,443,459,459,459],"floor_reached":22,"language":"ZHS","playtime":1164,"items_purged":["Strike_P"],"score":202,"play_id":"cb988ec0-b90f-4266-a2f6-06aa0e2d6fb7","local_time":"20210131030817","is_ascension_mode":false,"campfire_choices":[{"data":"WreathOfFlame","floor":6.0,"key":"SMITH"},{"data":"LikeWater","floor":8.0,"key":"SMITH"},{"floor":15.0,"key":"REST"}],"circlet_count":0,"master_deck":["Strike_P","Strike_P","Strike_P","Defend_P","Defend_P","Defend_P","Defend_P","Eruption","Vigilance","Meditate","WreathOfFlame+1","LikeWater+1","SandsOfTime","Protect","Consecrate","Scrawl","WindmillStrike","Devotion","Replay:AtTheReady"],"relics":["PureWater","NeowsBlessing","Kunai","Mirror","aspiration:SecretTechniqueScroll"],"acts_visited":["Exordium","TheCity"],"potions_floor_usage":[],"damage_taken":[{"damage":0.0,"enemies":"2 Louse","floor":1.0,"turns":2.0},{"damage":0.0,"enemies":"Cultist","floor":3.0,"turns":1.0},{"damage":0.0,"enemies":"Small Slimes","floor":4.0,"turns":1.0},{"damage":9.0,"enemies":"Looter","floor":5.0,"turns":4.0},{"damage":2.0,"enemies":"3 Louse","floor":7.0,"turns":6.0},{"damage":1.0,"enemies":"Exordium Wildlife","floor":9.0,"turns":14.0},{"damage":2.0,"enemies":"Exordium Wildlife","floor":10.0,"turns":5.0},{"damage":7.0,"enemies":"2 Fungi Beasts","floor":11.0,"turns":6.0},{"damage":14.0,"enemies":"Gremlin Nob","floor":12.0,"turns":6.0},{"damage":0.0,"enemies":"Looter","floor":13.0,"turns":3.0},{"damage":4.0,"enemies":"Lagavulin","floor":14.0,"turns":10.0},{"damage":28.0,"enemies":"Fading Forest","floor":16.0,"turns":11.0},{"damage":15.0,"enemies":"2 Thieves","floor":18.0,"turns":5.0},{"damage":5.0,"enemies":"Chosen","floor":20.0,"turns":6.0},{"damage":6.0,"enemies":"Shelled Parasite and Fungi","floor":21.0,"turns":7.0},{"damage":0,"enemies":"3 Cultists","floor":22,"turns":1}],"seed_played":"3610989720996432296","potions_obtained":[{"floor":1.0,"key":"Swift Potion"},{"floor":4.0,"key":"Explosive Potion"},{"floor":5.0,"key":"Energy Potion"},{"floor":14.0,"key":"BlessingOfTheForge"},{"floor":16.0,"key":"Languid Potion"}],"is_trial":false,"path_per_floor":["M","$","M","M","M","R","M","R","MIM","M","M","E","M","E","R","B",null,"M","?","M","M","M"],"character_chosen":"WATCHER","items_purchased":[],"campfire_rested":1,"item_purchase_floors":[],"current_hp_per_floor":[72,72,72,72,63,63,61,61,60,58,51,37,37,33,54,36,72,57,50,45,39,39,39],"gold":459,"neow_bonus":"THREE_ENEMY_KILL","is_daily":false,"chose_seed":false,"campfire_upgraded":2,"win_rate":0.0,"timestamp":1612033697,"path_taken":["M","$","M","M","M","R","M","R","MIM","M","M","E","M","E","R","BOSS","M","?","M","?","M"],"items_purchased_type":[],"build_version":"2020-12-22","purchased_purges":1,"victory":false,"max_hp_per_floor":[72,72,72,72,72,72,72,72,72,72,72,72,72,72,72,72,72,72,72,72,72,72,72],"relic_stats":{"counters":[16,87],"Kunai":[5],"obtain_stats":[{"NeowsBlessing":0,"Kunai":12,"aspiration:SecretTechniqueScroll":17,"PureWater":0,"Mirror":14},{"NeowsBlessing":0,"Kunai":9,"aspiration:SecretTechniqueScroll":12,"PureWater":0,"Mirror":11},{"NeowsBlessing":0,"Kunai":45,"aspiration:SecretTechniqueScroll":69,"PureWater":0,"Mirror":58}]},"card_choices":[{"not_picked":["Prostrate","WreathOfFlame"],"picked":"Meditate","floor":1.0},{"not_picked":["Weave","ClearTheMind","Replay:Hum"],"picked":"SKIP","floor":3.0},{"not_picked":["FlurryOfBlows","FlyingSleeves","FearNoEvil"],"picked":"SKIP","floor":4.0},{"not_picked":["ClearTheMind","Crescendo"],"picked":"WreathOfFlame","floor":5.0},{"not_picked":["Halt","Protect"],"picked":"LikeWater","floor":7.0},{"not_picked":["Wallop","FlyingSleeves"],"picked":"SandsOfTime","floor":9.0},{"not_picked":["Replay:Battleflow","MentalFortress"],"picked":"Protect","floor":10.0},{"not_picked":["Replay:Anticipation","Halt"],"picked":"Consecrate","floor":11.0},{"not_picked":["Replay:Hum","Halt"],"picked":"Scrawl","floor":12.0},{"not_picked":["Evaluate","Consecrate","CrushJoints"],"picked":"SKIP","floor":13.0},{"not_picked":["Replay:ManipulateFuture","EmptyBody"],"picked":"WindmillStrike","floor":14.0},{"not_picked":["DeusExMachina","Replay:AllIn"],"picked":"Devotion","floor":16.0},{"not_picked":["Replay:BluntJabs","FlyingSleeves","PathToVictory"],"picked":"SKIP","floor":18.0},{"not_picked":["EmptyMind","ClearTheMind","Replay:AtTheReady"],"picked":"SKIP","floor":20.0},{"not_picked":["EmptyMind","ClearTheMind"],"picked":"Replay:AtTheReady","floor":20.0},{"not_picked":["Nirvana","ForeignInfluence","Halt"],"picked":"SKIP","floor":21.0}],"player_experience":236734,"relics_obtained":[{"floor":12.0,"key":"Kunai"},{"floor":14.0,"key":"Mirror"}],"event_choices":[{"damage_healed":0.0,"max_hp_gain":0.0,"max_hp_loss":0.0,"gold_gain":75.0,"event_name":"FaceTrader","player_choice":"Touch","floor":19.0,"gold_loss":0.0,"damage_taken":7.0}],"is_beta":false,"boss_relics":[{"not_picked":["Cursed Key","hubris:GrandSneckoEye"],"picked":"aspiration:SecretTechniqueScroll"}],"items_purged_floors":[2],"is_endless":false,"potions_floor_spawned":[1,4,5,10,12,14,16,20],"killed_by":"3 Cultists","ascension_level":0}}