{"host":"yzb2zje941uub2vb","time":1612048512,"event":{"mods":["AchievementEnabler","BaseMod","Marisa£®ÏF”Í°°ƒß¿Ì…≥£©","Minty Spire (QoL Compilation)","The Construct"],"gold_per_floor":[112,122,40,55,55,84,141,141,209,226,253,50,50,101,101,227,227,244,309,309,52,69,69,69],"floor_reached":23,"language":"ZHS","playtime":928,"items_purged":["Strike_MRS"],"score":209,"play_id":"c3bc2298-429d-4473-bc68-7591c7fa7f9e","local_time":"20210131001512","is_ascension_mode":true,"campfire_choices":[{"floor":8,"key":"REST"},{"floor":13,"key":"REST"},{"floor":15,"key":"REST"}],"circlet_count":0,"master_deck":["Strike_MRS","Strike_MRS","Strike_MRS","Defend_MRS","Defend_MRS","Defend_MRS","Defend_MRS","MasterSpark","UpSweep","Jack Of All Trades","MysteriousBeam","SuperPerseids","EventHorizon","GrandCross","GrandCross","WitchLeyline","Occultation","CasketOfStar","RefractionSpark","Robbery","WitchOfGreed+1","LuminesStrike","GalacticHalo","GravityBeat","ManaRampage","Acceleration","WitchLeyline+1","SprinkleStarSeal","BlazingStar","Singularity+1"],"relics":["MiniHakkero","Ancient Tea Set","Darkstone Periapt","Ornamental Fan","Frozen Egg 2","Black Star","Red Mask","Vajra"],"acts_visited":["Exordium","TheCity"],"potions_floor_usage":[],"damage_taken":[{"damage":0,"enemies":"Jaw Worm","floor":1,"turns":3},{"damage":2,"enemies":"2 Louse","floor":2,"turns":2},{"damage":0,"enemies":"Cultist","floor":4,"turns":3},{"damage":14,"enemies":"Gremlin Nob","floor":6,"turns":3},{"damage":30,"enemies":"Gremlin Nob","floor":7,"turns":4},{"damage":0,"enemies":"Looter","floor":10,"turns":3},{"damage":53,"enemies":"3 Sentries","floor":11,"turns":7},{"damage":14,"enemies":"Gremlin Gang","floor":14,"turns":3},{"damage":13,"enemies":"Slime Boss","floor":16,"turns":6},{"damage":0,"enemies":"Shell Parasite","floor":18,"turns":2},{"damage":40,"enemies":"Masked Bandits","floor":19,"turns":5},{"damage":4,"enemies":"Chosen","floor":22,"turns":4},{"damage":37,"enemies":"Gremlin Leader","floor":23,"turns":4}],"seed_played":"2549657858077610032","potions_obtained":[{"floor":7,"key":"Explosive Potion"},{"floor":10,"key":"Strength Potion"},{"floor":11,"key":"Energy Potion"},{"floor":14,"key":"BlessingOfTheForge"},{"floor":16,"key":"Swift Potion"},{"floor":22,"key":"SteroidPotion"}],"is_trial":false,"path_per_floor":["M","M","$","M","?","E","?","R","T","M","E","$","R","M","R","B",null,"M","?","?","$","M","E"],"character_chosen":"MARISA","items_purchased":["EventHorizon","GrandCross","Robbery","WitchOfGreed+1","LuminesStrike","GalacticHalo","SprinkleStarSeal","BlazingStar"],"campfire_rested":3,"item_purchase_floors":[3,3,12,12,12,12,21,21],"current_hp_per_floor":[75,73,73,73,78,64,34,58,58,58,5,5,29,15,39,26,80,80,40,40,40,36,0,0],"gold":69,"neow_bonus":"RANDOM_COLORLESS","is_daily":false,"chose_seed":false,"campfire_upgraded":0,"win_rate":0.0,"timestamp":1612048512,"path_taken":["M","M","$","M","?","E","?","R","T","M","E","$","R","M","R","BOSS","M","?","?","$","M","E"],"items_purchased_type":["Card","Card","Card","Card","Card","Card","Card","Card"],"build_version":"2020-12-22","purchased_purges":1,"victory":false,"max_hp_per_floor":[75,75,75,75,80,80,80,80,80,80,80,80,80,80,80,80,80,80,80,80,80,80,80,80],"card_choices":[{"not_picked":["Forethought","Good Instincts"],"picked":"Jack Of All Trades","floor":0},{"not_picked":["MilkyWay","EventHorizon"],"picked":"MysteriousBeam","floor":1},{"not_picked":["WitchLeyline","SporeBomb"],"picked":"SuperPerseids","floor":2},{"not_picked":["DragonMeteor","MysteriousBeam"],"picked":"GrandCross","floor":4},{"not_picked":["PowerUp","StarlightTyphoon"],"picked":"WitchLeyline","floor":6},{"not_picked":["GasGiant","PowerUp"],"picked":"Occultation","floor":7},{"not_picked":["MilkyWay","ManaConvection"],"picked":"CasketOfStar","floor":10},{"not_picked":["AlicesGift","EarthLightRay"],"picked":"RefractionSpark","floor":11},{"not_picked":["WitchOfGreed+1","GasGiant"],"picked":"GravityBeat","floor":14},{"not_picked":["EscapeVelocity+1","SuperNova+1"],"picked":"ManaRampage","floor":16},{"not_picked":["UnstableBomb","WitchLeyline+1"],"picked":"Acceleration","floor":18},{"not_picked":["AsteroidBelt","IllusionStar"],"picked":"WitchLeyline+1","floor":19},{"not_picked":["NonDirectionalLaser","GalacticHalo+1"],"picked":"Singularity+1","floor":22}],"player_experience":109617,"relics_obtained":[{"floor":6,"key":"Ancient Tea Set"},{"floor":7,"key":"Darkstone Periapt"},{"floor":9,"key":"Ornamental Fan"},{"floor":11,"key":"Frozen Egg 2"},{"floor":19,"key":"Red Mask"}],"event_choices":[{"damage_healed":0,"gold_gain":0,"player_choice":"Donut","damage_taken":0,"max_hp_gain":5,"max_hp_loss":0,"event_name":"Big Fish","floor":5,"gold_loss":0},{"damage_healed":0,"gold_gain":0,"player_choice":"Searched \u00272\u0027 times","damage_taken":0,"max_hp_gain":0,"max_hp_loss":0,"event_name":"Dead Adventurer","floor":7,"gold_loss":0},{"damage_healed":0,"gold_gain":0,"player_choice":"Fought Bandits","damage_taken":0,"max_hp_gain":0,"max_hp_loss":0,"event_name":"Masked Bandits","floor":19,"gold_loss":0},{"damage_healed":0,"gold_gain":0,"player_choice":"Gave Potion","damage_taken":0,"relics_obtained":["Vajra"],"max_hp_gain":0,"max_hp_loss":0,"event_name":"WeMeetAgain","floor":20,"gold_loss":0}],"is_beta":false,"boss_relics":[{"not_picked":["Velvet Choker","SlaversCollar"],"picked":"Black Star"}],"items_purged_floors":[21],"is_endless":false,"potions_floor_spawned":[7,10,11,16,22],"killed_by":"Gremlin Leader","ascension_level":1}}