{"host":"qw4xe3mt0biolpvp","time":1612039817,"event":{"mods":["AchievementEnabler","Act Like it!","Aspiration","BaseMod","Bestiary","BetterRewards","Colored Map","Colored Powertips","Downfall","Gensokyo","Hallownest","Hermit","Highlight Path","Hubris","Infinite Spire","Jorbs\u0027s Wanderer Trilogy","Lobotomy","Marisa????????","Marked Mod","Minty Spire (QoL Compilation)","Quick Restart","Replay The Spire","Spicy Shops","StSLib","The Administrix","The Animator","The Bug Knight","The Cursed","The Jungle","The Marked","The Necromancer","The Servant 0.9.4","The Wild Card","everything is the same but u backflip on backflip","slay the spire mod where everything is the same but ironclad has a cowboy hat"],"gold_per_floor":[116,134,16,16,31,31,44,44,68,101,121,121,135,135,135,235,235,246,260,260,270,281,308,308,308,334,344,344,376,128,3,3,106,106,127,155,155,184,184,184,184,223,250,303,303,335,377,451,451,451],"floor_reached":51,"language":"ENG","playtime":2657,"items_purged":["Defend_G","Defend_G","Strike_G"],"score":1241,"play_id":"34214f43-3487-4511-9b08-d41b0ac5d885","local_time":"20210130175017","is_ascension_mode":false,"campfire_choices":[{"data":"Neutralize","floor":6,"key":"SMITH"},{"data":"Dagger Spray","floor":8,"key":"SMITH"},{"data":"Dagger Spray","floor":12,"key":"SMITH"},{"floor":15,"key":"REST"},{"floor":24,"key":"REST"},{"data":"Dagger Spray","floor":28,"key":"SMITH"},{"floor":32,"key":"REST"},{"floor":40,"key":"REST"},{"data":"Atom Bomb","floor":45,"key":"SMITH"},{"data":"Bane","floor":49,"key":"SMITH"}],"circlet_count":0,"master_deck":["Strike_G","Strike_G","Strike_G","Defend_G","Defend_G","Defend_G","Survivor","Neutralize+1","Dagger Spray+1","Dagger Spray+1","Noxious Fumes","Poisoned Stab","Bane+1","infinitespire:Neurotoxin","Blade Dance+1","Dagger Spray+1","Necronomicurse","Tactician+1","Outmaneuver+1","Dagger Spray","Hidden Blade","Dagger Spray","Atom Bomb+1","hubris:Sniper+1"],"relics":["Ring of the Snake","Lantern","Vampiric Spirits","Spirit Poop","MealTicket","Blood Vial","aspiration:RitualDagger","hubris:AncientText","Necronomicon","ReplayFunnel","Matryoshka","Orrery","hubris:VirtuousBlindfold","infinitespire:EvilPickle","hubris:Towel","ReplayTheSpireMod:Ring of Collecting","Ring of Misfortune","Letter Opener","Ring of Fury","infinitespire:Lucky Rock","War Paint","Ice Cream","Juzu Bracelet","ReplayTheSpireMod:Ring of Challenge","aspiration:SeaSaltIceCream","aspiration:Nostalgia","Slimebound:AbsorbEndCombat"],"acts_visited":["Exordium","TheCity","TheBeyond"],"potions_floor_usage":[23,23,23,33,50,50,50],"damage_taken":[{"damage":0,"enemies":"2 Louse","floor":1,"turns":2},{"damage":0,"enemies":"Cultist","floor":2,"turns":3},{"damage":0,"enemies":"Jaw Worm","floor":5,"turns":4},{"damage":0,"enemies":"Red Slaver","floor":7,"turns":4},{"damage":23,"enemies":"Gremlin Nob","floor":10,"turns":4},{"damage":0,"enemies":"2 Fungi Beasts","floor":11,"turns":2},{"damage":18,"enemies":"Exordium Wildlife","floor":13,"turns":2},{"damage":66,"enemies":"Fading Forest","floor":16,"turns":11},{"damage":22,"enemies":"Spheric Guardian","floor":18,"turns":4},{"damage":45,"enemies":"Shell Parasite","floor":19,"turns":6},{"damage":23,"enemies":"Snecko","floor":21,"turns":4},{"damage":25,"enemies":"Centurion and Healer","floor":22,"turns":5},{"damage":43,"enemies":"Replay:Snechameleon","floor":23,"turns":7},{"damage":22,"enemies":"Chosen and Byrds","floor":27,"turns":4},{"damage":65,"enemies":"Slavers","floor":29,"turns":5},{"damage":106,"enemies":"Pondfish","floor":33,"turns":10},{"damage":34,"enemies":"3 Shapes","floor":35,"turns":2},{"damage":41,"enemies":"3 Darklings","floor":36,"turns":4},{"damage":43,"enemies":"Jaw Worm Horde","floor":38,"turns":3},{"damage":47,"enemies":"HollowMod:StalkingDevout","floor":42,"turns":7},{"damage":21,"enemies":"2 Orb Walkers","floor":44,"turns":3},{"damage":58,"enemies":"Maw","floor":46,"turns":5},{"damage":3,"enemies":"Sphere and 2 Shapes","floor":47,"turns":1},{"damage":87,"enemies":"Donu and Deca","floor":50,"turns":5}],"seed_played":"6150665097650535638","potions_obtained":[{"floor":1,"key":"SkillPotion"},{"floor":7,"key":"sneckomod:MuddlingPotion"},{"floor":11,"key":"AttackPotion"},{"floor":13,"key":"Strength Potion"},{"floor":22,"key":"Regen Potion"},{"floor":27,"key":"BlessingOfTheForge"},{"floor":35,"key":"CultistPotion"},{"floor":36,"key":"Adrenaline Potion"},{"floor":46,"key":"SkillPotion"}],"is_trial":false,"path_per_floor":["M","M","$","?","M","R","M","R","T","E","M","R","M","?","R","B",null,"M","M","?","M","M","E","R","?","T","M","R","E","$","$","R","B",null,"M","M","?","M","?","R","?","E","T","?","R","M","M","T","R","B",null],"character_chosen":"THE_SILENT","items_purchased":["Dagger Spray","Lantern","Vampiric Spirits","Orrery"],"campfire_rested":4,"item_purchase_floors":[0,0,3,30],"current_hp_per_floor":[70,70,70,70,70,70,70,70,70,47,58,58,50,43,64,26,70,48,7,7,69,68,52,70,54,54,54,54,15,30,45,66,29,70,58,46,46,37,37,58,58,51,51,65,65,41,70,70,70,32],"gold":451,"neow_bonus":"","is_daily":false,"chose_seed":false,"campfire_upgraded":6,"win_rate":0.0,"timestamp":1612039817,"path_taken":["M","M","$","?","M","R","?","R","T","E","M","R","M","?","R","BOSS","M","M","?","M","?","E","R","?","T","M","R","E","?","$","R","BOSS","M","M","?","M","?","R","?","E","T","?","R","?","M","?","R","BOSS"],"items_purchased_type":["Card","Card","Relic","Relic"],"build_version":"2020-12-22","purchased_purges":3,"victory":true,"max_hp_per_floor":[70,70,70,70,70,70,70,70,70,70,70,70,70,70,70,70,70,70,70,70,70,70,70,70,70,70,70,70,70,70,70,70,70,70,70,70,70,70,70,70,70,70,70,70,70,70,70,70,70,70],"card_choices":[{"not_picked":["Escape Plan","Prepared"],"picked":"Dagger Spray","floor":1},{"not_picked":["Flying Knee","Prepared","Acrobatics"],"picked":"SKIP","floor":2},{"not_picked":["Dagger Spray","Sucker Punch"],"picked":"Noxious Fumes","floor":5},{"not_picked":["Bullet Time","Draining Mist","Outmaneuver"],"picked":"SKIP","floor":7},{"not_picked":["Acrobatics","Hidden Blade"],"picked":"Poisoned Stab","floor":10},{"not_picked":["Outmaneuver","Prepared"],"picked":"Bane","floor":11},{"not_picked":["hubris:TrickCloak","aspiration:Lunge","ReplayTheSpireMod:Scrap Shanks"],"picked":"SKIP","floor":13},{"not_picked":["Corpse Explosion","Malaise"],"picked":"infinitespire:Neurotoxin","floor":16},{"not_picked":["Outmaneuver","ReplayTheSpireMod:Speed Training","Prepared"],"picked":"SKIP","floor":18},{"not_picked":["ReplayTheSpireMod:Scrap Shanks+1","Deadly Poison"],"picked":"Blade Dance","floor":19},{"not_picked":["All Out Attack","ReplayTheSpireMod:Tripwire","Masterful Stab+1"],"picked":"SKIP","floor":21},{"not_picked":["Bane","Deadly Poison"],"picked":"Dagger Spray","floor":22},{"not_picked":["Flying Knee","Backflip","Slice"],"picked":"SKIP","floor":23},{"not_picked":["Flying Knee","Backflip","Slice"],"picked":"SKIP","floor":23},{"not_picked":["Endless Agony","aspiration:Lunge","Deflect"],"picked":"SKIP","floor":27},{"not_picked":["Dodge and Roll","Caltrops+1"],"picked":"Tactician+1","floor":29},{"not_picked":["ReplayTheSpireMod:Scrap Shanks","Sucker Punch+1"],"picked":"Infinite Blades+1","floor":30},{"not_picked":["PiercingWail","Crippling Poison"],"picked":"Outmaneuver","floor":30},{"not_picked":["Expertise","Calculated Gamble+1"],"picked":"Dagger Spray","floor":30},{"not_picked":["Fluid Movement","Replay:Poison Smokescreen"],"picked":"Hidden Blade","floor":30},{"not_picked":["Dagger Throw","hubris:SlightOfHand"],"picked":"Dagger Spray","floor":30},{"not_picked":["Glass Knife","Burst"],"picked":"Atom Bomb","floor":33},{"not_picked":["Prepared+1","Acrobatics+1","PiercingWail"],"picked":"SKIP","floor":35},{"not_picked":["Calculated Gamble","PiercingWail","Footwork+1"],"picked":"SKIP","floor":36},{"not_picked":["hubris:SlightOfHand+1","Noxious Fumes"],"picked":"hubris:Sniper+1","floor":38},{"not_picked":["Deflect+1","Infinite Blades","Bouncing Flask"],"picked":"SKIP","floor":42},{"not_picked":["Dagger Spray","Leg Sweep","hubris:TrickCloak"],"picked":"SKIP","floor":46},{"not_picked":["Flying Knee+1","Dodge and Roll","hubris:TrickCloak"],"picked":"SKIP","floor":47}],"player_experience":40722,"relics_obtained":[{"floor":9,"key":"MealTicket"},{"floor":10,"key":"Blood Vial"},{"floor":23,"key":"hubris:AncientText"},{"floor":25,"key":"Necronomicon"},{"floor":26,"key":"ReplayFunnel"},{"floor":29,"key":"Matryoshka"},{"floor":41,"key":"ReplayTheSpireMod:Ring of Collecting"},{"floor":41,"key":"Ring of Misfortune"},{"floor":42,"key":"Letter Opener"},{"floor":43,"key":"Ring of Fury"},{"floor":43,"key":"infinitespire:Lucky Rock"},{"floor":43,"key":"War Paint"},{"floor":44,"key":"Ice Cream"},{"floor":48,"key":"Juzu Bracelet"},{"floor":48,"key":"ReplayTheSpireMod:Ring of Challenge"},{"floor":48,"key":"aspiration:SeaSaltIceCream"}],"event_choices":[{"cards_removed":["Writhe"],"damage_healed":0,"gold_gain":0,"player_choice":"Offered Curse","damage_taken":0,"relics_obtained":["Spirit Poop"],"max_hp_gain":0,"max_hp_loss":0,"event_name":"Bonfire Elementals","floor":4,"gold_loss":0},{"cards_removed":["Strike_G"],"damage_healed":0,"gold_gain":0,"player_choice":"Card Removal","damage_taken":7,"max_hp_gain":0,"max_hp_loss":0,"event_name":"Golden Wing","floor":14,"gold_loss":0},{"damage_healed":0,"gold_gain":0,"player_choice":"0 cards matched","damage_taken":0,"max_hp_gain":0,"max_hp_loss":0,"event_name":"Match and Keep!","floor":20,"gold_loss":0,"cards_obtained":[]},{"damage_healed":0,"gold_gain":0,"player_choice":"Obtained Book","damage_taken":16,"max_hp_gain":0,"max_hp_loss":0,"event_name":"Cursed Tome","floor":25,"gold_loss":0},{"cards_removed":["Infinite Blades"],"damage_healed":0,"gold_gain":0,"player_choice":"Removed Power","damage_taken":0,"max_hp_gain":0,"max_hp_loss":0,"event_name":"Falling","floor":39,"gold_loss":0},{"damage_healed":0,"gold_gain":0,"player_choice":"Fight","damage_taken":0,"max_hp_gain":0,"max_hp_loss":0,"event_name":"Mysterious Sphere","floor":44,"gold_loss":0}],"is_beta":false,"boss_relics":[{"not_picked":["Replay:Ancient Bell","aspiration:RunicSpoon"],"picked":"aspiration:RitualDagger"},{"not_picked":["aspiration:SecretTechniqueScroll","Kintsugi"],"picked":"hubris:VirtuousBlindfold"}],"items_purged_floors":[0,30,31],"is_endless":false,"potions_floor_spawned":[1,7,11,13,22,27,35,36,46],"ascension_level":0}}