{"host":"gfxjwtol062e9znw","time":1612004237,"event":{"mods":["BaseMod","Colored Map","Minty Spire (QoL Compilation)"],"gold_per_floor":[116,126,138,157,122,154,154,186,210,210,228,228,77,77,77,77,77],"floor_reached":16,"language":"ENG","playtime":1049,"items_purged":["Defend_G"],"score":154,"play_id":"18a1b707-fb84-409e-9c66-00a36f8351f7","local_time":"20210130215717","is_ascension_mode":true,"campfire_choices":[{"floor":7,"key":"REST"},{"floor":12,"key":"REST"},{"floor":15,"key":"REST"}],"circlet_count":0,"master_deck":["Strike_G","Strike_G","Strike_G","Strike_G","Strike_G","Defend_G","Defend_G","Defend_G","Defend_G","Survivor","Neutralize","Wraith Form v2","Bane","Acrobatics","Infinite Blades","Prepared","Slice","Deflect","Backflip","Tactician","Dash"],"relics":["Ring of the Snake","Ninja Scroll","Dream Catcher","Blood Vial"],"acts_visited":["Exordium"],"potions_floor_usage":[6,8,11,11,16,16],"damage_taken":[{"damage":2,"enemies":"2 Louse","floor":1,"turns":4},{"damage":3,"enemies":"Jaw Worm","floor":2,"turns":5},{"damage":1,"enemies":"Small Slimes","floor":3,"turns":5},{"damage":15,"enemies":"Exordium Wildlife","floor":4,"turns":6},{"damage":18,"enemies":"Gremlin Nob","floor":6,"turns":5},{"damage":47,"enemies":"Lagavulin","floor":8,"turns":9},{"damage":2,"enemies":"Exordium Thugs","floor":11,"turns":5},{"damage":49,"enemies":"The Guardian","floor":16,"turns":11}],"seed_played":"4407384607791383497","potions_obtained":[{"floor":4,"key":"CultistPotion"},{"floor":8,"key":"EntropicBrew"},{"floor":11,"key":"Strength Potion"}],"is_trial":false,"path_per_floor":["M","M","M","M","?","E","R","E","T","?","M","R","$","?","R","B"],"character_chosen":"THE_SILENT","items_purchased":["Tactician"],"campfire_rested":3,"item_purchase_floors":[13],"current_hp_per_floor":[61,58,57,42,57,39,57,10,10,10,10,28,28,28,46,0,0],"gold":77,"neow_bonus":"THREE_RARE_CARDS","is_daily":false,"chose_seed":false,"campfire_upgraded":0,"win_rate":0.0,"timestamp":1612004237,"path_taken":["M","M","M","M","?","E","R","E","T","?","M","R","$","?","R","BOSS"],"items_purchased_type":["Card"],"build_version":"2020-12-22","purchased_purges":1,"victory":false,"max_hp_per_floor":[63,63,63,63,63,63,63,63,63,63,63,63,63,63,63,63,63],"card_choices":[{"not_picked":["After Image","Malaise"],"picked":"Wraith Form v2","floor":0},{"not_picked":["Slice","Poisoned Stab"],"picked":"Bane","floor":1},{"not_picked":["Dash","Expertise"],"picked":"Acrobatics","floor":2},{"not_picked":["Skewer","Riddle With Holes","Underhanded Strike"],"picked":"SKIP","floor":3},{"not_picked":["Quick Slash","Choke"],"picked":"Infinite Blades","floor":4},{"not_picked":["Reflex","Deadly Poison"],"picked":"Prepared","floor":6},{"not_picked":["Venomology","Prepared"],"picked":"Slice","floor":8},{"not_picked":["Sucker Punch","Underhanded Strike"],"picked":"Deflect","floor":11},{"not_picked":["Skewer","Deflect"],"picked":"Backflip","floor":12},{"not_picked":["PiercingWail","Dagger Spray"],"picked":"Dash","floor":15}],"player_experience":49759,"relics_obtained":[{"floor":6,"key":"Ninja Scroll"},{"floor":8,"key":"Dream Catcher"},{"floor":9,"key":"Blood Vial"}],"event_choices":[{"damage_healed":15,"gold_gain":0,"player_choice":"Healed","damage_taken":0,"max_hp_gain":0,"max_hp_loss":0,"event_name":"The Cleric","floor":5,"gold_loss":35},{"damage_healed":0,"gold_gain":0,"player_choice":"Searched \u00270\u0027 times","damage_taken":0,"max_hp_gain":0,"max_hp_loss":0,"event_name":"Dead Adventurer","floor":10,"gold_loss":0},{"damage_healed":0,"gold_gain":0,"player_choice":"Ignored","damage_taken":0,"max_hp_gain":0,"max_hp_loss":0,"event_name":"Liars Game","floor":14,"gold_loss":0}],"is_beta":false,"boss_relics":[],"items_purged_floors":[13],"is_endless":false,"potions_floor_spawned":[4,8,11],"killed_by":"The Guardian","ascension_level":8}}