{"host":"dn6kke80v5f7isus","time":1612036039,"event":{"mods":["AchievementEnabler","Act Like it!","BaseMod","Colored Powertips","Custom Start","Defuse TimeMaze Blight","Gremlin Skip","Highlight Path","Hubris","Infinite Spire","Marisa????????","Minty Spire (QoL Compilation)","Rare Cards Sparkle","Replay The Spire","StSLib","The Servant 0.9.4","Uncapped","Unceasing Turn Reminder"],"gold_per_floor":[116,131,81,81,81,81,107,107,107,135,135,169,26,42,42,143,143,159,84,84,95,109,109,109],"floor_reached":23,"language":"ENG","playtime":610,"items_purged":[],"score":286,"play_id":"32eb6b56-ff36-428d-824d-d7ab201a1201","local_time":"20210130144719","is_ascension_mode":true,"campfire_choices":[{"data":"WitchLeyline","floor":6,"key":"SMITH"},{"data":"ShootingEcho","floor":8,"key":"SMITH"},{"data":"UltimateShortwave","floor":15,"key":"SMITH"}],"circlet_count":0,"master_deck":["Defend_MRS","Defend_MRS","Defend_MRS","Defend_MRS","MasterSpark","UpSweep","ShootingEcho+1","WitchLeyline+1","EnergyFlow","UltimateShortwave+1","WitchLeyline","WitchLeyline","SuperNova","WitchLeyline+1","ChargingUp"],"relics":["MiniHakkero","NeowsBlessing","hubris:BundleOfHerbs","Replay:Bottled Steam","ReplayTheSpireMod:TigerMarble","SacredBark","The Courier"],"acts_visited":["Exordium","TheCity"],"potions_floor_usage":[10,10,13,16],"damage_taken":[{"damage":0,"enemies":"Small Slimes","floor":1,"turns":1},{"damage":0,"enemies":"2 Louse","floor":2,"turns":1},{"damage":0,"enemies":"Lagavulin","floor":7,"turns":1},{"damage":1,"enemies":"3 Sentries","floor":10,"turns":3},{"damage":0,"enemies":"Jaw Worm","floor":12,"turns":1},{"damage":0,"enemies":"Large Slime","floor":14,"turns":1},{"damage":35,"enemies":"Fading Forest","floor":16,"turns":11},{"damage":7,"enemies":"Shell Parasite","floor":18,"turns":2},{"damage":20,"enemies":"2 Thieves","floor":21,"turns":2},{"damage":28,"enemies":"Snake Plant","floor":22,"turns":3},{"damage":26,"enemies":"Nightmare","floor":23,"turns":4}],"seed_played":"232968986817735039","potions_obtained":[{"floor":1,"key":"Energy Potion"},{"floor":2,"key":"Fire Potion"},{"floor":10,"key":"SteroidPotion"},{"floor":14,"key":"Weak Potion"},{"floor":18,"key":"Venom Potion"}],"is_trial":false,"path_per_floor":["M","M","?","?","?","R","E","R","T","E","?","M","$","M","R","B",null,"M","?","?","M","M","NM"],"character_chosen":"MARISA","items_purchased":["Fruit Juice","WitchLeyline"],"campfire_rested":0,"item_purchase_floors":[13,13],"current_hp_per_floor":[75,75,75,75,68,68,68,68,68,67,67,67,72,72,72,47,80,73,73,73,53,25,0,0],"gold":109,"neow_bonus":"THREE_ENEMY_KILL","is_daily":false,"chose_seed":false,"campfire_upgraded":3,"win_rate":0.0,"timestamp":1612036039,"path_taken":["M","M","?","?","?","R","E","R","T","E","?","M","$","M","R","BOSS","M","?","?","M","M","NM"],"items_purchased_type":["Potion","Card"],"build_version":"2020-12-22","purchased_purges":0,"victory":false,"max_hp_per_floor":[75,75,75,75,75,75,75,75,75,75,75,75,80,80,80,80,80,80,80,80,80,80,80,80],"card_choices":[{"not_picked":["DC","DeepEcoloBomb"],"picked":"ShootingEcho","floor":1},{"not_picked":["EarthLightRay","GrandCross"],"picked":"WitchLeyline","floor":2},{"not_picked":["LuminesStrike","UnstableBomb","GalacticHalo"],"picked":"SKIP","floor":7},{"not_picked":["MagicAbsorber","DeepEcoloBomb"],"picked":"EnergyFlow","floor":10},{"not_picked":["BlazeAway","ManaConvection"],"picked":"UltimateShortwave","floor":12},{"not_picked":["IllusionStar","Acceleration"],"picked":"WitchLeyline","floor":14},{"not_picked":["StarDustReverie","BlazingStar"],"picked":"SuperNova","floor":16},{"not_picked":["MagicChant","ShootingEcho"],"picked":"WitchLeyline+1","floor":18},{"not_picked":["OrrerysSun","ShootingEcho","DC"],"picked":"SKIP","floor":21},{"not_picked":["DC","MeteoricShower"],"picked":"ChargingUp","floor":22}],"player_experience":405929,"relics_obtained":[{"floor":7,"key":"hubris:BundleOfHerbs"},{"floor":9,"key":"Replay:Bottled Steam"},{"floor":10,"key":"ReplayTheSpireMod:TigerMarble"},{"floor":20,"key":"The Courier"}],"event_choices":[{"cards_removed":["Strike_MRS"],"damage_healed":0,"gold_gain":0,"player_choice":"Card Removal","damage_taken":0,"max_hp_gain":0,"max_hp_loss":0,"event_name":"The Cleric","floor":3,"gold_loss":50},{"damage_healed":0,"gold_gain":0,"player_choice":"Ignored","damage_taken":0,"max_hp_gain":0,"max_hp_loss":0,"event_name":"Liars Game","floor":4,"gold_loss":0},{"cards_removed":["Strike_MRS"],"damage_healed":0,"gold_gain":0,"player_choice":"Card Removal","damage_taken":7,"max_hp_gain":0,"max_hp_loss":0,"event_name":"Golden Wing","floor":5,"gold_loss":0},{"cards_removed":["Strike_MRS"],"damage_healed":0,"gold_gain":0,"player_choice":"Forget","damage_taken":0,"max_hp_gain":0,"max_hp_loss":0,"event_name":"Living Wall","floor":11,"gold_loss":0},{"cards_removed":["Strike_MRS"],"damage_healed":0,"gold_gain":0,"player_choice":"Gave Gold","damage_taken":0,"max_hp_gain":0,"max_hp_loss":0,"event_name":"Beggar","floor":19,"gold_loss":75},{"damage_healed":0,"gold_gain":0,"player_choice":"Relic","damage_taken":0,"max_hp_gain":0,"max_hp_loss":0,"event_name":"Wheel of Change","floor":20,"gold_loss":0}],"is_beta":false,"boss_relics":[{"not_picked":["Velvet Choker","ReplayTheSpireMod:DimensionalGlitch"],"picked":"SacredBark"}],"items_purged_floors":[],"is_endless":false,"potions_floor_spawned":[1,2,10,14,18],"killed_by":"Nightmare","ascension_level":1}}