{"host":"1c52r9kaxdyo25eq","time":1612006361,"event":{"mods":["AchievementEnabler","BaseMod","DeckTracker","Minty Spire (QoL Compilation)","Rare Cards Sparkle","SuperFastMode","everything is the same but u backflip on backflip"],"gold_per_floor":[116,128,146,159,159,159,5,32,32,50,50,67,67,12,12,86,86,106,106,21,21,36,36,49,66,66,0,19,19,19,19],"floor_reached":30,"language":"KOR","playtime":635,"items_purged":["Strike_R"],"score":429,"play_id":"e6b387a8-3895-46c8-bb08-378d9f135f3b","local_time":"20210130203241","is_ascension_mode":true,"campfire_choices":[{"data":"Impervious","floor":6,"key":"SMITH"},{"floor":11,"key":"REST"},{"data":"Dual Wield","floor":13,"key":"SMITH"},{"floor":15,"key":"REST"},{"floor":23,"key":"REST"},{"floor":29,"key":"REST"}],"circlet_count":0,"master_deck":["AscendersBane","Strike_R","Strike_R","Strike_R","Strike_R","Defend_R","Defend_R","Defend_R","Defend_R","Bash","Impervious+1","Blood for Blood+1","Dual Wield+1","Battle Trance","Immolate","Second Wind"],"relics":["Burning Blood","PreservedInsect","Bag of Marbles","Fusion Hammer","Blue Candle","Bottled Flame"],"acts_visited":["Exordium","TheCity"],"potions_floor_usage":[8,16,18],"damage_taken":[{"damage":6,"enemies":"Cultist","floor":1,"turns":4},{"damage":10,"enemies":"Small Slimes","floor":2,"turns":4},{"damage":7,"enemies":"Jaw Worm","floor":3,"turns":5},{"damage":9,"enemies":"3 Louse","floor":4,"turns":6},{"damage":40,"enemies":"3 Sentries","floor":8,"turns":7},{"damage":19,"enemies":"Exordium Wildlife","floor":10,"turns":3},{"damage":21,"enemies":"Exordium Thugs","floor":12,"turns":5},{"damage":38,"enemies":"The Guardian","floor":16,"turns":11},{"damage":25,"enemies":"3 Byrds","floor":18,"turns":4},{"damage":20,"enemies":"Spheric Guardian","floor":22,"turns":5},{"damage":30,"enemies":"3 Cultists","floor":24,"turns":5},{"damage":20,"enemies":"Snake Plant","floor":25,"turns":4},{"damage":4,"enemies":"Snecko","floor":28,"turns":3},{"damage":29,"enemies":"Shelled Parasite and Fungi","floor":30,"turns":4}],"seed_played":"8249866378519523654","potions_obtained":[{"floor":1,"key":"SkillPotion"},{"floor":2,"key":"Strength Potion"},{"floor":28,"key":"LiquidBronze"}],"is_trial":false,"path_per_floor":["M","M","M","M","?","R","$","E","T","M","R","M","R","$","R","B",null,"M","?","?","$","M","R","M","M","T","$","M","R","M"],"character_chosen":"IRONCLAD","items_purchased":["Battle Trance","Energy Potion","Second Wind"],"campfire_rested":4,"item_purchase_floors":[7,14,27],"current_hp_per_floor":[68,64,63,60,60,60,60,26,26,13,35,20,20,20,42,10,59,40,40,40,40,26,48,24,10,10,10,12,34,5,5],"gold":19,"neow_bonus":"ONE_RANDOM_RARE_CARD","is_daily":false,"chose_seed":false,"campfire_upgraded":2,"win_rate":0.0,"timestamp":1612006361,"path_taken":["M","?","M","M","?","R","$","E","T","M","R","M","R","?","R","BOSS","M","?","?","?","M","R","M","?","T","?","M","R","M"],"items_purchased_type":["Card","Potion","Card"],"build_version":"2020-12-22","purchased_purges":1,"victory":false,"max_hp_per_floor":[75,75,75,75,75,75,75,75,75,75,75,75,75,75,75,75,75,75,75,75,75,75,75,75,75,75,75,75,75,75,75],"card_choices":[{"not_picked":["Metallicize","Wild Strike","Warcry"],"picked":"SKIP","floor":1},{"not_picked":["Iron Wave","Pommel Strike"],"picked":"Blood for Blood","floor":2},{"not_picked":["Whirlwind","Bloodletting"],"picked":"Dual Wield","floor":3},{"not_picked":["Perfected Strike","Warcry","True Grit"],"picked":"SKIP","floor":4},{"not_picked":["Rage","Warcry","Whirlwind"],"picked":"SKIP","floor":8},{"not_picked":["Warcry","Spot Weakness","Whirlwind"],"picked":"SKIP","floor":10},{"not_picked":["Headbutt","Infernal Blade","Havoc"],"picked":"SKIP","floor":12},{"not_picked":["Reaper","Double Tap"],"picked":"Immolate","floor":16},{"not_picked":["Pommel Strike","True Grit","Warcry"],"picked":"SKIP","floor":18},{"not_picked":["Pommel Strike","Wild Strike","Clothesline"],"picked":"SKIP","floor":22},{"not_picked":["Clash+1","True Grit","Entrench"],"picked":"SKIP","floor":24},{"not_picked":["Armaments","Anger+1","Iron Wave"],"picked":"SKIP","floor":25},{"not_picked":["Sword Boomerang","Pommel Strike","Wild Strike"],"picked":"SKIP","floor":28}],"player_experience":634746,"relics_obtained":[{"floor":8,"key":"PreservedInsect"},{"floor":9,"key":"Bag of Marbles"},{"floor":26,"key":"Bottled Flame"}],"event_choices":[{"damage_healed":0,"gold_gain":0,"player_choice":"Upgraded","damage_taken":0,"max_hp_gain":0,"max_hp_loss":0,"event_name":"Upgrade Shrine","floor":5,"gold_loss":0,"cards_upgraded":["Blood for Blood"]},{"damage_healed":0,"gold_gain":0,"player_choice":"Ignored","damage_taken":0,"max_hp_gain":0,"max_hp_loss":0,"event_name":"Ghosts","floor":19,"gold_loss":0},{"damage_healed":0,"gold_gain":0,"player_choice":"Obtained Relic","damage_taken":0,"relics_obtained":["Blue Candle"],"max_hp_gain":0,"max_hp_loss":0,"event_name":"Addict","floor":20,"gold_loss":85}],"is_beta":false,"boss_relics":[{"not_picked":["Velvet Choker","Calling Bell"],"picked":"Fusion Hammer"}],"items_purged_floors":[7],"is_endless":false,"potions_floor_spawned":[1,2,3,28],"killed_by":"Shelled Parasite and Fungi","ascension_level":17}}