{"host":"61r95uy0hn86b9iu","time":1612046381,"event":{"mods":["AchievementEnabler","BaseMod","Better Vampires","BetterRewards","Colored Powertips","Hubris","Minty Spire (QoL Compilation)","Shop Mod","StSLib"],"gold_per_floor":[109,109,122,122,35,70,70,87,137,412,9,42,52,62,62,134,134,151,151,171,238,288,338,338,350,350,369,384,434,434,446,446,446,446],"floor_reached":33,"language":"ENG","playtime":762,"items_purged":["Regret"],"score":700,"play_id":"e6ff4e04-8bfb-4220-a916-9689ac05a34b","local_time":"20210130163941","is_ascension_mode":true,"campfire_choices":[{"floor":7.0,"key":"REST"},{"data":"Consume","floor":15.0,"key":"SMITH"},{"data":"Defragment","floor":24.0,"key":"SMITH"},{"floor":30,"key":"REST"},{"floor":32,"key":"REST"}],"circlet_count":0,"master_deck":["AscendersBane","Strike_B","Strike_B","Strike_B","Strike_B","Defend_B","Defend_B","Defend_B","Defend_B","Zap+1","Dualcast+1","Defragment+1","Melter","Go for the Eyes","Defragment","Consume+1","Conserve Battery","Multi-Cast","Seek","FTL","Capacitor+1"],"relics":["Cracked Core","hubris:PeanutButter","Ice Cream","DataDisk","Lee\u0027s Waffle","Emotion Chip","MealTicket","Ancient Tea Set","hubris:BallOfYels","hubris:CuriousFeather","Oddly Smooth Stone","Sozu","SsserpentHead","Omamori"],"acts_visited":["Exordium","TheCity"],"potions_floor_usage":[],"damage_taken":[{"damage":7.0,"enemies":"Small Slimes","floor":1.0,"turns":4.0},{"damage":0.0,"enemies":"Jaw Worm","floor":3.0,"turns":3.0},{"damage":12.0,"enemies":"Lagavulin","floor":6.0,"turns":4.0},{"damage":0.0,"enemies":"2 Louse","floor":8.0,"turns":1.0},{"damage":6.0,"enemies":"Gremlin Nob","floor":12.0,"turns":3.0},{"damage":0.0,"enemies":"Red Slaver","floor":13.0,"turns":3.0},{"damage":0.0,"enemies":"Looter","floor":14.0,"turns":3.0},{"damage":32.0,"enemies":"Hexaghost","floor":16.0,"turns":8.0},{"damage":0.0,"enemies":"Chosen","floor":18.0,"turns":3.0},{"damage":1.0,"enemies":"Shell Parasite","floor":20.0,"turns":3.0},{"damage":11.0,"enemies":"Snecko","floor":21.0,"turns":5.0},{"damage":0.0,"enemies":"Chosen and Byrds","floor":25.0,"turns":3.0},{"damage":2.0,"enemies":"Snake Plant","floor":27.0,"turns":3.0},{"damage":36.0,"enemies":"Shelled Parasite and Fungi","floor":28.0,"turns":4.0},{"damage":26,"enemies":"Snecko","floor":31,"turns":5},{"damage":49,"enemies":"Champ","floor":33,"turns":8}],"seed_played":"-8812258804244036844","potions_obtained":[{"floor":6.0,"key":"SpeedPotion"},{"floor":14.0,"key":"Swift Potion"}],"is_trial":false,"path_per_floor":["M","?","M","?","$","E","R","M","T","?","$","E","M","M","R","B",null,"M","?","M","M","?","?","R","M","T","M","M","?","R","M","R","B"],"character_chosen":"DEFECT","items_purchased":["hubris:PeanutButter","DataDisk","Lee\u0027s Waffle","Defragment","Emotion Chip","MealTicket","Melter","Defragment","hubris:CuriousFeather"],"campfire_rested":3,"item_purchase_floors":[0,0,0,0,0,0,0,5,11],"current_hp_per_floor":[71,48,48,48,63,51,74,74,74,74,78,72,72,72,72,40,69,69,69,68,57,57,57,57,57,57,55,19,19,42,16,39,0,0],"gold":446,"neow_bonus":"","is_daily":false,"chose_seed":false,"campfire_upgraded":2,"win_rate":0.0,"timestamp":1612046381,"path_taken":["M","?","M","?","?","E","R","M","T","?","$","E","M","?","R","BOSS","M","?","M","?","?","?","R","M","T","M","M","?","R","M","R","BOSS"],"items_purchased_type":["Relic","Relic","Relic","Card","Relic","Relic","Card","Card","Relic"],"build_version":"2020-12-22","purchased_purges":1,"victory":false,"max_hp_per_floor":[78,78,78,78,78,78,78,78,78,78,78,78,78,78,78,78,78,78,78,78,78,78,78,78,78,78,78,78,78,78,78,78,78,78],"card_choices":[{"not_picked":["Gash","Barrage"],"picked":"Go for the Eyes","floor":1.0},{"not_picked":["hubris:PowerSurge","Doom and Gloom","Redo"],"picked":"SKIP","floor":3.0},{"not_picked":["Gash","Cold Snap","Compile Driver"],"picked":"SKIP","floor":6.0},{"not_picked":["Turbo","Compile Driver"],"picked":"Consume","floor":8.0},{"not_picked":["Hologram","Lockon","Redo"],"picked":"SKIP","floor":12.0},{"not_picked":["Darkness","White Noise"],"picked":"Conserve Battery","floor":13.0},{"not_picked":["Streamline","Coolheaded"],"picked":"Multi-Cast","floor":14.0},{"not_picked":["Hyperbeam","Amplify"],"picked":"Seek","floor":16.0},{"not_picked":["Rebound","Cold Snap","Recycle"],"picked":"SKIP","floor":18.0},{"not_picked":["Melter","Genetic Algorithm","Steam Power"],"picked":"SKIP","floor":20.0},{"not_picked":["Gash","Streamline"],"picked":"FTL","floor":21.0},{"not_picked":["Redo","Stack+1","Storm"],"picked":"SKIP","floor":25.0},{"not_picked":["Stack","Conserve Battery","Turbo"],"picked":"SKIP","floor":27.0},{"not_picked":["Static Discharge","Self Repair"],"picked":"Capacitor","floor":28.0},{"not_picked":["Turbo","Leap","hubris:SpecializedCircuitry"],"picked":"SKIP","floor":31}],"player_experience":3332084,"relics_obtained":[{"floor":6.0,"key":"Ancient Tea Set"},{"floor":9.0,"key":"hubris:BallOfYels"},{"floor":12.0,"key":"Oddly Smooth Stone"},{"floor":26.0,"key":"Omamori"}],"event_choices":[{"damage_healed":0.0,"max_hp_gain":0.0,"max_hp_loss":0.0,"gold_gain":0.0,"event_name":"Shining Light","player_choice":"Entered Light","floor":2.0,"gold_loss":0.0,"damage_taken":23.0,"cards_upgraded":["Zap","Dualcast"]},{"damage_healed":0.0,"max_hp_gain":0.0,"max_hp_loss":0.0,"gold_gain":0.0,"event_name":"Scrap Ooze","player_choice":"Fled","floor":4.0,"gold_loss":0.0,"damage_taken":0.0},{"damage_healed":0.0,"max_hp_gain":0.0,"max_hp_loss":0.0,"gold_gain":275.0,"event_name":"Golden Shrine","player_choice":"Desecrate","floor":10.0,"gold_loss":0.0,"damage_taken":0.0,"cards_obtained":["Regret"]},{"damage_healed":0.0,"max_hp_gain":0.0,"max_hp_loss":0.0,"gold_gain":0.0,"event_name":"FaceTrader","player_choice":"Trade","floor":19.0,"gold_loss":0.0,"damage_taken":0.0,"relics_obtained":["SsserpentHead"]},{"damage_healed":0.0,"max_hp_gain":0.0,"max_hp_loss":0.0,"gold_gain":0.0,"event_name":"Vampires","player_choice":"Ignored","floor":23.0,"gold_loss":0.0,"damage_taken":0.0}],"is_beta":false,"boss_relics":[{"not_picked":["Runic Pyramid","SacredBark"],"picked":"Sozu"}],"items_purged_floors":[11],"is_endless":false,"potions_floor_spawned":[6,14,20,28],"killed_by":"Champ","ascension_level":19}}