{"host":"rs956zbefct9hzhl","time":1612017122,"event":{"mods":["BaseMod","BetterRewards","Minty Spire (QoL Compilation)","Shop Mod","Spikes Relics","StSLib","The Dragon Tamer"],"gold_per_floor":[110,110,110,123,123,148,148,178,178,64,84,103,116,16,16,114,114,131,56,56,70,84,84,84,84,84],"floor_reached":24,"language":"ENG","playtime":1163,"items_purged":["Pain","DTMod:Strike"],"score":256,"play_id":"55fa52fc-88c8-4691-a0d8-196a6f2e7471","local_time":"20210130153202","is_ascension_mode":false,"metric_token":467,"campfire_choices":[{"data":"DTMod:LastStand","floor":7,"key":"SMITH"},{"data":"DTMod:DarkBreath","floor":15,"key":"SMITH"},{"data":"DTMod:Harmonize","floor":23,"key":"SMITH"}],"dtmod_dragon_data":[0,50,2,-1,4,0],"circlet_count":0,"master_deck":["DTMod:Strike","DTMod:Strike","DTMod:Strike","DTMod:DoubleHit+1","DTMod:TargetDefense","DTMod:TargetDefense","DTMod:TargetDefense","DTMod:SwitchingTactic+1","DTMod:LastStand+1","DTMod:BizarreTactic","DTMod:ComboAttack","DTMod:DarkBreath+1","DTMod:Feint","DTMod:CrossStep","DTMod:Shift","DTMod:Harmonize+1","DTMod:Training","DTMod:DragonDance+1"],"relics":["DTMod:PactStone","NeowsBlessing","WarpedTongs","DTMod:DragonFood","Omamori","Philosopher\u0027s Stone"],"acts_visited":["Exordium","TheCity"],"potions_floor_usage":[18,18,18,21,22,22,22],"damage_taken":[{"damage":0,"enemies":"Small Slimes","floor":1,"turns":1},{"damage":0,"enemies":"Jaw Worm","floor":4,"turns":1},{"damage":0,"enemies":"Lagavulin","floor":6,"turns":1},{"damage":1,"enemies":"Gremlin Nob","floor":8,"turns":5},{"damage":0,"enemies":"Cultist","floor":11,"turns":2},{"damage":0,"enemies":"Blue Slaver","floor":12,"turns":2},{"damage":0,"enemies":"Red Slaver","floor":13,"turns":2},{"damage":23,"enemies":"Hexaghost","floor":16,"turns":13},{"damage":7,"enemies":"2 Thieves","floor":18,"turns":4},{"damage":0,"enemies":"Shell Parasite","floor":21,"turns":4},{"damage":0,"enemies":"Snecko","floor":22,"turns":3},{"damage":39,"enemies":"Slavers","floor":24,"turns":4}],"seed_played":"-6893728661813518144","potions_obtained":[{"floor":6,"key":"FearPotion"},{"floor":8,"key":"LiquidMemories"},{"floor":13,"key":"SteroidPotion"},{"floor":18,"key":"SmokeBomb"},{"floor":20,"key":"EntropicBrew"},{"floor":20,"key":"DistilledChaos"}],"is_trial":false,"path_per_floor":["M","?","?","M","?","E","R","E","T","$","M","M","M","$","R","B",null,"M","?","?","M","M","R","E"],"character_chosen":"THE_DT","items_purchased":["DTMod:DarkBreath"],"campfire_rested":0,"item_purchase_floors":[10],"current_hp_per_floor":[45,36,36,36,32,32,32,31,31,31,31,31,31,31,31,8,45,38,38,38,38,38,38,0,0,0],"gold":84,"neow_bonus":"THREE_ENEMY_KILL","is_daily":false,"chose_seed":false,"campfire_upgraded":3,"win_rate":0.0,"timestamp":1612017122,"path_taken":["M","?","?","?","?","E","R","E","T","$","?","?","M","$","R","BOSS","M","?","?","?","M","R","E"],"items_purchased_type":["Card"],"build_version":"2020-12-22","purchased_purges":2,"victory":false,"max_hp_per_floor":[45,45,45,45,45,45,45,45,45,45,45,45,45,45,45,45,45,45,45,45,45,45,45,45,45,45],"card_choices":[{"not_picked":["DTMod:HeatWave","DTMod:CleansingStrike"],"picked":"DTMod:LastStand","floor":1},{"not_picked":["DTMod:BuildUp","DTMod:Weaken"],"picked":"DTMod:BizarreTactic","floor":4},{"not_picked":["DTMod:FlameSlash","DTMod:BreakAttack","DTMod:Punisher"],"picked":"SKIP","floor":6},{"not_picked":["DTMod:ShieldDrain","DTMod:FlameSlash"],"picked":"DTMod:ComboAttack","floor":8},{"not_picked":["DTMod:SealedStrike","DTMod:BuildUp"],"picked":"DTMod:Feint","floor":11},{"not_picked":["DTMod:Cover","DTMod:RecklessFlurry"],"picked":"DTMod:CrossStep","floor":12},{"not_picked":["DTMod:BreakAttack","DTMod:Training"],"picked":"DTMod:Shift","floor":13},{"not_picked":["DTMod:Inferno","DTMod:ShadowImage"],"picked":"DTMod:Harmonize","floor":16},{"not_picked":["DTMod:MagicField","DTMod:BurningEnergy","DTMod:BuildUp"],"picked":"SKIP","floor":18},{"not_picked":["DTMod:BuildUp","DTMod:RunningTactic+1"],"picked":"DTMod:Training","floor":21},{"not_picked":["DTMod:QuickFly","DTMod:BurningEnergy"],"picked":"DTMod:DragonDance+1","floor":22}],"player_experience":472808,"relics_obtained":[{"floor":6,"key":"DTMod:DragonFood"},{"floor":8,"key":"Omamori"}],"event_choices":[{"damage_healed":0,"gold_gain":0,"player_choice":"Entered Light","damage_taken":9,"max_hp_gain":0,"max_hp_loss":0,"event_name":"Shining Light","floor":2,"gold_loss":0,"cards_upgraded":["DTMod:SwitchingTactic","DTMod:DoubleHit"]},{"damage_healed":0,"gold_gain":0,"player_choice":"Rummage","damage_taken":0,"relics_obtained":["WarpedTongs"],"max_hp_gain":0,"max_hp_loss":0,"event_name":"Accursed Blacksmith","floor":3,"gold_loss":0,"cards_obtained":["Pain"]},{"damage_healed":0,"gold_gain":0,"player_choice":"Damaged","damage_taken":4,"max_hp_gain":0,"max_hp_loss":0,"event_name":"Wheel of Change","floor":5,"gold_loss":0},{"cards_removed":["DTMod:TargetDefense"],"damage_healed":0,"gold_gain":0,"player_choice":"Gave Gold","damage_taken":0,"max_hp_gain":0,"max_hp_loss":0,"event_name":"Beggar","floor":19,"gold_loss":75},{"damage_healed":0,"gold_gain":0,"player_choice":"Got Potions","damage_taken":0,"max_hp_gain":0,"max_hp_loss":0,"event_name":"Lab","floor":20,"gold_loss":0}],"is_beta":false,"boss_relics":[{"not_picked":["Snecko Eye","Coffee Dripper"],"picked":"Philosopher\u0027s Stone"}],"items_purged_floors":[10,14],"is_endless":false,"potions_floor_spawned":[6,8,13,18],"killed_by":"Slavers","ascension_level":0}}