{"host":"ucgrft0m53zzt06v","time":1612050949,"event":{"mods":["BaseMod","Colored Map","Colored Powertips","Conspire","HololiveMod","KinomotoSakuraMod(木之本樱)","Lobotomy","Minty Spire (QoL Compilation)","Quick Restart","Replay The Spire","Shop Mod","Spicy Shops","StSLib","Td1madao Mod","The Senshi","Waifu the Spire","WarShipGirlsR/战舰少女R mod","【遗物卡牌】REMEMod"],"gold_per_floor":[110,37,47,47,64,91,91,110,110,110,128,154,154,170,170,267,267,284,83,97,112,12,12,44,71,71],"floor_reached":25,"language":"ZHS","playtime":1437,"items_purged":["rmod:strick"],"score":256,"play_id":"3ca3e172-0ff5-43ad-a5aa-eb5767c6f95c","local_time":"20210131075549","is_ascension_mode":true,"campfire_choices":[{"data":"rmod:robin","floor":7,"key":"SMITH"},{"data":"rmod:basicallowance","floor":10,"key":"SMITH"},{"data":"rmod:aviationdawn","floor":13,"key":"SMITH"},{"data":"rmod:fuelsupply","floor":15,"key":"SMITH"},{"data":"rmod:supportaircraftcarrier","floor":23,"key":"SMITH"}],"circlet_count":0,"master_deck":["rmod:strick","rmod:strick","rmod:strick","rmod:defend","rmod:defend","rmod:defend","rmod:defend","rmod:basicallowance+1","rmod:maingunfire","Violence","rmod:aviationdawn+1","rmod:supportaircraftcarrier+1","rmod:diaomin","rmod:robin+1","rmod:heivgo","rmod:fuelsupply+1","rmod:stealaluminum+1","rmod:intelligenceanalysis","rmod:expedition+1","conspire:SpireCoStock","conspire:SpireCoStock"],"relics":["rmod:firstchargereward","REME_ComplimentaryCards","Replay:Towering Pillar of Hats","Sundial","Vajra","Frozen Egg 2","Oddly Smooth Stone","Busted Crown","Lantern","Anchor"],"acts_visited":["Exordium","TheCity"],"potions_floor_usage":[18,18,24,24],"damage_taken":[{"damage":0,"enemies":"2 Louse","floor":1,"turns":2},{"damage":0,"enemies":"Jaw Worm","floor":3,"turns":3},{"damage":0,"enemies":"Cultist","floor":5,"turns":3},{"damage":14,"enemies":"3 Sentries","floor":6,"turns":7},{"damage":0,"enemies":"Red Slaver","floor":8,"turns":3},{"damage":7,"enemies":"3 Louse","floor":11,"turns":2},{"damage":8,"enemies":"Gremlin Nob","floor":12,"turns":3},{"damage":0,"enemies":"Blue Slaver","floor":14,"turns":2},{"damage":19,"enemies":"Fading Forest","floor":16,"turns":12},{"damage":0,"enemies":"3 Byrds","floor":18,"turns":4},{"damage":15,"enemies":"2 Thieves","floor":20,"turns":4},{"damage":34,"enemies":"Cultist and Chosen","floor":21,"turns":7},{"damage":3,"enemies":"Gremlin Leader","floor":24,"turns":5},{"damage":23,"enemies":"Centurion and Healer","floor":25,"turns":4}],"seed_played":"6053181379554829121","potions_obtained":[{"floor":5,"key":"GamblersBrew"},{"floor":6,"key":"Reflective Coating"},{"floor":8,"key":"LiquidMemories"},{"floor":11,"key":"Adrenaline Potion"},{"floor":14,"key":"SkillPotion"},{"floor":18,"key":"PowerPotion"},{"floor":21,"key":"Weak Potion"}],"is_trial":false,"path_per_floor":["M","$","M","?","M","E","R","M","T","R","M","E","R","M","R","B",null,"M","$","M","M","?","R","E","M"],"character_chosen":"PRAEFECT","items_purchased":["rmod:supportaircraftcarrier","Lantern","rmod:intelligenceanalysis"],"campfire_rested":0,"item_purchase_floors":[2,19,19],"current_hp_per_floor":[54,54,54,51,51,37,37,37,37,37,30,22,22,22,22,3,75,75,75,60,26,26,26,23,0,0],"gold":71,"neow_bonus":"ONE_RARE_RELIC","is_daily":false,"chose_seed":false,"campfire_upgraded":5,"win_rate":0.0,"timestamp":1612050949,"path_taken":["M","$","M","?","M","E","R","M","T","R","M","E","R","M","R","BOSS","M","$","M","M","?","R","E","M"],"items_purchased_type":["Card","Card","Card"],"build_version":"2020-12-22","purchased_purges":1,"victory":false,"max_hp_per_floor":[75,75,75,75,75,75,75,75,75,75,75,75,75,75,75,75,75,75,75,75,75,75,75,75,75,75],"card_choices":[{"not_picked":["rmod:rockthrower","rmod:steelsupply"],"picked":"rmod:aviationdawn","floor":1},{"not_picked":["rmod:unsinkable","rmod:goodsister","rmod:heivgo"],"picked":"SKIP","floor":3},{"not_picked":["rmod:goodfighter","rmod:rockthrower"],"picked":"rmod:diaomin","floor":5},{"not_picked":["rmod:highspeedshooting","rmod:unsinkable"],"picked":"rmod:robin","floor":6},{"not_picked":["rmod:victimresponsibility","rmod:advancebysurprise"],"picked":"rmod:heivgo","floor":8},{"not_picked":["rmod:fletcher","rmod:unsinkable","rmod:punchline"],"picked":"SKIP","floor":11},{"not_picked":["rmod:victimresponsibility","rmod:ammunitionsupply","rmod:aviationdawn"],"picked":"SKIP","floor":12},{"not_picked":["rmod:fletcherpendant","rmod:heivgo"],"picked":"rmod:fuelsupply","floor":14},{"not_picked":["rmod:windflower","rmod:acesubmarine"],"picked":"rmod:stealaluminum+1","floor":16},{"not_picked":["rmod:victimresponsibility"],"picked":"SKIP","floor":18},{"not_picked":[],"picked":"rmod:expedition+1","floor":20},{"not_picked":["rmod:ammunitionsupply"],"picked":"SKIP","floor":21},{"not_picked":["rmod:punchline"],"picked":"SKIP","floor":24}],"player_experience":117677,"relics_obtained":[{"floor":6,"key":"Vajra"},{"floor":9,"key":"Frozen Egg 2"},{"floor":12,"key":"Oddly Smooth Stone"},{"floor":24,"key":"Anchor"}],"event_choices":[{"damage_healed":0,"gold_gain":0,"player_choice":"Success","damage_taken":3,"relics_obtained":["Sundial"],"max_hp_gain":0,"max_hp_loss":0,"event_name":"Scrap Ooze","floor":4,"gold_loss":0},{"damage_healed":0,"gold_gain":0,"player_choice":"Invest 2","damage_taken":0,"max_hp_gain":0,"max_hp_loss":0,"event_name":"conspire:Investor","floor":22,"gold_loss":0}],"is_beta":false,"boss_relics":[{"not_picked":["Hololive_Finger","Tiny House"],"picked":"Busted Crown"}],"items_purged_floors":[19],"is_endless":false,"potions_floor_spawned":[5,6,8,11,14,18,21],"killed_by":"Centurion and Healer","ascension_level":2}}