{"host":"iph0xvuia0glosgr","time":1612042816,"event":{"mods":["AchievementEnabler","BaseMod","Minty Spire (QoL Compilation)"],"gold_per_floor":[115,127,137,41,53,83,106,134,146,169,181,193,205,242,254,363,375,400,412,434,446,66,66,101,101,101,116,116,206,206,216,216,321,321,331,344,41,41,41],"floor_reached":38,"language":"ENG","playtime":2742,"items_purged":["Regret"],"score":476,"play_id":"bdaeb937-3f23-4c4e-8265-07cc4ff670fc","local_time":"20210130214016","is_ascension_mode":true,"campfire_choices":[{"floor":12,"key":"REST"},{"floor":15,"key":"REST"},{"floor":23,"key":"REST"},{"floor":30,"key":"REST"},{"floor":32,"key":"RECALL"}],"circlet_count":0,"master_deck":["Strike_G+1","Strike_G+1","Strike_G+1","Strike_G+1","Strike_G+1","Defend_G+1","Defend_G+1","Defend_G+1","Defend_G+1","Defend_G+1","Survivor","Neutralize","Backstab","Poisoned Stab","Sucker Punch","Blade Dance","Infinite Blades","Bane","Slice","Blade Dance","Cloak And Dagger","Sucker Punch","PiercingWail","Die Die Die","CurseOfTheBell","Dodge and Roll","Blade Dance","Blade Dance","PiercingWail","Flying Knee","Noxious Fumes+1","Burst","All Out Attack+1","Cloak And Dagger","Poisoned Stab"],"relics":["Ring of the Snake","NeowsBlessing","MawBank","Regal Pillow","Ginger","Happy Flower","Calling Bell","Ancient Tea Set","Kunai","Pocketwatch","PreservedInsect","White Beast Statue","Black Star","Anchor"],"acts_visited":["Exordium","TheCity","TheBeyond"],"potions_floor_usage":[7,8,10,16,27,33,33,33,36,36,38,38],"damage_taken":[{"damage":0,"enemies":"Small Slimes","floor":1,"turns":1},{"damage":0,"enemies":"Jaw Worm","floor":2,"turns":1},{"damage":0,"enemies":"2 Louse","floor":3,"turns":1},{"damage":3,"enemies":"Lots of Slimes","floor":5,"turns":4},{"damage":26,"enemies":"Lagavulin","floor":6,"turns":6},{"damage":2,"enemies":"2 Fungi Beasts","floor":7,"turns":3},{"damage":4,"enemies":"Gremlin Gang","floor":8,"turns":4},{"damage":0,"enemies":"Exordium Wildlife","floor":10,"turns":4},{"damage":28,"enemies":"3 Sentries","floor":14,"turns":9},{"damage":52,"enemies":"Slime Boss","floor":16,"turns":11},{"damage":30,"enemies":"2 Thieves","floor":18,"turns":4},{"damage":9,"enemies":"3 Byrds","floor":20,"turns":5},{"damage":7,"enemies":"Gremlin Leader","floor":24,"turns":6},{"damage":0,"enemies":"3 Cultists","floor":27,"turns":5},{"damage":4,"enemies":"Snecko","floor":31,"turns":4},{"damage":53,"enemies":"Automaton","floor":33,"turns":10},{"damage":34,"enemies":"3 Shapes","floor":35,"turns":5},{"damage":23,"enemies":"3 Darklings","floor":36,"turns":5},{"damage":24,"enemies":"Maw","floor":38,"turns":7}],"seed_played":"-8973192512926830299","potions_obtained":[{"floor":1,"key":"DuplicationPotion"},{"floor":2,"key":"Strength Potion"},{"floor":6,"key":"Block Potion"},{"floor":8,"key":"SteroidPotion"},{"floor":20,"key":"SneckoOil"},{"floor":27,"key":"Swift Potion"},{"floor":31,"key":"DistilledChaos"},{"floor":33,"key":"FearPotion"},{"floor":35,"key":"Explosive Potion"},{"floor":36,"key":"EssenceOfSteel"}],"is_trial":false,"path_per_floor":["M","M","M","$","M","E","M","M","T","M","?","R","$","E","R","B",null,"M","?","M","?","$","R","E","$","T","M","$","?","R","M","R","B",null,"M","M","$","M"],"character_chosen":"THE_SILENT","items_purchased":["Blade Dance","Infinite Blades","PreservedInsect","Blade Dance","CunningPotion","PiercingWail","Anchor","Cloak And Dagger","Poisoned Stab","Block Potion"],"campfire_rested":4,"item_purchase_floors":[4,4,22,22,22,22,37,37,37,37],"current_hp_per_floor":[70,70,70,70,67,41,39,35,35,35,35,70,70,42,70,18,70,40,27,18,18,18,55,48,48,48,48,48,36,73,69,69,16,75,41,18,18,0,0],"gold":41,"neow_bonus":"THREE_ENEMY_KILL","is_daily":false,"chose_seed":false,"campfire_upgraded":0,"win_rate":0.0,"timestamp":1612042816,"path_taken":["M","M","M","$","M","E","M","M","T","M","?","R","?","E","R","BOSS","M","?","M","?","$","R","E","?","T","M","$","?","R","M","R","BOSS","M","M","$","M"],"items_purchased_type":["Card","Card","Relic","Card","Potion","Card","Relic","Card","Card","Potion"],"build_version":"2020-12-22","purchased_purges":1,"victory":false,"max_hp_per_floor":[70,70,70,70,70,70,70,70,70,70,70,70,70,70,70,70,70,70,75,75,75,75,75,75,75,75,75,75,75,75,75,75,75,75,75,75,75,75,75],"card_choices":[{"not_picked":["Escape Plan","Acrobatics"],"picked":"Backstab","floor":1},{"not_picked":["Skewer","Riddle With Holes"],"picked":"Poisoned Stab","floor":2},{"not_picked":["Choke","Terror"],"picked":"Sucker Punch","floor":3},{"not_picked":["Skewer","Caltrops"],"picked":"Bane","floor":5},{"not_picked":["Dagger Spray","Riddle With Holes"],"picked":"Slice","floor":6},{"not_picked":["Cloak And Dagger","Outmaneuver"],"picked":"Blade Dance","floor":7},{"not_picked":["Dodge and Roll","Acrobatics"],"picked":"Cloak And Dagger","floor":8},{"not_picked":["Dodge and Roll","Catalyst"],"picked":"Sucker Punch","floor":10},{"not_picked":["Prepared","Malaise"],"picked":"PiercingWail","floor":14},{"not_picked":["After Image","Tools of the Trade"],"picked":"Die Die Die","floor":16},{"not_picked":["Dagger Throw","Prepared+1"],"picked":"Dodge and Roll","floor":18},{"not_picked":["Sucker Punch","Dagger Throw"],"picked":"Blade Dance","floor":20},{"not_picked":["Catalyst","Setup","Underhanded Strike"],"picked":"SKIP","floor":24},{"not_picked":["Terror","Quick Slash"],"picked":"Flying Knee","floor":27},{"not_picked":["Dagger Throw+1","Escape Plan+1"],"picked":"Noxious Fumes+1","floor":31},{"not_picked":["Malaise","Corpse Explosion"],"picked":"Burst","floor":33},{"not_picked":["Leg Sweep","Skewer"],"picked":"All Out Attack+1","floor":35},{"not_picked":["Backflip","Sucker Punch","Dagger Throw+1"],"picked":"SKIP","floor":36}],"player_experience":313211,"relics_obtained":[{"floor":6,"key":"MawBank"},{"floor":9,"key":"Regal Pillow"},{"floor":14,"key":"Happy Flower"},{"floor":17,"key":"Ancient Tea Set"},{"floor":17,"key":"Kunai"},{"floor":17,"key":"Pocketwatch"},{"floor":24,"key":"White Beast Statue"}],"event_choices":[{"damage_healed":0,"gold_gain":0,"player_choice":"Box","damage_taken":0,"relics_obtained":["Ginger"],"max_hp_gain":0,"max_hp_loss":0,"event_name":"Big Fish","floor":11,"gold_loss":0,"cards_obtained":["Regret"]},{"damage_healed":0,"gold_gain":0,"player_choice":"Shed Blood","damage_taken":18,"max_hp_gain":5,"max_hp_loss":0,"event_name":"Forgotten Altar","floor":19,"gold_loss":0},{"damage_healed":0,"gold_gain":0,"player_choice":"Simplicity","damage_taken":0,"max_hp_gain":0,"max_hp_loss":0,"event_name":"Back to Basics","floor":21,"gold_loss":0,"cards_upgraded":["Strike_G","Strike_G","Strike_G","Strike_G","Strike_G","Defend_G","Defend_G","Defend_G","Defend_G","Defend_G"]},{"damage_healed":0,"gold_gain":90,"player_choice":"GOLD ","damage_taken":12,"max_hp_gain":0,"max_hp_loss":0,"event_name":"Knowing Skull","floor":29,"potions_obtained":[],"gold_loss":0,"cards_obtained":[]}],"is_beta":false,"boss_relics":[{"not_picked":["Ectoplasm","HoveringKite"],"picked":"Calling Bell"},{"not_picked":["Runic Dome","Pandora\u0027s Box"],"picked":"Black Star"}],"items_purged_floors":[22],"is_endless":false,"potions_floor_spawned":[1,2,6,8,20,27,31,33,35,36],"killed_by":"Maw","ascension_level":1}}