{"host":"2p3jwbtacxwf1d73","time":1612018837,"event":{"mods":["BaseMod","Colored Powertips","Hermit","Hubris","Minty Spire (QoL Compilation)","Potionbrewer","Quick Restart","Small Relic Pack","StSLib","The Cursed","The Death Knight","The Gatherer","The Hierophant","The Servant 0.9.4"],"gold_per_floor":[112,112,129,143,158,158,189,209,209,209,209,219,245,255,255,356,356,376,376,39,39,39,72,72,82,108,0,15,43,63,81,81,182,182,201,76,126,126,138,172,172,172,172,86,86,103,182,198,198,198],"floor_reached":51,"language":"ENG","playtime":2909,"items_purged":[],"score":852,"play_id":"d41d8ef2-6b3b-459b-a8df-808b08115229","local_time":"20210130090037","daily_mods":["SealedDeck","Heirloom"],"is_ascension_mode":false,"campfire_choices":[{"floor":6,"key":"REST"},{"floor":11,"key":"REST"},{"floor":15,"key":"REST"},{"floor":24,"key":"REST"},{"floor":32,"key":"REST"},{"data":"Mayhem","floor":45,"key":"SMITH"},{"floor":49,"key":"REST"}],"circlet_count":0,"master_deck":["DeathKnight:IcyTouch","DeathKnight:IceboundArmor","DeathKnight:PillarOfFrost","DeathKnight:Ossuary","DeathKnight:PathOfFrost+1","DeathKnight:MindFreeze","DeathKnight:FrostStrike","DeathKnight:BloodStrike","DeathKnight:FoulBulwark","DeathKnight:HowlingBlast","DeathKnight:FrosPresence","DeathKnight:Hysteria","DeathKnight:AntiMagicShell","DeathKnight:Razorice","DeathKnight:FrosPresence","DeathKnight:Frostscythe","relicPack:StarPlatinum","Mayhem+1","DeathKnight:HornOfWinter","Dramatic Entrance","DeathKnight:Ossuary+1","DeathKnight:Runesurge","DeathKnight:IceboundArmor+1","DeathKnight:Razorice","Jack Of All Trades","DeathKnight:Runesurge","Deep Breath"],"relics":["DeathKnight:BrokenRuneblade","hubris:64BitClover","relicPack:DSword","potionbrewer:Torch","Orichalcum","Nunchaku","potionbrewer:AlchemistFlask","relicPack:StarArrow","hubris:Towel","Thread and Needle","DeathKnight:JainasLocket","Oddly Smooth Stone","hubris:Metronome","DeathKnight:ScourgeInsignia","DeathKnight:HelmOfDomination","Anchor","Centennial Puzzle","Bottled Tornado"],"acts_visited":["Exordium","TheCity","TheBeyond"],"potions_floor_usage":[5,8,16,16,16,16,23,25,25,33,33,50,50,50,50],"damage_taken":[{"damage":0,"enemies":"Jaw Worm","floor":1,"turns":2},{"damage":0,"enemies":"Cultist","floor":3,"turns":3},{"damage":0,"enemies":"2 Louse","floor":4,"turns":1},{"damage":0,"enemies":"2 Fungi Beasts","floor":5,"turns":1},{"damage":21,"enemies":"Gremlin Nob","floor":7,"turns":4},{"damage":0,"enemies":"Exordium Wildlife","floor":8,"turns":2},{"damage":0,"enemies":"Large Slime","floor":12,"turns":7},{"damage":16,"enemies":"3 Sentries","floor":13,"turns":5},{"damage":0,"enemies":"Exordium Thugs","floor":14,"turns":4},{"damage":0,"enemies":"Slime Boss","floor":16,"turns":7},{"damage":0,"enemies":"3 Byrds","floor":18,"turns":4},{"damage":18,"enemies":"Slavers","floor":23,"turns":5},{"damage":0,"enemies":"2 Thieves","floor":25,"turns":3},{"damage":6,"enemies":"Centurion and Healer","floor":28,"turns":7},{"damage":8,"enemies":"Gremlin Leader","floor":29,"turns":6},{"damage":4,"enemies":"Shelled Parasite and Fungi","floor":30,"turns":4},{"damage":1,"enemies":"Sentry and Sphere","floor":31,"turns":4},{"damage":22,"enemies":"Collector","floor":33,"turns":8},{"damage":0,"enemies":"Orb Walker","floor":35,"turns":2},{"damage":10,"enemies":"Mind Bloom Boss Battle","floor":37,"turns":6},{"damage":0,"enemies":"3 Darklings","floor":39,"turns":2},{"damage":0,"enemies":"Giant Head","floor":40,"turns":8},{"damage":0,"enemies":"Transient","floor":46,"turns":5},{"damage":0,"enemies":"Jaw Worm Horde","floor":48,"turns":2},{"damage":0,"enemies":"hubris:GrandSnecko","floor":50,"turns":12}],"seed_played":"9092660653011654828","potions_obtained":[{"floor":4,"key":"Fire Potion"},{"floor":5,"key":"Fire Potion"},{"floor":12,"key":"Ancient Potion"},{"floor":13,"key":"EntropicBrew"},{"floor":16,"key":"FearPotion"},{"floor":18,"key":"DeathKnight:RimePotion"},{"floor":25,"key":"Ancient Potion"},{"floor":29,"key":"potionbrewer:DiscountPotion"},{"floor":33,"key":"Explosive Potion"},{"floor":40,"key":"EssenceOfSteel"}],"is_trial":true,"path_per_floor":["M","?","M","M","M","R","E","M","T","?","R","M","E","M","R","B",null,"M","?","$","?","?","E","R","M","T","?","M","E","M","M","R","B",null,"M","$","?","?","M","E","?","?","T","$","R","M","T","M","R","B",null],"character_chosen":"DEATH_KNIGHT","items_purchased":["Mayhem","DeathKnight:HornOfWinter","Dramatic Entrance","LiquidMemories","Block Potion","Deep Breath"],"campfire_rested":6,"item_purchase_floors":[20,20,20,36,36,44],"current_hp_per_floor":[75,40,40,40,40,62,41,41,41,41,63,63,47,47,69,69,75,75,75,75,75,75,57,75,75,75,75,69,61,57,56,75,53,75,75,75,65,65,65,65,65,65,65,65,65,65,65,65,75,75],"gold":198,"neow_bonus":"","is_daily":false,"chose_seed":false,"campfire_upgraded":1,"win_rate":0.0,"timestamp":1612018837,"path_taken":["M","?","M","M","M","R","E","M","T","?","R","?","E","M","R","BOSS","M","?","$","?","?","E","R","M","T","?","M","E","M","M","R","BOSS","M","$","?","?","?","E","?","?","T","$","R","?","?","M","R","BOSS"],"items_purchased_type":["Card","Card","Card","Potion","Potion","Card"],"build_version":"2020-12-22","purchased_purges":0,"victory":true,"max_hp_per_floor":[75,75,75,75,75,75,75,75,75,75,75,75,75,75,75,75,75,75,75,75,75,75,75,75,75,75,75,75,75,75,75,75,75,75,75,75,75,75,75,75,75,75,75,75,75,75,75,75,75,75],"card_choices":[{"not_picked":["DeathKnight:BludPresence","DeathKnight:BloodEchoes"],"picked":"DeathKnight:FrosPresence","floor":1},{"not_picked":["DeathKnight:BloodBoil","DeathKnight:DarkSuccor"],"picked":"DeathKnight:Hysteria","floor":3},{"not_picked":["DeathKnight:DreadStrike","DeathKnight:BloodPact","DeathKnight:IcyTouch"],"picked":"SKIP","floor":4},{"not_picked":["DeathKnight:DreadStrike","DeathKnight:DeathAndDecay","DeathKnight:UnholyAssault"],"picked":"SKIP","floor":5},{"not_picked":["DeathKnight:PillarOfFrost","DeathKnight:BloodPact","DeathKnight:UnholyFrenzy"],"picked":"SKIP","floor":7},{"not_picked":["DeathKnight:Hysteria","DeathKnight:FesteringStrike","DeathKnight:PathOfFrost"],"picked":"SKIP","floor":8},{"not_picked":["DeathKnight:BloodPact","DeathKnight:BoneSpear"],"picked":"DeathKnight:AntiMagicShell","floor":12},{"not_picked":["DeathKnight:DreadStrike","DeathKnight:DancingRuneblade"],"picked":"DeathKnight:Razorice","floor":13},{"not_picked":["DeathKnight:HartStrike","DeathKnight:BloodStrike"],"picked":"DeathKnight:FrosPresence","floor":14},{"not_picked":["DeathKnight:RunicDetonation","DeathKnight:Outbreak"],"picked":"DeathKnight:Frostscythe","floor":16},{"not_picked":["DeathKnight:DeathCoil","DeathKnight:RaiseAlly+1","DeathKnight:IceboundArmor"],"picked":"SKIP","floor":18},{"not_picked":["DeathKnight:BloodStrike","DeathKnight:IcyTouch","DeathKnight:RaiseAlly"],"picked":"SKIP","floor":23},{"not_picked":["DeathKnight:BludPresence","DeathKnight:RaiseAlly+1","DeathKnight:BladedArmor"],"picked":"SKIP","floor":25},{"not_picked":["DeathKnight:FrosPresence","DeathKnight:Hemostasis","DeathKnight:Parry"],"picked":"SKIP","floor":28},{"not_picked":["DeathKnight:Contagion","DeathKnight:DeathStrike"],"picked":"DeathKnight:Ossuary+1","floor":29},{"not_picked":["DeathKnight:RuneShock","DeathKnight:DeathStrike","DeathKnight:Pestilence"],"picked":"SKIP","floor":30},{"not_picked":["DeathKnight:ShatteringStrikes+1","DeathKnight:FesteringStrike","DeathKnight:BoneShield"],"picked":"SKIP","floor":31},{"not_picked":["DeathKnight:ArmyOfTheDead","DeathKnight:BoneStorm"],"picked":"DeathKnight:Runesurge","floor":33},{"not_picked":["DeathKnight:DeathAndDecay","DeathKnight:DeathGrip","DeathKnight:Lichborne"],"picked":"SKIP","floor":35},{"not_picked":["DeathKnight:ScourgeStrike","DeathKnight:DeathStrike+1"],"picked":"DeathKnight:IceboundArmor+1","floor":37},{"not_picked":["DeathKnight:Ossuary+1","DeathKnight:HartStrike+1","DeathKnight:Pestilence"],"picked":"SKIP","floor":39},{"not_picked":["DeathKnight:BoneSpear+1","DeathKnight:AntiMagicShell+1"],"picked":"DeathKnight:Razorice","floor":40},{"not_picked":["Trip","Panacea"],"picked":"Jack Of All Trades","floor":41},{"not_picked":["DeathKnight:MutagenicPlague+1","DeathKnight:Runeguard+1","DeathKnight:DeathGrip+1"],"picked":"SKIP","floor":46},{"not_picked":["DeathKnight:Marrowrend+1","DeathKnight:BoneSpear+1","DeathKnight:BloodTap+1"],"picked":"SKIP","floor":48}],"player_experience":417488,"relics_obtained":[{"floor":7,"key":"potionbrewer:Torch"},{"floor":9,"key":"Orichalcum"},{"floor":13,"key":"Nunchaku"},{"floor":14,"key":"potionbrewer:AlchemistFlask"},{"floor":23,"key":"Thread and Needle"},{"floor":26,"key":"DeathKnight:JainasLocket"},{"floor":29,"key":"Oddly Smooth Stone"},{"floor":33,"key":"hubris:Metronome"},{"floor":37,"key":"DeathKnight:HelmOfDomination"},{"floor":40,"key":"Anchor"},{"floor":43,"key":"Centennial Puzzle"},{"floor":47,"key":"Bottled Tornado"}],"event_choices":[{"damage_healed":0,"gold_gain":0,"player_choice":"Forge","damage_taken":0,"max_hp_gain":0,"max_hp_loss":0,"event_name":"Accursed Blacksmith","floor":10,"gold_loss":0,"cards_upgraded":["DeathKnight:PathOfFrost"]},{"damage_healed":0,"gold_gain":0,"player_choice":"Ignored","damage_taken":0,"max_hp_gain":0,"max_hp_loss":0,"event_name":"Vampires","floor":21,"gold_loss":0},{"damage_healed":0,"gold_gain":0,"player_choice":"Paid Fearfully","damage_taken":0,"max_hp_gain":0,"max_hp_loss":0,"event_name":"Masked Bandits","floor":27,"gold_loss":108},{"damage_healed":0,"gold_gain":0,"player_choice":"Fight","damage_taken":0,"max_hp_gain":0,"max_hp_loss":0,"event_name":"MindBloom","floor":37,"gold_loss":0},{"damage_healed":0,"gold_gain":0,"player_choice":"Memory 1","damage_taken":0,"max_hp_gain":0,"max_hp_loss":0,"event_name":"SensoryStone","floor":41,"gold_loss":0},{"damage_healed":0,"gold_gain":0,"player_choice":"Copied","damage_taken":0,"max_hp_gain":0,"max_hp_loss":0,"event_name":"Duplicator","floor":42,"gold_loss":0,"cards_obtained":["DeathKnight:Runesurge"]}],"is_beta":false,"boss_relics":[{"not_picked":["Runic Dome","hubris:BlackHole"],"picked":"relicPack:StarArrow"},{"not_picked":["hubris:Stopwatch","Runic Pyramid"],"picked":"DeathKnight:ScourgeInsignia"}],"items_purged_floors":[],"is_endless":false,"potions_floor_spawned":[4,5,12,13,16,18,25,29,33,37,40],"ascension_level":0}}