{"host":"21ilc3txkeir89i9","time":1612047969,"event":{"mods":["BaseMod","BetterRewards","Block Reminder","Card Forge","Hermit","Minty Spire (QoL Compilation)","Spicy Shops","StSLib","The Jungle"],"gold_per_floor":[117,117,117,117,137,170,170,220,220,269,150,150,17,17,17,155,155,180,204,213,245,254,304,313,313,322,346,4,52,52,22,22,161,161,188,188,261,88,97,97,381,410,493,517,567,567,617,650,650,650,650],"floor_reached":50,"language":"ENG","playtime":2665,"items_purged":[],"score":854,"play_id":"2759c292-12e3-488b-8b8c-c826d835a780","local_time":"20210130150609","is_ascension_mode":true,"campfire_choices":[{"floor":7,"key":"RECALL"},{"floor":12,"key":"REST"},{"data":"hermit:TrackingShot","floor":15,"key":"SMITH"},{"floor":25,"key":"REST"},{"floor":30,"key":"REST"},{"floor":32,"key":"REST"},{"floor":40,"key":"REST"},{"floor":46,"key":"REST"},{"floor":49,"key":"REST"}],"circlet_count":0,"master_deck":["hermit:Strike_Hermit+1","hermit:Strike_Hermit+1","hermit:Strike_Hermit+1","hermit:Strike_Hermit+1","hermit:Defend_Hermit+1","hermit:Defend_Hermit+1","hermit:Defend_Hermit+1","hermit:Defend_Hermit+1","hermit:Snapshot+1","hermit:Covet+1","hermit:Enervate+1","Injury","hermit:LuckOfTheDraw+1","hermit:CalledShot+1","hermit:Horror+1","hermit:Ricochet+1","Injury","hermit:Misfire+1","hermit:TrackingShot+1","hermit:OverwhelmingPower+1","hermit:SprayPray+1","hermit:CalledShot+1","Shame","hermit:Snipe+1","hermit:Dive+1","hermit:BigShot+1","Shame","Shame","Panache+1","hermit:TakeAim+1","hermit:RoundhouseKick+1","hermit:EyeOfTheStorm+1","hermit:SprayPray+1","Pain","Regret","Regret","hermit:Deadeye+1","Writhe","hermit:Enervate+1","hermit:Manifest+1","hermit:Manifest+1","hermit:BodyArmor+1"],"relics":["hermit:Momento","Hammer of Thor","Seething Fire","Anvil of the Gods","NeowsBlessing","Golden Idol","CeramicFish","The Courier","Nunchaku","Ice Cream","Pen Nib","Darkstone Periapt","Cursed Key","theJungle:PaperFaux","Ninja Scroll","Calipers","theJungle:SneckoAutograph","Sundial","Membership Card","Whetstone","Tiny Chest","Mercury Hourglass","Meat on the Bone","Fusion Hammer","Mango","hermit:Spyglass","Bronze Scales","Oddly Smooth Stone","Ornamental Fan","Gremlin Horn","Orichalcum","Smiling Mask"],"acts_visited":["Exordium","Exordium","TheBeyond"],"potions_floor_usage":[19,22,22,22,33,44,50,50],"damage_taken":[{"damage":0,"enemies":"Jaw Worm","floor":1,"turns":1},{"damage":0,"enemies":"2 Louse","floor":5,"turns":1},{"damage":0,"enemies":"3 Sentries","floor":6,"turns":2},{"damage":10,"enemies":"Lagavulin","floor":8,"turns":7},{"damage":14,"enemies":"Gremlin Nob","floor":10,"turns":3},{"damage":10,"enemies":"Slime Boss","floor":16,"turns":8},{"damage":10,"enemies":"theJungle:GiantWrat","floor":18,"turns":3},{"damage":0,"enemies":"Shell Parasite","floor":19,"turns":2},{"damage":12,"enemies":"theJungle:Snecko_Cultist_And_Trap","floor":21,"turns":4},{"damage":16,"enemies":"JungleHuntersEvent","floor":22,"turns":6},{"damage":14,"enemies":"theJungle:MamaSnecko","floor":23,"turns":4},{"damage":8,"enemies":"theJungle:SlimyTreeVines","floor":27,"turns":3},{"damage":7,"enemies":"theJungle:2_Phrogs","floor":29,"turns":4},{"damage":12,"enemies":"theJungle:QueenSpyder","floor":33,"turns":5},{"damage":12,"enemies":"3 Darklings","floor":35,"turns":3},{"damage":8,"enemies":"2 Orb Walkers","floor":37,"turns":2},{"damage":7,"enemies":"Orb Walker","floor":42,"turns":3},{"damage":32,"enemies":"Spire Growth","floor":44,"turns":3},{"damage":37,"enemies":"Nemesis","floor":45,"turns":5},{"damage":37,"enemies":"Reptomancer","floor":47,"turns":3},{"damage":6,"enemies":"Jaw Worm Horde","floor":48,"turns":3},{"damage":120,"enemies":"Time Eater","floor":50,"turns":10}],"seed_played":"-3883315837854252770","potions_obtained":[{"floor":6,"key":"SkillPotion"},{"floor":8,"key":"LiquidMemories"},{"floor":10,"key":"Block Potion"},{"floor":19,"key":"Swift Potion"},{"floor":27,"key":"PowerPotion"},{"floor":29,"key":"LiquidBronze"},{"floor":31,"key":"Energy Potion"},{"floor":31,"key":"CultistPotion"},{"floor":33,"key":"SteroidPotion"},{"floor":35,"key":"SkillPotion"},{"floor":45,"key":"Weak Potion"},{"floor":48,"key":"Block Potion"}],"is_trial":false,"path_per_floor":["M","?","?","?","M","E","R","E","T","E","$","R","$","T","R","B",null,"M","M","?","M","?","E","?","R","T","M","$","E","R","?","R","B",null,"M","?","?","$","T","R","?","M","T","M","E","R","E","M","R","B"],"character_chosen":"HERMIT","items_purchased":["Ice Cream","hermit:Misfire","Pen Nib","hermit:TrackingShot","Membership Card","Panache","Tiny Chest","Mercury Hourglass","hermit:Spyglass","Bronze Scales","Oddly Smooth Stone"],"campfire_rested":7,"item_purchase_floors":[11,11,13,13,28,28,28,28,38,38,38],"current_hp_per_floor":[75,75,75,75,75,75,75,65,65,51,51,73,73,73,73,63,75,65,65,71,59,43,29,35,61,67,62,62,55,82,82,93,81,93,81,81,87,93,99,119,125,118,124,92,67,106,69,75,114,0,0],"gold":650,"neow_bonus":"THREE_ENEMY_KILL","is_daily":false,"chose_seed":false,"campfire_upgraded":1,"win_rate":0.0,"timestamp":1612047969,"path_taken":["M","?","?","?","M","E","R","E","T","E","?","R","$","?","R","BOSS","M","M","?","M","?","E","?","R","T","M","$","E","R","?","R","BOSS","M","?","?","$","?","R","?","M","T","?","E","R","E","M","R","BOSS"],"items_purchased_type":["Relic","Card","Relic","Card","Relic","Card","Relic","Relic","Relic","Relic","Relic"],"build_version":"2020-12-22","purchased_purges":0,"victory":false,"max_hp_per_floor":[75,75,75,75,75,75,75,75,75,75,75,75,75,75,75,75,75,75,75,81,81,81,81,87,87,93,93,93,93,93,93,93,93,93,93,93,107,113,119,119,125,125,131,131,131,131,131,131,131,131,131],"card_choices":[{"not_picked":["hermit:HoleUp","hermit:Vantage"],"picked":"hermit:Enervate","floor":1},{"not_picked":["hermit:Vantage","hermit:HoleUp"],"picked":"hermit:LuckOfTheDraw","floor":5},{"not_picked":["hermit:Quickdraw","hermit:Virtue"],"picked":"hermit:CalledShot","floor":6},{"not_picked":["hermit:Desperado","hermit:Manifest"],"picked":"hermit:Horror","floor":8},{"not_picked":["hermit:Quickdraw","hermit:Grudge"],"picked":"hermit:Ricochet","floor":10},{"not_picked":["hermit:Adapt","hermit:Magnum"],"picked":"hermit:OverwhelmingPower","floor":16},{"not_picked":["hermit:Quickdraw+1","hermit:Desperado"],"picked":"hermit:SprayPray","floor":18},{"not_picked":["hermit:LowProfile","hermit:Feint"],"picked":"hermit:CalledShot","floor":19},{"not_picked":["hermit:LuckOfTheDraw","hermit:GoldenBullet"],"picked":"hermit:Snipe","floor":21},{"not_picked":["hermit:Misfire","hermit:Ricochet"],"picked":"hermit:Dive","floor":22},{"not_picked":["hermit:Showdown","hermit:GoldenBullet"],"picked":"hermit:BigShot","floor":23},{"not_picked":["hermit:ItchyTrigger","hermit:Quickdraw"],"picked":"hermit:Midnight","floor":27},{"not_picked":["hermit:Quickdraw","hermit:Spite"],"picked":"hermit:TakeAim","floor":29},{"not_picked":["hermit:Magnum","hermit:BlackWind"],"picked":"hermit:RoundhouseKick","floor":33},{"not_picked":["hermit:Grudge+1","hermit:TrackingShot+1"],"picked":"hermit:EyeOfTheStorm","floor":35},{"not_picked":["hermit:WideOpen","hermit:Vantage+1"],"picked":"hermit:SprayPray+1","floor":37},{"not_picked":["hermit:Dive+1","hermit:ItchyTrigger"],"picked":"hermit:Deadeye+1","floor":42},{"not_picked":["hermit:HighCaliber","hermit:WideOpen"],"picked":"hermit:Enervate","floor":44},{"not_picked":["hermit:EyeOfTheStorm+1","hermit:Vantage+1"],"picked":"hermit:Manifest","floor":45},{"not_picked":["hermit:HoleUp+1","hermit:LuckOfTheDraw+1"],"picked":"hermit:Manifest","floor":47},{"not_picked":["hermit:CalledShot+1","hermit:GhostlyPresence"],"picked":"hermit:BodyArmor","floor":48}],"player_experience":265769,"relics_obtained":[{"floor":6,"key":"CeramicFish"},{"floor":8,"key":"The Courier"},{"floor":10,"key":"Nunchaku"},{"floor":14,"key":"Darkstone Periapt"},{"floor":22,"key":"Ninja Scroll"},{"floor":23,"key":"Calipers"},{"floor":26,"key":"Sundial"},{"floor":29,"key":"Meat on the Bone"},{"floor":37,"key":"Mango"},{"floor":39,"key":"Ornamental Fan"},{"floor":43,"key":"Gremlin Horn"},{"floor":45,"key":"Orichalcum"},{"floor":47,"key":"Smiling Mask"}],"event_choices":[{"damage_healed":0,"gold_gain":0,"player_choice":"Take Wound","damage_taken":0,"relics_obtained":["Golden Idol"],"max_hp_gain":0,"max_hp_loss":0,"event_name":"Golden Idol","floor":2,"gold_loss":0,"cards_obtained":["Injury"]},{"damage_healed":0,"gold_gain":0,"player_choice":"Leave","damage_taken":0,"max_hp_gain":0,"max_hp_loss":0,"event_name":"The Cleric","floor":3,"gold_loss":0},{"damage_healed":0,"gold_gain":0,"player_choice":"Ignored","damage_taken":0,"max_hp_gain":0,"max_hp_loss":0,"event_name":"Shining Light","floor":4,"gold_loss":0},{"damage_healed":0,"gold_gain":0,"player_choice":"Bought 2 Potions","damage_taken":0,"max_hp_gain":0,"max_hp_loss":0,"event_name":"The Woman in Blue","floor":31,"gold_loss":0},{"cards_removed":["hermit:Midnight"],"damage_healed":0,"gold_gain":0,"player_choice":"Removed Skill","damage_taken":0,"max_hp_gain":0,"max_hp_loss":0,"event_name":"Falling","floor":36,"gold_loss":0},{"damage_healed":0,"gold_gain":0,"player_choice":"Fight","damage_taken":0,"max_hp_gain":0,"max_hp_loss":0,"event_name":"Mysterious Sphere","floor":37,"gold_loss":0},{"damage_healed":0,"gold_gain":275,"player_choice":"Desecrate","damage_taken":0,"max_hp_gain":0,"max_hp_loss":0,"event_name":"Golden Shrine","floor":41,"gold_loss":0,"cards_obtained":["Regret"]}],"is_beta":false,"boss_relics":[{"not_picked":["Tiny House","Sozu"],"picked":"Cursed Key"},{"not_picked":["Runic Pyramid","Runic Dome"],"picked":"Fusion Hammer"}],"items_purged_floors":[],"is_endless":false,"potions_floor_spawned":[6,8,10,19,27,29,33,35,45,48],"killed_by":"Time Eater","ascension_level":1}}