{"host":"42xf941fomyavgzy","time":1612002054,"event":{"mods":["Act Like it!","BaseMod","Colored Map","KinomotoSakuraMod(–Ø”V–{?)","Minty Spire (QoL Compilation)","Shop Mod","StSLib","SuperFastMode","The Cursed"],"gold_per_floor":[114,189,38,57,74,109,109,109,109],"floor_reached":8,"language":"JPN","playtime":474,"items_purged":[],"score":70,"play_id":"73365e7a-57e5-40a5-9718-bcc546b55eca","local_time":"20210130192054","is_ascension_mode":true,"campfire_choices":[{"data":"Vigilance","floor":7,"key":"SMITH"}],"circlet_count":0,"master_deck":["Strike_P","Strike_P","Strike_P","Strike_P","Defend_P","Defend_P","Defend_P","Defend_P","Eruption","Vigilance+1","DeceiveReality","Consecrate","FlurryOfBlows","SashWhip","Fasting2"],"relics":["PureWater","Art of War","Letter Opener"],"acts_visited":["Exordium"],"potions_floor_usage":[6],"damage_taken":[{"damage":11,"enemies":"Jaw Worm","floor":1,"turns":7},{"damage":0,"enemies":"2 Louse","floor":4,"turns":1},{"damage":0,"enemies":"Cultist","floor":5,"turns":1},{"damage":6,"enemies":"3 Sentries","floor":6,"turns":6},{"damage":45,"enemies":"Gremlin Nob","floor":8,"turns":5}],"seed_played":"-4976202387174623945","potions_obtained":[{"floor":5,"key":"BlessingOfTheForge"}],"is_trial":false,"path_per_floor":["M","?","$","M","M","E","R","E"],"character_chosen":"WATCHER","items_purchased":["Art of War"],"campfire_rested":0,"item_purchase_floors":[3],"current_hp_per_floor":[61,50,50,50,50,44,44,0,0],"gold":109,"neow_bonus":"THREE_CARDS","is_daily":false,"chose_seed":false,"campfire_upgraded":1,"win_rate":0.0,"timestamp":1612002054,"path_taken":["M","?","$","M","M","E","R","E"],"items_purchased_type":["Relic"],"build_version":"2020-12-22","purchased_purges":0,"victory":false,"max_hp_per_floor":[72,72,72,72,72,72,72,72,72],"card_choices":[{"not_picked":["Prostrate","Nirvana"],"picked":"DeceiveReality","floor":0},{"not_picked":["Protect","FlyingSleeves"],"picked":"Consecrate","floor":1},{"not_picked":["CutThroughFate","ForeignInfluence"],"picked":"FlurryOfBlows","floor":4},{"not_picked":["Halt","FlurryOfBlows"],"picked":"SashWhip","floor":5},{"not_picked":["EmptyFist","FlurryOfBlows"],"picked":"Fasting2","floor":6}],"player_experience":435200,"relics_obtained":[{"floor":6,"key":"Letter Opener"}],"event_choices":[{"damage_healed":0,"gold_gain":75,"player_choice":"Gather Gold","damage_taken":11,"max_hp_gain":0,"max_hp_loss":0,"event_name":"World of Goop","floor":2,"gold_loss":0}],"is_beta":false,"boss_relics":[],"items_purged_floors":[],"is_endless":false,"potions_floor_spawned":[5],"killed_by":"Gremlin Nob","ascension_level":5}}