{"host":"farxtl2u8hmkbdo2","time":1612044211,"event":{"mods":["A Magickal Journey","BaseMod","Better Altar","Better Note","Better Sensory Stone","Better Skull","Better Third Choice","Challenge The Spire","Colored Map","Colored Powertips","Current Relic Mod","Energized Spire","Fox Events","Gremlin Mod","Hermit","Hubris","Mimic Mod","Minty Spire (QoL Compilation)","Quick Restart","READ ME - Guardian Mod","READ ME - Snecko Mod","Rare Cards Sparkle","StSLib","The Bladedancer","The Bug Knight","The Cursed","The Disciple","The Hierophant","The Marked","The Necromancer","The Runesmith","Transform Curses"],"gold_per_floor":[110,328,345,359,379,413,426,438,438,438,469,486,42,59,59,156,106,121,46,46,21,21,46,67,113,125,137,169,206,218,254,266,384,396,434,457,492,103,103,139,139,151,197,232,232,75,110,128,128,128],"floor_reached":51,"language":"SPA","playtime":7071,"items_purged":[],"score":900,"play_id":"d030de55-e163-43ac-8dc6-fcf02b85810c","local_time":"20210130190331","is_ascension_mode":true,"campfire_choices":[{"floor":10.0,"key":"REST"},{"data":"TheCursedMod:HellsGateOpen","floor":15.0,"key":"SMITH"},{"data":"TheCursedMod:AntiAging","floor":27.0,"key":"SMITH"},{"data":"TheCursedMod:NeowsMight","floor":30.0,"key":"SMITH"},{"data":"TheCursedMod:ReleasedKnowledge","floor":32.0,"key":"SMITH"},{"data":"TheCursedMod:ManaCirculation","floor":41.0,"key":"SMITH"},{"data":"TheCursedMod:NeowsMight","floor":45.0,"key":"SMITH"},{"data":"TheCursedMod:OutForBlood","floor":49.0,"key":"SMITH"}],"circlet_count":0,"master_deck":["TheCursedMod:Strike_TheCursed","TheCursedMod:Strike_TheCursed","TheCursedMod:Strike_TheCursed","TheCursedMod:Defend_TheCursed+1","TheCursedMod:Defend_TheCursed","TheCursedMod:CursedWand","TheCursedMod:CleanUpWorkshop+1","TheCursedMod:Dregs","Clumsy","TheCursedMod:Obscuration+1","TheCursedMod:Hemoplague","TheCursedMod:HellsGateOpen+1","TheCursedMod:Obscuration","TheCursedMod:CursedAmulet","TheCursedMod:CircleOfAbyss","TheCursedMod:CursedBlade","TheCursedMod:CursedBlade","TheCursedMod:NeowsMight+1","TheCursedMod:SurpriseAttack","TheCursedMod:AntiAging+1","TheCursedMod:Strike_TheCursed","TheCursedMod:ManaCirculation+1","TheCursedMod:ReleasedKnowledge+1","TheCursedMod:SurpriseAttack","TheCursedMod:UltimatePain","TheCursedMod:HellsGateOpen","TheCursedMod:CircleOfAbyss","Shame","TheCursedMod:DemonSword","TheCursedMod:HellsGateOpen","TheCursedMod:SpreadPlague","TheCursedMod:StingEye","TheCursedMod:NeowsMight+1","TheCursedMod:CircleOfCorruption","TheCursedMod:SurpriseAttack+1","TheCursedMod:OutForBlood+1","TheCursedMod:CircleOfCorruption+1","TheCursedMod:CircleOfFlame+1","Magnetism","Dark Shackles"],"relics":["TheCursedMod:BlackMagic101","War Paint","MealTicket","Akabeko","Darkstone Periapt","Orichalcum","Toolbox","hubris:MedicalManual","energizedSpire:HugeHouse","MawBank","CeramicFish","hubris:TenFootPole","Sundial","Runic Pyramid","Ornamental Fan","Juzu Bracelet","hubris:Icosahedron","StrikeDummy","HornCleat","Lee\u0027s Waffle","hubris:TinFlute"],"acts_visited":["Exordium","TheCity","TheBeyond"],"potions_floor_usage":[50,50],"damage_taken":[{"damage":0.0,"enemies":"2 Louse","floor":1.0,"turns":3.0},{"damage":0.0,"enemies":"Cultist","floor":3.0,"turns":3.0},{"damage":0.0,"enemies":"Small Slimes","floor":4.0,"turns":3.0},{"damage":0.0,"enemies":"Blue Slaver","floor":5.0,"turns":3.0},{"damage":13.0,"enemies":"Gremlin Nob","floor":6.0,"turns":5.0},{"damage":0.0,"enemies":"Red Slaver","floor":7.0,"turns":5.0},{"damage":0.0,"enemies":"2 Fungi Beasts","floor":8.0,"turns":4.0},{"damage":1.0,"enemies":"3 Sentries","floor":11.0,"turns":5.0},{"damage":0.0,"enemies":"Exordium Wildlife","floor":12.0,"turns":4.0},{"damage":0.0,"enemies":"Large Slime","floor":14.0,"turns":5.0},{"damage":8.0,"enemies":"Slime Boss","floor":16.0,"turns":8.0},{"damage":5.0,"enemies":"Shell Parasite","floor":18.0,"turns":5.0},{"damage":21.0,"enemies":"Slavers","floor":23.0,"turns":5.0},{"damage":4.0,"enemies":"HollowMod:Nosk","floor":25.0,"turns":6.0},{"damage":0.0,"enemies":"Centurion and Healer","floor":28.0,"turns":4.0},{"damage":0.0,"enemies":"Cultist and Chosen","floor":29.0,"turns":4.0},{"damage":5.0,"enemies":"Snake Plant","floor":31.0,"turns":4.0},{"damage":17.0,"enemies":"Collector","floor":33.0,"turns":7.0},{"damage":1.0,"enemies":"Orb Walker","floor":35.0,"turns":3.0},{"damage":0.0,"enemies":"3 Shapes","floor":36.0,"turns":3.0},{"damage":0.0,"enemies":"3 Darklings","floor":37.0,"turns":4.0},{"damage":0.0,"enemies":"Reptomancer","floor":40.0,"turns":5.0},{"damage":0.0,"enemies":"Writhing Mass","floor":42.0,"turns":3.0},{"damage":0.0,"enemies":"4 Shapes","floor":43.0,"turns":4.0},{"damage":54.0,"enemies":"Giant Head","floor":44.0,"turns":7.0},{"damage":25.0,"enemies":"Nemesis","floor":47.0,"turns":7.0},{"damage":135,"enemies":"Time Eater","floor":50,"turns":13}],"seed_played":"-6463020455074682133","potions_obtained":[{"floor":3.0,"key":"ColorlessPotion"},{"floor":6.0,"key":"SneckoOil"},{"floor":7.0,"key":"Energy Potion"},{"floor":11.0,"key":"Energy Potion"},{"floor":12.0,"key":"DuplicationPotion"},{"floor":18.0,"key":"PowerPotion"},{"floor":23.0,"key":"AttackPotion"},{"floor":28.0,"key":"FearPotion"},{"floor":35.0,"key":"SpeedPotion"},{"floor":36.0,"key":"FairyPotion"}],"is_trial":false,"path_per_floor":["M","?","M","M","M","E","M","M","T","R","E","M","$","M","R","B",null,"M","?","?","$","?","E","?","E","T","R","M","M","R","M","R","B",null,"M","M","M","$","?","E","R","M","MIM","E","R","$","E","?","R","B",null],"character_chosen":"THE_CURSED","items_purchased":["Toolbox","hubris:MedicalManual","TheCursedMod:SurpriseAttack","Ornamental Fan","Juzu Bracelet","Lee\u0027s Waffle"],"campfire_rested":1,"item_purchase_floors":[13,13,21,38,38,46],"current_hp_per_floor":[75,16,16,16,16,3,3,3,3,25,24,24,39,39,39,31,70,67,67,67,72,72,53,59,57,57,57,60,60,60,55,55,41,88,90,93,96,97,97,100,100,100,103,49,49,110,88,88,88,1],"gold":128,"neow_bonus":"THREE_RARE_CARDS","is_daily":false,"chose_seed":false,"campfire_upgraded":7,"win_rate":0.0,"timestamp":1612044211,"path_taken":["M","?","M","M","?","E","?","M","T","R","E","M","$","?","R","BOSS","M","?","?","$","?","E","?","E","T","R","M","?","R","M","R","BOSS","M","M","M","$","?","E","R","M","MIM","E","R","$","E","?","R","BOSS"],"items_purchased_type":["Relic","Relic","Card","Relic","Relic","Relic"],"build_version":"2020-12-22","purchased_purges":0,"victory":true,"max_hp_per_floor":[75,75,75,75,75,75,75,75,75,75,75,75,75,75,75,75,70,72,72,72,72,72,74,80,82,82,82,85,85,85,85,85,88,88,91,94,97,97,97,100,100,100,103,103,103,110,113,113,113,116],"card_choices":[{"not_picked":["TheCursedMod:CursedRelics","TheCursedMod:VoidForm"],"picked":"TheCursedMod:DemonSword","floor":0.0},{"not_picked":["TheCursedMod:Evocation","TheCursedMod:Torture"],"picked":"TheCursedMod:Obscuration","floor":1.0},{"not_picked":["TheCursedMod:Torture","TheCursedMod:VitalStrike"],"picked":"TheCursedMod:Hemoplague","floor":3.0},{"not_picked":["TheCursedMod:FleshFromBone","TheCursedMod:CircleOfFocus"],"picked":"TheCursedMod:HellsGateOpen","floor":4.0},{"not_picked":["TheCursedMod:Stretching","TheCursedMod:CircleOfAmplification"],"picked":"TheCursedMod:Obscuration","floor":5.0},{"not_picked":["TheCursedMod:RavingStaff","TheCursedMod:Mangle"],"picked":"TheCursedMod:CursedAmulet","floor":6.0},{"not_picked":["TheCursedMod:Wield","TheCursedMod:WearCloak"],"picked":"TheCursedMod:CircleOfAbyss","floor":7.0},{"not_picked":["TheCursedMod:TacticalStrike","TheCursedMod:CircleOfFocus"],"picked":"TheCursedMod:CursedBlade","floor":8.0},{"not_picked":["TheCursedMod:CircleOfBlood","TheCursedMod:VitalStrike"],"picked":"TheCursedMod:CursedBlade","floor":11.0},{"not_picked":["TheCursedMod:CircleOfFlame","TheCursedMod:CursedShiv"],"picked":"TheCursedMod:NeowsMight","floor":12.0},{"not_picked":["TheCursedMod:HellsGateOpen","TheCursedMod:BloodBarrier"],"picked":"TheCursedMod:SurpriseAttack","floor":14.0},{"not_picked":["TheCursedMod:ForbiddenAlchemy","TheCursedMod:NeowsMight"],"picked":"TheCursedMod:AntiAging","floor":16.0},{"not_picked":["TheCursedMod:Wield","TheCursedMod:Hemoplague"],"picked":"TheCursedMod:ReleasedKnowledge","floor":18.0},{"not_picked":["TheCursedMod:DoubleShield","TheCursedMod:ParallelWorld"],"picked":"TheCursedMod:CircleOfAbyss","floor":23.0},{"not_picked":["TheCursedMod:HellfireBreathing","TheCursedMod:Grudge+1"],"picked":"TheCursedMod:DemonSword","floor":25.0},{"not_picked":["TheCursedMod:Wield","TheCursedMod:CursedBoomerang"],"picked":"TheCursedMod:HellsGateOpen","floor":28.0},{"not_picked":["TheCursedMod:FleshFromBone","TheCursedMod:RapidMovement"],"picked":"TheCursedMod:SpreadPlague","floor":29.0},{"not_picked":["TheCursedMod:Torture+1","TheCursedMod:CursedMace"],"picked":"TheCursedMod:StingEye","floor":31.0},{"not_picked":["TheCursedMod:CollectTribute","TheCursedMod:Neurasthenia"],"picked":"TheCursedMod:NeowsMight","floor":33.0},{"not_picked":["TheCursedMod:RapidMovement","TheCursedMod:SpitefulStrike+1"],"picked":"TheCursedMod:CircleOfCorruption","floor":35.0},{"not_picked":["TheCursedMod:CursedMace+1","TheCursedMod:RavingStaff","TheCursedMod:Stigma"],"picked":"SKIP","floor":36.0},{"not_picked":["TheCursedMod:SoulCrush","TheCursedMod:HellsGateOpen+1"],"picked":"TheCursedMod:SurpriseAttack+1","floor":37.0},{"not_picked":["TheCursedMod:CircleOfCorruption+1","TheCursedMod:VitalStrike+1"],"picked":"TheCursedMod:OutForBlood","floor":40.0},{"not_picked":["TheCursedMod:Obscuration","TheCursedMod:EmpowerCircles","TheCursedMod:SaltUponWound"],"picked":"SKIP","floor":42.0},{"not_picked":["TheCursedMod:Stigma","TheCursedMod:WearCloak+1"],"picked":"TheCursedMod:CircleOfCorruption+1","floor":43.0},{"not_picked":["TheCursedMod:BloodBarrier+1","TheCursedMod:Mangle+1","TheCursedMod:CursedBoomerang+1"],"picked":"SKIP","floor":44.0},{"not_picked":["TheCursedMod:CursedBlade","TheCursedMod:StunningStrike"],"picked":"TheCursedMod:CircleOfFlame+1","floor":47.0},{"not_picked":["Impatience","Good Instincts"],"picked":"Magnetism","floor":48.0},{"not_picked":["Blind","PanicButton"],"picked":"Dark Shackles","floor":48.0}],"player_experience":1977998,"relics_obtained":[{"floor":6.0,"key":"Akabeko"},{"floor":9.0,"key":"Darkstone Periapt"},{"floor":11.0,"key":"Orichalcum"},{"floor":23.0,"key":"MawBank"},{"floor":25.0,"key":"hubris:TenFootPole"},{"floor":26.0,"key":"Sundial"},{"floor":40.0,"key":"StrikeDummy"},{"floor":44.0,"key":"HornCleat"},{"floor":47.0,"key":"hubris:TinFlute"}],"event_choices":[{"damage_healed":0.0,"max_hp_gain":0.0,"max_hp_loss":0.0,"gold_gain":218.0,"event_name":"betterSkull:BetterSkull","player_choice":"RE GO GO UP RE ","floor":2.0,"gold_loss":0.0,"damage_taken":67.0,"cards_upgraded":["TheCursedMod:Obscuration"],"relics_obtained":["War Paint","MealTicket"]},{"cards_removed":["TheCursedMod:Defend_TheCursed"],"damage_healed":0.0,"max_hp_gain":0.0,"max_hp_loss":0.0,"gold_gain":0.0,"event_name":"Beggar","player_choice":"Gave Gold","floor":19.0,"gold_loss":75.0,"damage_taken":0.0},{"damage_healed":0.0,"max_hp_gain":0.0,"max_hp_loss":0.0,"gold_gain":0.0,"cards_transformed":["TheCursedMod:Strike_TheCursed","TheCursedMod:Defend_TheCursed"],"event_name":"Drug Dealer","player_choice":"Became Test Subject","floor":22.0,"gold_loss":0.0,"damage_taken":0.0,"cards_obtained":["TheCursedMod:UltimatePain","TheCursedMod:HellsGateOpen"]},{"damage_healed":0.0,"max_hp_gain":0.0,"max_hp_loss":0.0,"gold_gain":0.0,"event_name":"Addict","player_choice":"Stole Relic","floor":24.0,"gold_loss":0.0,"damage_taken":0.0,"relics_obtained":["CeramicFish"],"cards_obtained":["Shame"]},{"damage_healed":0.0,"max_hp_gain":0.0,"max_hp_loss":0.0,"gold_gain":3.0,"event_name":"betterStone:BetterStone","player_choice":"1","floor":48.0,"gold_loss":0.0,"damage_taken":0.0}],"is_beta":false,"boss_relics":[{"not_picked":["SacredBark","energizedSpire:MagnifyingGlass"],"picked":"energizedSpire:HugeHouse"},{"not_picked":["energizedSpire:SpiderWeb","TheCursedMod:FourLeafCloverCharm"],"picked":"Runic Pyramid"}],"items_purged_floors":[],"is_endless":false,"potions_floor_spawned":[3,6,7,11,12,18,23,28,35,36,40],"ascension_level":1}}