{"host":"gsgpu9obojnqwpp0","time":1612050368,"event":{"mods":["2.2 Compatiblity","AchievementEnabler","Alarm Clock","BaseMod","Bestiary","Block Reminder","Dark Map","DeckTracker","Highlight Path","Minty Spire (QoL Compilation)","MonsterHotkey","Permanent Neow","Quick Restart","Relic Stats","Slay-I","SuperFastMode","Uncapped","Unknown Chances","slay the spire mod where everything is the same but ironclad has a cowboy hat"],"gold_per_floor":[116,126,145,145,157,184,198,51,51,5,25,25,2,2,2,102,102,114,132,132,86,99,99,99],"floor_reached":23,"language":"ENG","playtime":864,"items_purged":["Pain"],"score":203,"play_id":"56a64246-a375-4249-a144-d23966e1264b","local_time":"20210130184608","is_ascension_mode":true,"campfire_choices":[{"floor":15,"key":"REST"}],"circlet_count":0,"master_deck":["Strike_P","Strike_P","Strike_P","Strike_P","Defend_P","Defend_P","Defend_P","Defend_P","Eruption","Vigilance","Crescendo","FollowUp","MentalFortress","EmptyBody","ClearTheMind","FollowUp","Wish","Fasting2","FollowUp"],"relics":["Busted Crown","WarpedTongs","Strawberry","Thread and Needle","Philosopher\u0027s Stone"],"acts_visited":["Exordium","TheCity"],"potions_floor_usage":[6,18],"damage_taken":[{"damage":7,"enemies":"Jaw Worm","floor":1,"turns":4},{"damage":0,"enemies":"Cultist","floor":2,"turns":2},{"damage":1,"enemies":"2 Louse","floor":3,"turns":2},{"damage":8,"enemies":"Exordium Wildlife","floor":5,"turns":4},{"damage":27,"enemies":"Lagavulin","floor":6,"turns":6},{"damage":7,"enemies":"3 Louse","floor":7,"turns":2},{"damage":1,"enemies":"Looter","floor":11,"turns":3},{"damage":4,"enemies":"Slime Boss","floor":16,"turns":11},{"damage":8,"enemies":"Shell Parasite","floor":18,"turns":6},{"damage":0,"enemies":"Spheric Guardian","floor":19,"turns":3},{"damage":27,"enemies":"Shelled Parasite and Fungi","floor":22,"turns":6},{"damage":47,"enemies":"Gremlin Leader","floor":23,"turns":2}],"seed_played":"-1221610209709545035","potions_obtained":[{"floor":2,"key":"Block Potion"},{"floor":16,"key":"Dexterity Potion"},{"floor":18,"key":"BottledMiracle"}],"is_trial":false,"path_per_floor":["M","M","M","?","M","E","M","$","T","$","M","?","$","$","R","B",null,"M","M","?","$","M","E"],"character_chosen":"WATCHER","items_purchased":["MentalFortress","EmptyBody","FollowUp","FollowUp"],"campfire_rested":1,"item_purchase_floors":[8,10,13,21],"current_hp_per_floor":[65,65,64,64,56,36,29,29,29,29,28,28,28,28,51,47,79,71,71,71,71,44,0,0],"gold":99,"neow_bonus":"BOSS_RELIC","is_daily":false,"chose_seed":false,"campfire_upgraded":0,"win_rate":0.0,"timestamp":1612050368,"path_taken":["M","M","M","?","?","E","M","$","T","?","M","?","?","$","R","BOSS","M","M","?","$","M","E"],"items_purchased_type":["Card","Card","Card","Card"],"build_version":"2020-12-22","purchased_purges":1,"victory":false,"max_hp_per_floor":[72,72,72,72,72,79,79,79,79,79,79,79,79,79,79,79,79,79,79,79,79,79,79,79],"relic_stats":{"Busted Crown":22,"counters":[12,51],"obtain_stats":[{"Busted Crown":0,"Strawberry":6,"Thread and Needle":9,"Philosopher\u0027s Stone":17,"PureWater":0,"WarpedTongs":4},{"Busted Crown":0,"Strawberry":5,"Thread and Needle":6,"Philosopher\u0027s Stone":8,"PureWater":0,"WarpedTongs":3},{"Busted Crown":0,"Strawberry":18,"Thread and Needle":20,"Philosopher\u0027s Stone":34,"PureWater":0,"WarpedTongs":8}],"WarpedTongs":[43]},"card_choices":[{"not_picked":[],"picked":"Crescendo","floor":1},{"not_picked":["Evaluate"],"picked":"SKIP","floor":2},{"not_picked":["Crescendo"],"picked":"SKIP","floor":3},{"not_picked":[],"picked":"FollowUp","floor":5},{"not_picked":["ForeignInfluence"],"picked":"SKIP","floor":6},{"not_picked":["Protect"],"picked":"SKIP","floor":7},{"not_picked":[],"picked":"ClearTheMind","floor":11},{"not_picked":[],"picked":"Wish","floor":16},{"not_picked":["FlyingSleeves"],"picked":"SKIP","floor":18},{"not_picked":[],"picked":"Fasting2","floor":19},{"not_picked":["ForeignInfluence"],"picked":"SKIP","floor":22}],"player_experience":275954,"relics_obtained":[{"floor":6,"key":"Strawberry"},{"floor":9,"key":"Thread and Needle"}],"event_choices":[{"damage_healed":0,"gold_gain":0,"player_choice":"Rummage","damage_taken":0,"relics_obtained":["WarpedTongs"],"max_hp_gain":0,"max_hp_loss":0,"event_name":"Accursed Blacksmith","floor":4,"gold_loss":0,"cards_obtained":["Pain"]},{"damage_healed":0,"gold_gain":0,"player_choice":"Searched \u00270\u0027 times","damage_taken":0,"max_hp_gain":0,"max_hp_loss":0,"event_name":"Dead Adventurer","floor":12,"gold_loss":0},{"damage_healed":0,"gold_gain":0,"player_choice":"Ignored","damage_taken":0,"max_hp_gain":0,"max_hp_loss":0,"event_name":"Ghosts","floor":20,"gold_loss":0}],"is_beta":false,"boss_relics":[{"not_picked":["SlaversCollar","Cursed Key"],"picked":"Philosopher\u0027s Stone"}],"items_purged_floors":[8],"is_endless":false,"potions_floor_spawned":[2,16,18],"killed_by":"Gremlin Leader","ascension_level":1}}