{"host":"f0gpob8hq9vgebej","time":1612017888,"event":{"mods":["AchievementEnabler","BaseMod","Minty Spire (QoL Compilation)","Quick Restart","SuperFastMode"],"gold_per_floor":[110,130,140,150,3,3,3,3,50,61,74,74,91,108,108,203,203,215,227,227,227],"floor_reached":20,"language":"KOR","playtime":392,"items_purged":["Strike_B"],"score":264,"play_id":"09b1a17d-40f6-47f3-9233-d94111fe99b3","local_time":"20210130234448","is_ascension_mode":true,"campfire_choices":[{"data":"Zap","floor":6.0,"key":"SMITH"},{"data":"Loop","floor":8.0,"key":"SMITH"},{"floor":15.0,"key":"REST"}],"circlet_count":0,"master_deck":["AscendersBane","Strike_B","Strike_B","Strike_B","Defend_B","Defend_B","Defend_B","Defend_B","Zap+1","Dualcast","Electrodynamics","Conserve Battery","Chill","Loop+1","Turbo","Cold Snap","Barrage","Compile Driver","Buffer","CurseOfTheBell","Storm","Ball Lightning"],"relics":["Cracked Core","Art of War","Calling Bell","Strawberry","Darkstone Periapt","Girya"],"acts_visited":["Exordium","TheCity"],"potions_floor_usage":[16,16],"damage_taken":[{"damage":6.0,"enemies":"Cultist","floor":1.0,"turns":4.0},{"damage":3.0,"enemies":"2 Louse","floor":2.0,"turns":2.0},{"damage":0.0,"enemies":"Small Slimes","floor":3.0,"turns":2.0},{"damage":13.0,"enemies":"Exordium Wildlife","floor":4.0,"turns":3.0},{"damage":15.0,"enemies":"3 Louse","floor":10.0,"turns":2.0},{"damage":18.0,"enemies":"Exordium Thugs","floor":11.0,"turns":4.0},{"damage":5.0,"enemies":"Blue Slaver","floor":13.0,"turns":4.0},{"damage":6.0,"enemies":"Looter","floor":14.0,"turns":3.0},{"damage":2,"enemies":"Hexaghost","floor":16,"turns":9},{"damage":16,"enemies":"Shell Parasite","floor":18,"turns":7},{"damage":17,"enemies":"Spheric Guardian","floor":19,"turns":4},{"damage":31,"enemies":"Snake Plant","floor":20,"turns":2}],"seed_played":"-6446509174696482881","potions_obtained":[{"floor":3.0,"key":"PotionOfCapacity"},{"floor":4.0,"key":"BlessingOfTheForge"},{"floor":16,"key":"Dexterity Potion"},{"floor":19,"key":"CultistPotion"}],"is_trial":false,"path_per_floor":["M","M","M","M","$","R","?","R","T","M","M","?","M","M","R","B",null,"M","M","M"],"character_chosen":"DEFECT","items_purchased":["Loop"],"campfire_rested":1,"item_purchase_floors":[5],"current_hp_per_floor":[62,59,59,46,46,46,46,46,46,31,13,13,8,2,22,20,63,47,30,0,0],"gold":227,"neow_bonus":"THREE_RARE_CARDS","is_daily":false,"chose_seed":false,"campfire_upgraded":2,"win_rate":0.0,"timestamp":1612017888,"path_taken":["M","M","M","M","$","R","?","R","T","M","M","?","M","M","R","BOSS","M","M","M"],"items_purchased_type":["Card"],"build_version":"2020-12-22","purchased_purges":1,"victory":false,"max_hp_per_floor":[68,68,68,68,68,68,68,68,68,68,68,68,68,68,68,68,75,75,75,75,75],"card_choices":[{"not_picked":["Thunder Strike","All For One"],"picked":"Electrodynamics","floor":0.0},{"not_picked":["Steam","Redo","Gash"],"picked":"SKIP","floor":1.0},{"not_picked":["Sweeping Beam","Sunder","Gash"],"picked":"SKIP","floor":2.0},{"not_picked":["Compile Driver","Go for the Eyes"],"picked":"Conserve Battery","floor":3.0},{"not_picked":["Turbo","Sunder"],"picked":"Chill","floor":4.0},{"not_picked":["Hologram","Leap"],"picked":"Turbo","floor":10.0},{"not_picked":["Sunder","Recycle"],"picked":"Cold Snap","floor":11.0},{"not_picked":["Streamline","Hello World"],"picked":"Barrage","floor":13.0},{"not_picked":["Cold Snap","Rebound"],"picked":"Compile Driver","floor":14.0},{"not_picked":["Core Surge","Rainbow"],"picked":"Buffer","floor":16},{"not_picked":["Beam Cell","Compile Driver"],"picked":"Storm","floor":18},{"not_picked":["Recycle","Undo+1"],"picked":"Ball Lightning","floor":19}],"player_experience":291098,"relics_obtained":[{"floor":9.0,"key":"Art of War"},{"floor":17,"key":"Strawberry"},{"floor":17,"key":"Darkstone Periapt"},{"floor":17,"key":"Girya"}],"event_choices":[{"damage_healed":0.0,"max_hp_gain":0.0,"max_hp_loss":0.0,"gold_gain":0.0,"event_name":"Golden Idol","player_choice":"Ignored","floor":7.0,"gold_loss":0.0,"damage_taken":0.0},{"damage_healed":0.0,"max_hp_gain":0.0,"max_hp_loss":0.0,"gold_gain":0.0,"event_name":"Shining Light","player_choice":"Ignored","floor":12.0,"gold_loss":0.0,"damage_taken":0.0}],"is_beta":false,"boss_relics":[{"not_picked":["Snecko Eye","Coffee Dripper"],"picked":"Calling Bell"}],"items_purged_floors":[5],"is_endless":false,"potions_floor_spawned":[3,4,11,13,16,19],"killed_by":"Snake Plant","ascension_level":11}}