{"host":"hpn0uxah5qjr7pa6","time":1612047909,"event":{"mods":["Act Like it!","BaseMod","BetterRewards","Colored Powertips","Conspire","Downfall","Hallownest","Hermit","Hubris","Infinite Spire","Minty Spire (QoL Compilation)","Quick Restart","Replay The Spire","StSLib","The Jungle"],"gold_per_floor":[99,117,117,117,102,102,156,175,175,8,8,8,8,20,39,143,143,143,163,163,163,163],"floor_reached":20,"language":"ENG","playtime":923,"items_purged":["bronze:ThunderWave+1"],"score":184,"play_id":"6a12eee2-7d88-4ed8-80f5-fe6d9fde86a2","local_time":"20210130150509","is_ascension_mode":true,"campfire_choices":[{"data":"bronze:Replicate","floor":1,"key":"SMITH"},{"floor":12,"key":"REST"},{"data":"infinitespire:DeathsTouch","floor":18,"key":"SMITH"}],"circlet_count":0,"master_deck":["bronze:Strike","bronze:Strike","bronze:Strike","bronze:Strike","bronze:Defend","bronze:Defend","bronze:Defend","bronze:Defend","bronze:Goto","bronze:Branch+1","bronze:Replicate","bronze:Flail+1","bronze:Terminator","infinitespire:DeathsTouch+1","bronze:Branch"],"relics":["bronze:BronzeCore","Omamori","Art of War","Guide Book","hubris:KleinBottle","Runic Pyramid"],"acts_visited":["Hallownest:Greenpath","Hallownest:CityofTears"],"potions_floor_usage":[15],"damage_taken":[{"damage":3,"enemies":"Hallownest:2_Tiktiks_and_1_Crawlid","floor":2,"turns":5},{"damage":0,"enemies":"downfall:FleeingMerchant","floor":5,"turns":4},{"damage":3,"enemies":"Hallownest:2_Baldur","floor":8,"turns":2},{"damage":5,"enemies":"downfall:FleeingMerchant","floor":10,"turns":4},{"damage":7,"enemies":"Hallownest:monsterHuskGuard","floor":14,"turns":2},{"damage":0,"enemies":"Hallownest:monsterMossCharger","floor":15,"turns":2},{"damage":32,"enemies":"SI_SHIV_ARCHETYPE","floor":16,"turns":7},{"damage":16,"enemies":"Hallownest:Guard_and_Sentry","floor":19,"turns":2},{"damage":58,"enemies":"conspire:MimicChest","floor":20,"turns":6}],"seed_played":"-2105480101075367400","potions_obtained":[{"floor":8,"key":"Guardian:BlockOnCardUsePotion"},{"floor":14,"key":"bronze:CleanCodePotion"},{"floor":16,"key":"SpeedPotion"}],"is_trial":false,"path_per_floor":["R","M","?","?","$","T","T","M","?","$","?","R","$","M","M","B",null,"R","M","?"],"character_chosen":"THE_AUTOMATON","items_purchased":["Guide Book","hubris:KleinBottle"],"campfire_rested":1,"item_purchase_floors":[10,13],"current_hp_per_floor":[70,67,67,67,67,67,67,64,64,59,59,70,46,39,39,7,70,70,54,0,0,0],"gold":163,"neow_bonus":"ONE_RANDOM_RARE_CARD","is_daily":false,"chose_seed":false,"campfire_upgraded":2,"win_rate":0.0,"timestamp":1612047909,"path_taken":["R","M","?","?","$","?","T","?","?","$","?","R","?","M","M","BOSS","R","M","?"],"items_purchased_type":["Relic","Relic"],"build_version":"2020-12-22","purchased_purges":1,"victory":false,"max_hp_per_floor":[70,70,70,70,70,70,70,70,70,70,70,70,70,70,70,70,70,70,70,70,70,70],"card_choices":[{"not_picked":["bronze:ForceShield","bronze:Shell"],"picked":"bronze:Branch","floor":2},{"not_picked":["bronze:BitShift","bronze:ForLoop"],"picked":"bronze:Flail","floor":5},{"not_picked":["bronze:FollowUp","bronze:BronzeOrb","bronze:Deprecate"],"picked":"SKIP","floor":8},{"not_picked":["bronze:InfiniteBeams","bronze:Branch"],"picked":"bronze:Terminator","floor":10},{"not_picked":["infinitespire:Fortify","infinitespire:Collect"],"picked":"infinitespire:DeathsTouch","floor":13},{"not_picked":["bronze:Virus","bronze:CutThrough"],"picked":"bronze:Branch","floor":14},{"not_picked":["bronze:Deprecate","bronze:BugBarrage","bronze:BitShift"],"picked":"SKIP","floor":15},{"not_picked":["bronze:Shield","bronze:Invalidate+1","bronze:Constructor"],"picked":"SKIP","floor":19}],"player_experience":130103,"relics_obtained":[{"floor":6,"key":"Omamori"},{"floor":7,"key":"Art of War"}],"event_choices":[],"is_beta":false,"boss_relics":[{"not_picked":["Velvet Choker","conspire:RunicOctahedron"],"picked":"Runic Pyramid"}],"items_purged_floors":[13],"is_endless":false,"potions_floor_spawned":[8,14,16],"killed_by":"conspire:MimicChest","ascension_level":3}}