{"host":"oigynbtg272c19pw","time":1612006239,"event":{"mods":["BaseMod","Colored Map","Minty Spire (QoL Compilation)","Relic Stats","Slay the Relics Exporter","StSLib"],"gold_per_floor":[118,118,118,118,28,67,81,81,104,148,148,65,65,65],"floor_reached":13,"playtime":509,"items_purged":[],"score":228,"play_id":"883b3de4-288b-45e7-9d9a-8af64022c569","local_time":"20210130123039","is_ascension_mode":true,"campfire_choices":[{"data":"BowlingBash","floor":8,"key":"SMITH"}],"circlet_count":0,"master_deck":["AscendersBane","Strike_P","Strike_P","Strike_P","Defend_P","Defend_P","Defend_P","Defend_P","Eruption","Vigilance","Worship","Panacea","WaveOfTheHand","BowlingBash+1","FollowUp","Fasting2"],"relics":["PureWater","NeowsBlessing","Golden Idol","Thread and Needle","Ancient Tea Set","Anchor","Pen Nib","Bag of Marbles"],"acts_visited":["Exordium"],"potions_floor_usage":[13,13],"damage_taken":[{"damage":0,"enemies":"Cultist","floor":1,"turns":1},{"damage":0,"enemies":"Gremlin Nob","floor":6,"turns":1},{"damage":0,"enemies":"2 Louse","floor":7,"turns":1},{"damage":13,"enemies":"Lagavulin","floor":10,"turns":8},{"damage":63,"enemies":"Gremlin Nob","floor":13,"turns":4}],"seed_played":"-5233402657815952586","potions_obtained":[{"floor":6,"key":"FearPotion"},{"floor":7,"key":"Fruit Juice"}],"is_trial":false,"path_per_floor":["M","?","?","?","$","E","M","R","T","E","T","$","E"],"character_chosen":"WATCHER","items_purchased":["Panacea","Fasting2"],"campfire_rested":0,"item_purchase_floors":[5,12],"current_hp_per_floor":[61,61,38,38,38,38,38,38,38,25,25,25,0,0],"gold":65,"neow_bonus":"THREE_ENEMY_KILL","is_daily":false,"chose_seed":false,"campfire_upgraded":1,"win_rate":0.0,"timestamp":1612006239,"path_taken":["M","?","?","?","$","E","?","R","T","E","?","$","E"],"items_purchased_type":["Card","Card"],"build_version":"2020-12-13","purchased_purges":0,"victory":false,"max_hp_per_floor":[68,68,68,68,68,68,68,68,68,68,68,68,73,73],"relic_stats":{"counters":[5,15],"Golden Idol":20,"Pen Nib":[0],"obtain_stats":[{"Anchor":9,"NeowsBlessing":0,"Golden Idol":3,"Thread and Needle":4,"Pen Nib":10,"Bag of Marbles":11,"PureWater":0,"Ancient Tea Set":6},{"Anchor":3,"NeowsBlessing":0,"Golden Idol":1,"Thread and Needle":1,"Pen Nib":4,"Bag of Marbles":4,"PureWater":0,"Ancient Tea Set":2},{"Anchor":3,"NeowsBlessing":0,"Golden Idol":1,"Thread and Needle":1,"Pen Nib":11,"Bag of Marbles":11,"PureWater":0,"Ancient Tea Set":2}]},"card_choices":[{"not_picked":["EmptyBody","ThirdEye"],"picked":"Worship","floor":1},{"not_picked":["EmptyFist","SashWhip"],"picked":"WaveOfTheHand","floor":6},{"not_picked":["PathToVictory","Protect"],"picked":"BowlingBash","floor":7},{"not_picked":["BattleHymn","EmptyMind"],"picked":"FollowUp","floor":10}],"player_experience":1508331,"relics_obtained":[{"floor":6,"key":"Ancient Tea Set"},{"floor":9,"key":"Anchor"},{"floor":10,"key":"Pen Nib"},{"floor":11,"key":"Bag of Marbles"}],"event_choices":[{"damage_healed":0,"gold_gain":0,"cards_transformed":["Strike_P"],"player_choice":"Change","damage_taken":0,"max_hp_gain":0,"max_hp_loss":0,"event_name":"Living Wall","floor":2,"gold_loss":0,"cards_obtained":["EmptyMind"]},{"damage_healed":0,"gold_gain":0,"player_choice":"Take Damage","damage_taken":23,"relics_obtained":["Golden Idol"],"max_hp_gain":0,"max_hp_loss":0,"event_name":"Golden Idol","floor":3,"gold_loss":0},{"cards_removed":["EmptyMind"],"damage_healed":0,"gold_gain":0,"player_choice":"Gave Card","damage_taken":0,"relics_obtained":["Thread and Needle"],"max_hp_gain":0,"max_hp_loss":0,"event_name":"WeMeetAgain","floor":4,"gold_loss":0}],"is_beta":false,"boss_relics":[],"items_purged_floors":[],"is_endless":false,"potions_floor_spawned":[6,7],"killed_by":"Gremlin Nob","ascension_level":20}}