{"host":"yajbwjoofeeg2olc","time":1612024674,"event":{"mods":["AchievementEnabler","BaseMod","Better Altar","Better Match","Better Note","Better Sensory Stone","Better Skull","Better Third Choice","BetterRewards","Clockwork Mod","Colored Map","Downfall","GifTheSpireLib","Highlight Path","Minty Spire (QoL Compilation)","Permanent Neow","Replay The Spire","StSLib"],"gold_per_floor":[199,215,215,5,21,6,59,87,106,119,119,119],"floor_reached":11,"language":"ENG","playtime":1113,"items_purged":[],"score":73,"play_id":"b87b1def-3d6f-46d8-91b2-55d50f90ab49","local_time":"20210130163754","is_ascension_mode":false,"campfire_choices":[{"data":"Clockwork:Tinker","floor":1.0,"key":"SMITH"}],"circlet_count":0,"master_deck":["Clockwork:Strike","Clockwork:Strike","Clockwork:Strike","Clockwork:Strike","Clockwork:Shield","Clockwork:Shield","Clockwork:Shield","Clockwork:Shield","Clockwork:Tinker+1","Clockwork:WarmUp","Clockwork:Redundancy","Clockwork:Tinker+1","Clockwork:ForgeStrike","Apotheosis","Clockwork:Enhance","Clockwork:SpringShield","Clockwork:SiegeStrike","Clockwork:InertialShield","Clockwork:OccamsRazor"],"relics":["Clockwork:MomentumEngine","Clockwork:BreathingRoom"],"acts_visited":["Exordium"],"potions_floor_usage":[],"damage_taken":[{"damage":8.0,"enemies":"Small Slimes","floor":2.0,"turns":7.0},{"damage":0.0,"enemies":"downfall:FleeingMerchant","floor":4.0,"turns":4.0},{"damage":18.0,"enemies":"Cultist","floor":5.0,"turns":6.0},{"damage":11.0,"enemies":"downfall:FleeingMerchant","floor":6.0,"turns":4.0},{"damage":37.0,"enemies":"3 Sentries","floor":8.0,"turns":15.0},{"damage":3.0,"enemies":"Jaw Worm","floor":9.0,"turns":8.0},{"damage":3.0,"enemies":"Red Slaver","floor":10.0,"turns":9.0},{"damage":13,"enemies":"Gremlin Nob","floor":11,"turns":3}],"seed_played":"2631387983451444642","potions_obtained":[{"floor":9.0,"key":"Energy Potion"}],"is_trial":false,"path_per_floor":["R","M","?","$","M","$","T","E","M","M","E"],"character_chosen":"CLOCKWORK","items_purchased":["Apotheosis"],"campfire_rested":0,"item_purchase_floors":[4],"current_hp_per_floor":[85,77,77,77,59,48,48,11,8,5,0,0],"gold":119,"neow_bonus":"HUNDRED_GOLD","is_daily":false,"chose_seed":false,"campfire_upgraded":1,"win_rate":0.0,"timestamp":1612024674,"path_taken":["R","M","?","$","M","?","T","E","M","M","E"],"items_purchased_type":["Card"],"build_version":"2020-12-22","purchased_purges":0,"victory":false,"max_hp_per_floor":[85,85,85,85,85,85,85,85,85,85,85,85],"card_choices":[{"not_picked":["Clockwork:AdaptiveCannon","Clockwork:ReserveSystems"],"picked":"Clockwork:Redundancy","floor":2.0},{"not_picked":["Clockwork:SnapKeep","Clockwork:UnlimitedCogworks"],"picked":"Clockwork:ForgeStrike","floor":4.0},{"not_picked":["Clockwork:RampUp","Clockwork:Roundhouse"],"picked":"Clockwork:Enhance","floor":5.0},{"not_picked":["Clockwork:ForgeStrike","Clockwork:SystemHardening"],"picked":"Clockwork:SpringShield","floor":6.0},{"not_picked":["Clockwork:TiltAWhirl","Clockwork:Roundhouse"],"picked":"Clockwork:SiegeStrike","floor":8.0},{"not_picked":["Clockwork:Roundhouse","Clockwork:ChargingBlade"],"picked":"Clockwork:InertialShield","floor":9.0},{"not_picked":["Clockwork:Improve","Clockwork:CogBarrier"],"picked":"Clockwork:OccamsRazor","floor":10.0}],"player_experience":270031,"relics_obtained":[{"floor":8.0,"key":"Clockwork:BreathingRoom"}],"event_choices":[],"is_beta":false,"boss_relics":[],"items_purged_floors":[],"is_endless":false,"potions_floor_spawned":[9],"killed_by":"Gremlin Nob","ascension_level":0}}