{"host":"d5i1qeb9dejicw1z","time":1612036057,"event":{"mods":["AchievementEnabler","BaseMod","Better Note","BetterRewards","Gold Saver","Minty Spire (QoL Compilation)","Permanent Neow","Relic Filter Mod","Reliquary","Replay The Spire","StSLib"],"gold_per_floor":[187,187,206,248,266,266,191,191,263,32,59,69,69,69,69,146,146,160,160,18,18,18,18,43,43,95,106,106,106],"floor_reached":28,"language":"ENG","playtime":779,"items_purged":["Defend_G"],"score":452,"play_id":"32d3c021-0418-4234-877a-2ac2c583439f","local_time":"20210130114737","is_ascension_mode":true,"campfire_choices":[{"data":"Cloak And Dagger","floor":6,"key":"SMITH"},{"floor":13,"key":"REST"},{"floor":15,"key":"REST"},{"data":"Accuracy","floor":23,"key":"SMITH"},{"data":"Blade Dance","floor":25,"key":"SMITH"}],"circlet_count":0,"master_deck":["AscendersBane","Strike_G","Strike_G","Strike_G","Strike_G+1","Strike_G","Defend_G","Defend_G","Defend_G","Defend_G","Survivor","Neutralize+1","Accuracy+1","Accuracy","ReplayTheSpireMod:Scrap Shanks","Hidden Blade","Cloak And Dagger+1","Infinite Blades","Infinite Blades","Accuracy","Blade Dance+1","ReplayTheSpireMod:Scrap Shanks","Escape Plan+1","Secret Weapon+1"],"relics":["Ring of the Snake","Whetstone","Replay:Baseball","StrikeDummy","DollysMirror","reliquary:TatteredRug","Toxic Egg 2","Busted Crown","ReplayTheSpireMod:ShopPack","reliquary:BoilingFlask","reliquary:RadioactivePellet"],"acts_visited":["Exordium","TheCity"],"potions_floor_usage":[3,3,12,16,16,18,28,28],"damage_taken":[{"damage":8,"enemies":"Small Slimes","floor":1,"turns":5},{"damage":1,"enemies":"Cultist","floor":3,"turns":5},{"damage":2,"enemies":"Jaw Worm","floor":5,"turns":5},{"damage":6,"enemies":"Gremlin Nob","floor":11,"turns":3},{"damage":10,"enemies":"Exordium Wildlife","floor":12,"turns":3},{"damage":23,"enemies":"The Guardian","floor":16,"turns":6},{"damage":0,"enemies":"Spheric Guardian","floor":18,"turns":3},{"damage":33,"enemies":"Replay:Snechameleon","floor":24,"turns":4},{"damage":22,"enemies":"Chosen","floor":27,"turns":4},{"damage":22,"enemies":"Colosseum Slavers","floor":28,"turns":1}],"seed_played":"5456818092751675438","potions_obtained":[{"floor":1,"key":"BlessingOfTheForge"},{"floor":2,"key":"Fruit Juice"},{"floor":4,"key":"LiquidMemories"},{"floor":4,"key":"Reflective Coating"},{"floor":12,"key":"Strength Potion"},{"floor":16,"key":"Swift Potion"},{"floor":18,"key":"Strength Potion"},{"floor":24,"key":"Adrenaline Potion"}],"is_trial":false,"path_per_floor":["M","?","M","?","M","R","$","?","T","$","E","M","R","T","R","B",null,"M","?","$","$","?","R","E","R","T","M","?"],"character_chosen":"THE_SILENT","items_purchased":["Infinite Blades","DollysMirror","ReplayTheSpireMod:ShopPack"],"campfire_rested":2,"item_purchase_floors":[10,10,20],"current_hp_per_floor":[51,51,55,55,53,53,53,42,42,42,36,26,47,47,68,45,65,65,65,65,65,65,65,32,32,32,10,0,0],"gold":106,"neow_bonus":"THREE_CARDS","is_daily":false,"chose_seed":false,"campfire_upgraded":3,"win_rate":0.0,"timestamp":1612036057,"path_taken":["M","?","?","?","M","R","$","?","T","$","E","?","R","?","R","BOSS","M","?","?","$","?","R","E","R","T","M","?"],"items_purchased_type":["Card","Relic","Relic"],"build_version":"2020-12-22","purchased_purges":1,"victory":false,"max_hp_per_floor":[66,66,71,71,71,71,71,71,71,71,71,71,71,71,71,71,71,71,71,71,71,71,71,71,71,71,71,71,71],"card_choices":[{"not_picked":["ReplayTheSpireMod:Tripwire","Deadly Poison"],"picked":"Accuracy","floor":0},{"not_picked":["Bane","Crippling Poison"],"picked":"Accuracy","floor":1},{"not_picked":["Hidden Blade","Bane"],"picked":"ReplayTheSpireMod:Scrap Shanks","floor":3},{"not_picked":["Sucker Punch","Bane"],"picked":"Hidden Blade","floor":4},{"not_picked":["Choke","Backflip"],"picked":"Cloak And Dagger","floor":5},{"not_picked":["Quick Slash","Night Terror","Flying Knee"],"picked":"SKIP","floor":11},{"not_picked":["Underhanded Strike","Cloak And Dagger"],"picked":"Blade Dance","floor":12},{"not_picked":[],"picked":"ReplayTheSpireMod:Scrap Shanks","floor":18},{"not_picked":[],"picked":"Secret Weapon","floor":20},{"not_picked":["Riddle With Holes"],"picked":"SKIP","floor":24},{"not_picked":["Quick Slash"],"picked":"SKIP","floor":27}],"player_experience":1183083,"relics_obtained":[{"floor":4,"key":"Whetstone"},{"floor":9,"key":"StrikeDummy"},{"floor":11,"key":"reliquary:TatteredRug"},{"floor":14,"key":"Toxic Egg 2"},{"floor":24,"key":"reliquary:BoilingFlask"},{"floor":26,"key":"reliquary:RadioactivePellet"}],"event_choices":[{"damage_healed":0,"gold_gain":0,"player_choice":"Got Potions","damage_taken":0,"max_hp_gain":0,"max_hp_loss":0,"event_name":"Lab","floor":2,"gold_loss":0},{"damage_healed":0,"gold_gain":0,"player_choice":"Success","damage_taken":11,"relics_obtained":["Replay:Baseball"],"max_hp_gain":0,"max_hp_loss":0,"event_name":"Scrap Ooze","floor":8,"gold_loss":0},{"damage_healed":0,"gold_gain":0,"player_choice":"Take","damage_taken":0,"max_hp_gain":0,"max_hp_loss":0,"event_name":"betterNote:BetterNote","floor":19,"gold_loss":0,"cards_obtained":["Escape Plan"]},{"damage_healed":0,"gold_gain":0,"player_choice":"Fight","damage_taken":0,"max_hp_gain":0,"max_hp_loss":0,"event_name":"Colosseum","floor":28,"gold_loss":0}],"is_beta":false,"boss_relics":[{"not_picked":["Coffee Dripper","reliquary:WritOfMandamus"],"picked":"Busted Crown"}],"items_purged_floors":[7],"is_endless":false,"potions_floor_spawned":[1,12,16,18,24],"killed_by":"Colosseum Slavers","ascension_level":19}}