{"host":"fzjk61lpi4bwj033","time":1612037306,"event":{"mods":["Ascension Unlocker","BaseMod","Conspire","Downfall","Hermit","Hubris","Infinite Spire","Jorbs\u0027s Wanderer Trilogy","Minty Spire (QoL Compilation)","Rare Cards Sparkle","Replay The Spire","StSLib","The Jungle"],"gold_per_floor":[349,363,379,298,325,325,325,433,461,481,481,499,499,27,42,140,140,248,259,28,47,97,97,97,97],"floor_reached":23,"language":"ENG","playtime":1793,"items_purged":["hexamod:Strike"],"score":133,"play_id":"8b415b95-3b61-47f2-8050-61738e0f7274","local_time":"20210130140826","is_ascension_mode":false,"campfire_choices":[{"data":"hexamod:Float","floor":1,"key":"SMITH"},{"data":"hexamod:FastForward","floor":6,"key":"SMITH"},{"data":"hexamod:EmpoweredFlame","floor":11,"key":"SMITH"},{"data":"hexamod:BurningTouch","floor":13,"key":"SMITH"}],"circlet_count":0,"master_deck":["hexamod:Strike","hexamod:Strike","hexamod:Strike","hexamod:Defend","hexamod:Defend","hexamod:Defend","hexamod:Defend","hexamod:Sear","hexamod:Float+1","hexamod:BurningTouch+1","hexamod:SecondSeal","hexamod:EmpoweredFlame+1","hexamod:GhostLash","hexamod:FastForward+1","hexamod:FirstSeal","hexamod:HeatMetal+1","hexamod:FlamesFromBeyond","hexamod:GhostflameBarrier+1","hexamod:ThermalTransfer+1","hexamod:TimeWarp+1","hexamod:PowerFromBeyond","hexamod:CatchUp","hexamod:HexaLevel+1"],"relics":["hexamod:UnbrokenSoul","Molten Egg 2","Potion Belt","Golden Egg","Frozen Eye","downfall:CloakOfManyFaces","CultistMask","FaceOfCleric","NlothsMask","GremlinMask","SsserpentHead","hexamod:MatchstickCase"],"acts_visited":["Exordium","TheCity"],"potions_floor_usage":[8,8,16,20,20,21,21,21,21],"damage_taken":[{"damage":0,"enemies":"Small Slimes","floor":2,"turns":3},{"damage":0,"enemies":"Cultist","floor":3,"turns":3},{"damage":0,"enemies":"downfall:FleeingMerchant","floor":4,"turns":4},{"damage":4,"enemies":"infinitespire:Voidling","floor":5,"turns":3},{"damage":42,"enemies":"downfall:LadyInBlue","floor":8,"turns":12},{"damage":1,"enemies":"2 Fungi Beasts","floor":9,"turns":3},{"damage":1,"enemies":"Exordium Thugs","floor":10,"turns":5},{"damage":4,"enemies":"Exordium Wildlife","floor":12,"turns":3},{"damage":5,"enemies":"downfall:FleeingMerchant","floor":14,"turns":4},{"damage":13,"enemies":"Gremlin Gang","floor":15,"turns":4},{"damage":0,"enemies":"WA_ARCHETYPE_RETAIN","floor":16,"turns":4},{"damage":22,"enemies":"downfall:FaceTrader","floor":18,"turns":8},{"damage":10,"enemies":"3 Byrds","floor":19,"turns":5},{"damage":15,"enemies":"downfall:FleeingMerchant","floor":20,"turns":4},{"damage":26,"enemies":"3 Cultists","floor":21,"turns":5},{"damage":26,"enemies":"Shelled Parasite and Fungi","floor":23,"turns":4}],"seed_played":"2999059084347058899","potions_obtained":[{"floor":5,"key":"bronze:BurnAndBuffPotion"},{"floor":8,"key":"FearPotion"},{"floor":8,"key":"infinitespire:BlackPotion"},{"floor":8,"key":"EntropicBrew"},{"floor":8,"key":"Weak Potion"},{"floor":9,"key":"LiquidMemories"},{"floor":16,"key":"champ:CounterPotion"}],"is_trial":false,"path_per_floor":["R","M","M","$","M","R","T","?","M","M","R","M","R","$","M","B",null,"R","M","$","M","?","M"],"character_chosen":"THE_SPIRIT","items_purchased":["hexamod:GhostLash","SkillPotion","Golden Egg","Frozen Eye","hexamod:GhostflameBarrier","hexamod:MatchstickCase"],"campfire_rested":0,"item_purchase_floors":[4,4,14,14,14,20],"current_hp_per_floor":[63,63,63,63,63,63,63,21,27,33,33,36,36,38,32,39,63,48,46,39,21,21,0,0,0],"gold":97,"neow_bonus":"TWO_FIFTY_GOLD","is_daily":false,"chose_seed":false,"campfire_upgraded":4,"win_rate":0.0,"timestamp":1612037306,"path_taken":["R","M","M","$","M","R","T","?","M","?","R","M","R","$","M","BOSS","R","M","$","M","?","M"],"items_purchased_type":["Card","Potion","Relic","Relic","Card","Relic"],"build_version":"2020-12-22","purchased_purges":1,"victory":false,"max_hp_per_floor":[63,63,63,63,63,63,63,63,63,63,63,63,63,63,63,63,63,63,64,65,66,66,66,66,66],"card_choices":[{"not_picked":["hexamod:ThermalTransfer","hexamod:FourthSeal"],"picked":"hexamod:BurningTouch","floor":2},{"not_picked":["hexamod:AdvancingGuard","hexamod:GhostOfSpireFuture"],"picked":"hexamod:SecondSeal","floor":3},{"not_picked":["hexamod:AdvancingGuard","hexamod:Firestarter"],"picked":"hexamod:EmpoweredFlame","floor":4},{"not_picked":["hexamod:BacktrackSmack","hexamod:Incineration"],"picked":"hexamod:FastForward","floor":5},{"not_picked":["hexamod:SkipABeat","hexamod:SuperheatedStrike+1"],"picked":"hexamod:FirstSeal","floor":8},{"not_picked":["hexamod:BacktrackSmack+1","hexamod:SuperheatedStrike+1"],"picked":"hexamod:HeatMetal+1","floor":9},{"not_picked":["hexamod:RecurringNightmare","hexamod:ShieldOfDarkness"],"picked":"hexamod:FlamesFromBeyond","floor":10},{"not_picked":["hexamod:FifthSeal","hexamod:FlamesFromBeyond","hexamod:GhostLash+1"],"picked":"SKIP","floor":12},{"not_picked":["hexamod:ShieldOfDarkness","hexamod:HeatMetal+1","hexamod:Firestarter+1"],"picked":"SKIP","floor":14},{"not_picked":["hexamod:GhostLash+1","hexamod:DynamicBlow+1"],"picked":"hexamod:ThermalTransfer+1","floor":15},{"not_picked":["hexamod:UnlimitedPower","hexamod:Toasty+1"],"picked":"hexamod:TimeWarp+1","floor":16},{"not_picked":["hexamod:FastForward","hexamod:SwordOfDarkness+1"],"picked":"hexamod:PowerFromBeyond","floor":18},{"not_picked":["hexamod:Hexaguard","hexamod:SpectersWail+1"],"picked":"hexamod:CatchUp","floor":19},{"not_picked":["hexamod:FlamesFromBeyond","hexamod:BacktrackSmack+1"],"picked":"hexamod:HexaLevel","floor":20},{"not_picked":["hexamod:NightmareStrike+1","hexamod:EmpoweredFlame+1","hexamod:BurningTouch"],"picked":"SKIP","floor":21}],"player_experience":796033,"relics_obtained":[{"floor":7,"key":"Molten Egg 2"},{"floor":8,"key":"Potion Belt"},{"floor":18,"key":"downfall:CloakOfManyFaces"}],"event_choices":[],"is_beta":false,"boss_relics":[{"not_picked":["conspire:SeveredTorchhead","hubris:CrackedHourglass"],"picked":"hexamod:UnbrokenSoul"}],"items_purged_floors":[20],"is_endless":false,"potions_floor_spawned":[5,8,9,10,16],"killed_by":"Shelled Parasite and Fungi","ascension_level":0}}