{"host":"gzk4gkgy3zij1c51","time":1612018940,"event":{"mods":["BaseMod","Colored Map","Downfall","Highlight Path","Marked Mod","Minty Spire (QoL Compilation)","Relic Stats","StSLib","everything is the same but u backflip on backflip"],"gold_per_floor":[11,29,29,104,118,118,153,153,153,189,189,230,264,304,304,427,427,415,415,183,183,199,234,259,282,309,340,361,405,405,428,428,428,428],"floor_reached":33,"language":"ENG","playtime":2517,"items_purged":[],"score":425,"play_id":"022f4bae-d1a4-42c6-be9c-e5c386bc3983","local_time":"20210130150220","is_ascension_mode":true,"campfire_choices":[{"data":"Eruption","floor":6,"key":"SMITH"},{"data":"PathToVictory","floor":8,"key":"SMITH"},{"floor":11,"key":"REST"},{"floor":15,"key":"REST"},{"data":"MasterReality","floor":30,"key":"SMITH"},{"data":"SashWhip","floor":32,"key":"SMITH"}],"circlet_count":0,"master_deck":["Strike_P+1","Strike_P+1","Strike_P+1","Strike_P+1","Defend_P+1","Defend_P+1","Defend_P+1","Defend_P+1","Eruption+1","Vigilance","SandsOfTime","PathToVictory+1","MarkedMod:Acupuncture","Prostrate","JustLucky","LikeWater+1","DeceiveReality","SashWhip+1","MasterReality+1","FlurryOfBlows+1","Nirvana","LikeWater","JustLucky","Prostrate","Collect","MarkedMod:GentlePulse+1","DevaForm","Consecrate+1"],"relics":["PureWater","Golden Idol","Shuriken","Mercury Hourglass","Happy Flower","Bag of Preparation","Odd Mushroom","Kunai","Black Star","Lee\u0027s Waffle","Dead Branch","Torii","Strawberry","Matryoshka","Anchor","Tiny Chest","Molten Egg 2"],"acts_visited":["Exordium","TheCity"],"potions_floor_usage":[7,12,16,18,25,27,29],"damage_taken":[{"damage":8,"enemies":"Small Slimes","floor":1,"turns":5},{"damage":0,"enemies":"2 Louse","floor":2,"turns":4},{"damage":0,"enemies":"Cultist","floor":5,"turns":2},{"damage":12,"enemies":"3 Sentries","floor":7,"turns":6},{"damage":31,"enemies":"Gremlin Nob","floor":10,"turns":4},{"damage":5,"enemies":"3 Sentries","floor":12,"turns":5},{"damage":5,"enemies":"The Mushroom Lair","floor":13,"turns":4},{"damage":3,"enemies":"Lagavulin","floor":14,"turns":7},{"damage":3,"enemies":"Hexaghost","floor":16,"turns":9},{"damage":19,"enemies":"2 Thieves","floor":18,"turns":5},{"damage":3,"enemies":"3 Byrds","floor":22,"turns":4},{"damage":75,"enemies":"Slavers","floor":23,"turns":7},{"damage":0,"enemies":"Snecko","floor":24,"turns":7},{"damage":0,"enemies":"Snake Plant","floor":25,"turns":3},{"damage":10,"enemies":"Gremlin Leader","floor":27,"turns":7},{"damage":0,"enemies":"3 Cultists","floor":28,"turns":5},{"damage":10,"enemies":"Slavers","floor":29,"turns":4},{"damage":7,"enemies":"Centurion and Healer","floor":31,"turns":8},{"damage":88,"enemies":"Automaton","floor":33,"turns":6}],"seed_played":"8784421709954402832","potions_obtained":[{"floor":5,"key":"LiquidMemories"},{"floor":10,"key":"Fire Potion"},{"floor":14,"key":"Strength Potion"},{"floor":16,"key":"SpeedPotion"},{"floor":18,"key":"Strength Potion"},{"floor":25,"key":"AttackPotion"},{"floor":28,"key":"hexamod:SoulburnPotion"},{"floor":29,"key":"FairyPotion"}],"is_trial":false,"path_per_floor":["M","M","?","?","M","R","E","R","T","E","R","E","?","E","R","B",null,"M","?","$","?","M","E","M","M","T","E","M","E","R","M","R","B"],"character_chosen":"WATCHER","items_purchased":["Nirvana","Lee\u0027s Waffle"],"campfire_rested":2,"item_purchase_floors":[20,20],"current_hp_per_floor":[78,78,57,46,46,46,34,34,34,3,28,23,18,15,40,37,86,67,67,93,93,90,15,15,15,22,12,12,2,2,30,30,0,0],"gold":428,"neow_bonus":"TWENTY_PERCENT_HP_BONUS","is_daily":false,"chose_seed":false,"campfire_upgraded":4,"win_rate":0.0,"timestamp":1612018940,"path_taken":["M","M","?","?","M","R","E","R","T","E","R","E","?","E","R","BOSS","M","?","$","?","M","E","M","?","T","E","M","E","R","M","R","BOSS"],"items_purchased_type":["Card","Relic"],"build_version":"2020-12-22","purchased_purges":0,"victory":false,"max_hp_per_floor":[86,86,86,86,86,86,86,86,86,86,86,86,86,86,86,86,86,86,86,93,93,93,93,93,93,100,100,100,100,100,100,100,100,100],"relic_stats":{"Lee\u0027s Waffle":26,"Happy Flower":[27],"Torii":0,"counters":[19,102],"Golden Idol":113,"Dead Branch":[29],"Bag of Preparation":[26],"Mercury Hourglass":[425],"Shuriken":[21],"Tiny Chest":0,"Black Star":3,"Kunai":[17],"obtain_stats":[{"Lee\u0027s Waffle":20,"Happy Flower":10,"Torii":23,"Golden Idol":3,"Dead Branch":23,"Bag of Preparation":12,"Odd Mushroom":13,"Mercury Hourglass":9,"Anchor":27,"Matryoshka":27,"Shuriken":7,"Strawberry":26,"Tiny Chest":29,"Molten Egg 2":29,"Black Star":17,"Kunai":14,"PureWater":0},{"Lee\u0027s Waffle":10,"Happy Flower":5,"Torii":12,"Golden Idol":2,"Dead Branch":12,"Bag of Preparation":6,"Odd Mushroom":7,"Mercury Hourglass":4,"Anchor":15,"Matryoshka":15,"Shuriken":4,"Strawberry":14,"Tiny Chest":17,"Molten Egg 2":17,"Black Star":9,"Kunai":8,"PureWater":0},{"Lee\u0027s Waffle":51,"Happy Flower":21,"Torii":62,"Golden Idol":9,"Dead Branch":62,"Bag of Preparation":26,"Odd Mushroom":30,"Mercury Hourglass":17,"Anchor":79,"Matryoshka":79,"Shuriken":17,"Strawberry":72,"Tiny Chest":88,"Molten Egg 2":88,"Black Star":46,"Kunai":37,"PureWater":0}]},"card_choices":[{"not_picked":["ClearTheMind","InnerPeace"],"picked":"SandsOfTime","floor":1},{"not_picked":["CutThroughFate","EmptyFist"],"picked":"PathToVictory","floor":2},{"not_picked":["WheelKick","Study"],"picked":"MarkedMod:Acupuncture","floor":5},{"not_picked":["ConjureBlade","CrushJoints"],"picked":"Prostrate","floor":7},{"not_picked":["EmptyFist","MarkedMod:GracefulMovements"],"picked":"JustLucky","floor":10},{"not_picked":["Halt","SashWhip"],"picked":"LikeWater","floor":12},{"not_picked":["Weave","Protect"],"picked":"DeceiveReality","floor":13},{"not_picked":["Crescendo","SignatureMove"],"picked":"SashWhip","floor":14},{"not_picked":["Blasphemy","Omniscience"],"picked":"MasterReality","floor":16},{"not_picked":["EmptyMind","Evaluate"],"picked":"FlurryOfBlows+1","floor":18},{"not_picked":["Conclude","Nirvana+1","EmptyBody"],"picked":"SKIP","floor":22},{"not_picked":["Brilliance","Protect"],"picked":"LikeWater","floor":23},{"not_picked":["Evaluate+1","EmptyBody"],"picked":"JustLucky","floor":24},{"not_picked":["BowlingBash","SignatureMove"],"picked":"Prostrate","floor":25},{"not_picked":["Protect","LikeWater+1"],"picked":"Collect","floor":27},{"not_picked":["CrushJoints","ClearTheMind"],"picked":"MarkedMod:GentlePulse+1","floor":28},{"not_picked":["Nirvana","FollowUp+1"],"picked":"DevaForm","floor":29},{"not_picked":["BowlingBash+1","Nirvana"],"picked":"Consecrate+1","floor":31}],"player_experience":1093546,"relics_obtained":[{"floor":7,"key":"Shuriken"},{"floor":9,"key":"Mercury Hourglass"},{"floor":10,"key":"Happy Flower"},{"floor":12,"key":"Bag of Preparation"},{"floor":13,"key":"Odd Mushroom"},{"floor":14,"key":"Kunai"},{"floor":23,"key":"Dead Branch"},{"floor":23,"key":"Torii"},{"floor":26,"key":"Strawberry"},{"floor":27,"key":"Matryoshka"},{"floor":27,"key":"Anchor"},{"floor":29,"key":"Tiny Chest"},{"floor":29,"key":"Molten Egg 2"}],"event_choices":[{"damage_healed":0,"gold_gain":0,"player_choice":"Take Damage","damage_taken":21,"relics_obtained":["Golden Idol"],"max_hp_gain":0,"max_hp_loss":0,"event_name":"Golden Idol","floor":3,"gold_loss":0},{"damage_healed":0,"gold_gain":75,"player_choice":"Gather Gold","damage_taken":11,"max_hp_gain":0,"max_hp_loss":0,"event_name":"World of Goop","floor":4,"gold_loss":0},{"damage_healed":0,"gold_gain":0,"player_choice":"Fought Mushrooms","damage_taken":0,"max_hp_gain":0,"max_hp_loss":0,"event_name":"Mushrooms","floor":13,"gold_loss":0},{"damage_healed":0,"gold_gain":0,"player_choice":"Simplicity","damage_taken":0,"max_hp_gain":0,"max_hp_loss":0,"event_name":"Back to Basics","floor":19,"gold_loss":0,"cards_upgraded":["Strike_P","Strike_P","Strike_P","Strike_P","Defend_P","Defend_P","Defend_P","Defend_P"]},{"damage_healed":0,"gold_gain":0,"player_choice":"Upgraded","damage_taken":0,"max_hp_gain":0,"max_hp_loss":0,"event_name":"Upgrade Shrine","floor":21,"gold_loss":0,"cards_upgraded":["LikeWater"]}],"is_beta":false,"boss_relics":[{"not_picked":["Velvet Choker","SlaversCollar"],"picked":"Black Star"}],"items_purged_floors":[],"is_endless":false,"potions_floor_spawned":[5,10,14,16,18,25,28,29],"killed_by":"Automaton","ascension_level":4}}