{"host":"p4v0hquynnreu717","time":1612022982,"event":{"mods":["BaseMod","Better Vampires","DeckTracker","Googly Eyes","Minty Spire (QoL Compilation)","Quick Restart","StSLib","SuperFastMode"],"gold_per_floor":[118,118,193,193,193,193,237,237,237,277,295,308,349,378,378,469,469,483,483,483,503,536,536,570,135,135,181,209,241,178,223,235,342,354,379,405,442,454,466,518,549,597,609,660,672,703,715,745,757,769,781,793,107,145,145],"floor_reached":56,"language":"ZHS","playtime":2104,"items_purged":["Shrug It Off+1"],"score":2582,"play_id":"bd480c5e-eb62-418e-942b-c5c420078831","local_time":"20210131000942","is_ascension_mode":true,"campfire_choices":[{"floor":6.0,"key":"REST"},{"data":"Entrench","floor":8.0,"key":"SMITH"},{"data":"Offering","floor":15.0,"key":"SMITH"},{"data":"Feed","floor":23,"key":"SMITH"},{"floor":32,"key":"RECALL"},{"data":"Dark Embrace","floor":45,"key":"SMITH"},{"data":"Offering","floor":47,"key":"SMITH"},{"data":"Feel No Pain","floor":49,"key":"SMITH"},{"data":"Battle Trance","floor":52,"key":"SMITH"}],"circlet_count":0,"master_deck":["AscendersBane","Reaper+1","Limit Break+1","Entrench+1","Intimidate","Offering+1","Feed+1","Feed+1","Shrug It Off+1","Dark Embrace+1","Battle Trance+1","Burning Pact+1","Flex+1","Offering+1","Feel No Pain+1","Bloodletting+1","Offering","Evolve","Wild Strike"],"relics":["Burning Blood","NeowsBlessing","Strawberry","Golden Idol","Juzu Bracelet","Akabeko","Mercury Hourglass","Odd Mushroom","SlaversCollar","Red Mask","Shuriken","Gambling Chip","MawBank","Tiny Chest","Sozu","Paper Frog","Kunai","Darkstone Periapt","Letter Opener","Vajra","StoneCalendar","Happy Flower"],"acts_visited":["Exordium","TheCity","TheBeyond","TheEnding"],"potions_floor_usage":[16],"damage_taken":[{"damage":0.0,"enemies":"2 Louse","floor":1.0,"turns":1.0},{"damage":0.0,"enemies":"Lagavulin","floor":7.0,"turns":2.0},{"damage":0.0,"enemies":"Gremlin Nob","floor":10.0,"turns":2.0},{"damage":3.0,"enemies":"Small Slimes","floor":11.0,"turns":3.0},{"damage":5.0,"enemies":"Jaw Worm","floor":12.0,"turns":5.0},{"damage":0.0,"enemies":"Lagavulin","floor":13.0,"turns":4.0},{"damage":6.0,"enemies":"The Mushroom Lair","floor":14.0,"turns":2.0},{"damage":33,"enemies":"Slime Boss","floor":16,"turns":4},{"damage":25,"enemies":"2 Thieves","floor":18,"turns":4},{"damage":42,"enemies":"3 Byrds","floor":21,"turns":7},{"damage":29,"enemies":"Masked Bandits","floor":22,"turns":4},{"damage":27,"enemies":"Gremlin Leader","floor":24,"turns":6},{"damage":14,"enemies":"Book of Stabbing","floor":27,"turns":5},{"damage":33,"enemies":"Sentry and Sphere","floor":28,"turns":5},{"damage":30,"enemies":"Chosen and Byrds","floor":29,"turns":5},{"damage":14,"enemies":"Gremlin Leader","floor":31,"turns":3},{"damage":6,"enemies":"Champ","floor":33,"turns":6},{"damage":20,"enemies":"Orb Walker","floor":35,"turns":3},{"damage":12,"enemies":"3 Shapes","floor":36,"turns":4},{"damage":15,"enemies":"Writhing Mass","floor":37,"turns":3},{"damage":12,"enemies":"Giant Head","floor":40,"turns":3},{"damage":48,"enemies":"Spire Growth","floor":41,"turns":4},{"damage":61,"enemies":"Nemesis","floor":42,"turns":5},{"damage":24,"enemies":"Reptomancer","floor":44,"turns":3},{"damage":14,"enemies":"Transient","floor":46,"turns":4},{"damage":21,"enemies":"Sphere and 2 Shapes","floor":48,"turns":2},{"damage":18,"enemies":"Awakened One","floor":50,"turns":3},{"damage":27,"enemies":"Shield and Spear","floor":54,"turns":1},{"damage":40,"enemies":"The Heart","floor":55,"turns":3}],"seed_played":"-4462177288465865691","potions_obtained":[{"floor":10.0,"key":"LiquidMemories"},{"floor":11.0,"key":"SpeedPotion"},{"floor":16,"key":"EssenceOfSteel"}],"is_trial":false,"path_per_floor":["M","?","?","?","?","R","E","R","T","E","M","M","E","?","R","B",null,"M","?","?","M","?","R","E","$","T","E","M","M","?","E","R","B",null,"M","M","M","?","?","E","M","E","T","E","R","M","R","M","R","B",null,"R","$","E","B",null],"character_chosen":"IRONCLAD","items_purchased":["Dark Embrace","Gambling Chip","Offering","Evolve","Vajra","StoneCalendar"],"campfire_rested":1,"item_purchase_floors":[25,25,53,53,53,53],"current_hp_per_floor":[74,76,65,65,43,65,72,72,72,74,74,74,74,74,74,78,78,85,85,60,40,81,81,90,90,90,86,67,107,107,129,129,133,133,123,145,140,140,152,150,152,101,101,168,168,172,172,180,180,188,188,188,188,196,166],"gold":145,"neow_bonus":"THREE_ENEMY_KILL","is_daily":false,"chose_seed":false,"campfire_upgraded":7,"win_rate":0.0,"timestamp":1612022982,"path_taken":["M","?","?","?","?","R","E","R","T","E","M","M","E","?","R","BOSS","M","?","?","M","?","R","E","$","T","E","M","M","?","E","R","BOSS","M","M","M","?","?","E","M","E","T","E","R","M","R","M","R","BOSS","R","$","E","BOSS"],"items_purchased_type":["Card","Relic","Card","Card","Relic","Relic"],"build_version":"2020-12-22","purchased_purges":1,"victory":true,"max_hp_per_floor":[75,82,82,74,74,74,74,74,74,74,74,74,74,74,74,78,78,85,85,90,97,101,101,105,105,105,109,117,125,125,129,129,133,133,137,145,149,142,152,156,160,164,164,168,168,172,172,180,180,188,188,188,188,196,200],"card_choices":[{"not_picked":["Iron Wave","Blood for Blood","Cleave"],"picked":"SKIP","floor":1.0},{"not_picked":["Iron Wave","Blood for Blood","Cleave"],"picked":"SKIP","floor":1.0},{"not_picked":["Body Slam","Havoc"],"picked":"Entrench","floor":7.0},{"not_picked":["Body Slam","Flex","Uppercut"],"picked":"SKIP","floor":10.0},{"not_picked":["Cleave","Headbutt"],"picked":"Intimidate","floor":11.0},{"not_picked":["Headbutt","Iron Wave","Fire Breathing"],"picked":"SKIP","floor":12.0},{"not_picked":["Wild Strike","Rampage"],"picked":"Offering","floor":13.0},{"not_picked":["Double Tap","Immolate"],"picked":"Feed","floor":16},{"not_picked":["Anger","Disarm"],"picked":"Shrug It Off+1","floor":18},{"not_picked":["Whirlwind+1","Twin Strike","Inflame"],"picked":"SKIP","floor":21},{"not_picked":["Clash","Thunderclap","Corruption"],"picked":"SKIP","floor":24},{"not_picked":["Burning Pact","Wild Strike"],"picked":"Battle Trance","floor":27},{"not_picked":["Second Wind","Headbutt"],"picked":"Burning Pact+1","floor":28},{"not_picked":["Flex+1","Twin Strike","Entrench"],"picked":"SKIP","floor":29},{"not_picked":["Twin Strike","Entrench"],"picked":"Flex+1","floor":29},{"not_picked":["Ghostly Armor+1","Burning Pact","Entrench"],"picked":"SKIP","floor":31},{"not_picked":["Feed","Juggernaut"],"picked":"Offering","floor":33},{"not_picked":["Havoc","Pommel Strike+1"],"picked":"Feel No Pain","floor":35},{"not_picked":["Thunderclap","Fire Breathing","Flame Barrier+1"],"picked":"SKIP","floor":36},{"not_picked":["Reckless Charge","Entrench","Thunderclap"],"picked":"SKIP","floor":37},{"not_picked":["Sever Soul+1","Immolate","Second Wind"],"picked":"SKIP","floor":40},{"not_picked":["Headbutt","Uppercut","Clothesline"],"picked":"SKIP","floor":41},{"not_picked":["Metallicize","Twin Strike","Blood for Blood+1"],"picked":"SKIP","floor":42},{"not_picked":["Fire Breathing+1","Iron Wave","Headbutt"],"picked":"SKIP","floor":44},{"not_picked":["Havoc","Rampage"],"picked":"Bloodletting+1","floor":46},{"not_picked":["Blood for Blood+1","True Grit","Havoc"],"picked":"SKIP","floor":48},{"not_picked":["Clash+1","Second Wind"],"picked":"Wild Strike","floor":54}],"player_experience":803962,"relics_obtained":[{"floor":7.0,"key":"Juzu Bracelet"},{"floor":10.0,"key":"Akabeko"},{"floor":13.0,"key":"Mercury Hourglass"},{"floor":14.0,"key":"Odd Mushroom"},{"floor":22,"key":"Red Mask"},{"floor":24,"key":"Shuriken"},{"floor":26,"key":"MawBank"},{"floor":31,"key":"Tiny Chest"},{"floor":40,"key":"Paper Frog"},{"floor":42,"key":"Kunai"},{"floor":43,"key":"Darkstone Periapt"},{"floor":44,"key":"Letter Opener"},{"floor":54,"key":"Happy Flower"}],"event_choices":[{"damage_healed":0.0,"max_hp_gain":0.0,"max_hp_loss":0.0,"gold_gain":0.0,"event_name":"Scrap Ooze","player_choice":"Success","floor":2.0,"gold_loss":0.0,"damage_taken":5.0,"relics_obtained":["Strawberry"]},{"damage_healed":0.0,"max_hp_gain":0.0,"max_hp_loss":0.0,"gold_gain":75.0,"event_name":"World of Goop","player_choice":"Gather Gold","floor":3.0,"gold_loss":0.0,"damage_taken":11.0},{"damage_healed":0.0,"max_hp_gain":0.0,"max_hp_loss":8.0,"gold_gain":0.0,"event_name":"Golden Idol","player_choice":"Lose Max HP","floor":4.0,"gold_loss":0.0,"damage_taken":0.0,"relics_obtained":["Golden Idol"]},{"damage_healed":0.0,"max_hp_gain":0.0,"max_hp_loss":0.0,"gold_gain":0.0,"event_name":"Shining Light","player_choice":"Entered Light","floor":5.0,"gold_loss":0.0,"damage_taken":22.0,"cards_upgraded":["Shrug It Off","Inflame"]},{"damage_healed":0.0,"max_hp_gain":0.0,"max_hp_loss":0.0,"gold_gain":0.0,"event_name":"Mushrooms","player_choice":"Fought Mushrooms","floor":14.0,"gold_loss":0.0,"damage_taken":0.0},{"damage_healed":0,"gold_gain":0,"player_choice":"1 cards matched","damage_taken":0,"max_hp_gain":0,"max_hp_loss":0,"event_name":"Match and Keep!","floor":19,"gold_loss":0,"cards_obtained":["Impervious"]},{"damage_healed":0,"gold_gain":0,"player_choice":"Shed Blood","damage_taken":30,"max_hp_gain":5,"max_hp_loss":0,"event_name":"Forgotten Altar","floor":20,"gold_loss":0},{"damage_healed":0,"gold_gain":0,"player_choice":"Fought Bandits","damage_taken":0,"max_hp_gain":0,"max_hp_loss":0,"event_name":"Masked Bandits","floor":22,"gold_loss":0},{"cards_removed":["Inflame"],"damage_healed":0,"gold_gain":0,"player_choice":"Gave Gold","damage_taken":0,"max_hp_gain":0,"max_hp_loss":0,"event_name":"Beggar","floor":30,"gold_loss":75},{"damage_healed":0,"gold_gain":0,"player_choice":"Max HP","damage_taken":0,"max_hp_gain":0,"max_hp_loss":7,"event_name":"Winding Halls","floor":38,"gold_loss":0},{"cards_removed":["Impervious"],"damage_healed":2,"gold_gain":0,"player_choice":"Offered Rare","damage_taken":0,"max_hp_gain":10,"max_hp_loss":0,"event_name":"Bonfire Elementals","floor":39,"gold_loss":0}],"is_beta":false,"boss_relics":[{"not_picked":["Velvet Choker","Cursed Key"],"picked":"SlaversCollar"},{"not_picked":["Snecko Eye","Black Star"],"picked":"Sozu"}],"items_purged_floors":[25],"is_endless":false,"potions_floor_spawned":[10,11,13,16,22,24,28,29,35,40,41,46],"ascension_level":15}}