{"host":"c6u7e77myxvw4d0m","time":1612020966,"event":{"mods":["AchievementEnabler","BaseMod","Bestiary","Colored Map","Colored Powertips","Minty Spire (QoL Compilation)","Rare Cards Sparkle","Relic Stats","everything is the same but u backflip on backflip"],"gold_per_floor":[10,30,30,49,49,93,93,113,113,146,57,92,92,117,117,215,215,230,250,250,250],"floor_reached":20,"language":"ENG","playtime":1464,"items_purged":[],"score":359,"play_id":"16e57e77-65f1-4329-b8ef-5711130359e4","local_time":"20210130173606","is_ascension_mode":true,"campfire_choices":[{"data":"1","floor":7,"key":"LIFT"},{"data":"2","floor":13,"key":"LIFT"},{"data":"3","floor":15,"key":"LIFT"}],"circlet_count":0,"master_deck":["AscendersBane","Strike_R","Strike_R","Strike_R","Strike_R","Strike_R","Defend_R","Defend_R","Defend_R","Defend_R","Bash","Perfected Strike","Twin Strike","Wild Strike","Uppercut","Pommel Strike+1","Fire Breathing","Reaper+1","Pommel Strike+1","Demon Form","Entrench"],"relics":["Burning Blood","Girya","Golden Idol","Self Forming Clay","Pear","Matryoshka","Molten Egg 2","White Beast Statue","Runic Pyramid"],"acts_visited":["Exordium","TheCity"],"potions_floor_usage":[12,16,16,19,20,20],"damage_taken":[{"damage":14,"enemies":"2 Louse","floor":1,"turns":3},{"damage":9,"enemies":"Small Slimes","floor":2,"turns":5},{"damage":1,"enemies":"Cultist","floor":4,"turns":3},{"damage":17,"enemies":"Gremlin Nob","floor":6,"turns":4},{"damage":13,"enemies":"Blue Slaver","floor":8,"turns":2},{"damage":16,"enemies":"3 Sentries","floor":10,"turns":8},{"damage":22,"enemies":"Lagavulin","floor":12,"turns":5},{"damage":7,"enemies":"2 Fungi Beasts","floor":14,"turns":3},{"damage":48,"enemies":"The Guardian","floor":16,"turns":12},{"damage":50,"enemies":"Shell Parasite","floor":18,"turns":7},{"damage":6,"enemies":"3 Byrds","floor":19,"turns":2},{"damage":52,"enemies":"Masked Bandits","floor":20,"turns":3}],"seed_played":"-6673220594874443690","potions_obtained":[{"floor":8,"key":"Fire Potion"},{"floor":10,"key":"DuplicationPotion"},{"floor":14,"key":"GamblersBrew"},{"floor":16,"key":"Swift Potion"},{"floor":18,"key":"SkillPotion"},{"floor":19,"key":"Energy Potion"}],"is_trial":false,"path_per_floor":["M","M","?","M","?","E","R","M","T","E","$","E","R","M","R","B",null,"M","M","?"],"character_chosen":"IRONCLAD","items_purchased":["Fire Breathing"],"campfire_rested":0,"item_purchase_floors":[11],"current_hp_per_floor":[60,57,57,62,62,61,61,54,54,44,44,28,28,41,41,7,60,25,36,0,0],"gold":250,"neow_bonus":"ONE_RARE_RELIC","is_daily":false,"chose_seed":false,"campfire_upgraded":0,"win_rate":0.0,"timestamp":1612020966,"path_taken":["M","M","?","M","?","E","R","M","T","E","$","E","R","?","R","BOSS","M","M","?"],"items_purchased_type":["Card"],"build_version":"2020-12-22","purchased_purges":0,"victory":false,"max_hp_per_floor":[75,75,68,68,68,78,78,78,78,78,78,78,78,78,78,78,78,78,78,78,78],"relic_stats":{"counters":[12,57],"Golden Idol":69,"Self Forming Clay":[114],"obtain_stats":[{"Girya":0,"Pear":6,"Matryoshka":9,"Golden Idol":3,"Self Forming Clay":5,"Molten Egg 2":10,"Burning Blood":0,"White Beast Statue":12,"Runic Pyramid":17},{"Girya":0,"Pear":4,"Matryoshka":5,"Golden Idol":2,"Self Forming Clay":3,"Molten Egg 2":6,"Burning Blood":0,"White Beast Statue":7,"Runic Pyramid":9},{"Girya":0,"Pear":15,"Matryoshka":17,"Golden Idol":8,"Self Forming Clay":11,"Molten Egg 2":25,"Burning Blood":0,"White Beast Statue":30,"Runic Pyramid":45}],"Burning Blood":66},"card_choices":[{"not_picked":["Flex","Seeing Red"],"picked":"Iron Wave","floor":1},{"not_picked":["Iron Wave","Wild Strike"],"picked":"Perfected Strike","floor":2},{"not_picked":["Warcry","Shockwave"],"picked":"Twin Strike","floor":4},{"not_picked":["Reckless Charge","Rupture"],"picked":"Wild Strike","floor":6},{"not_picked":["Thunderclap","Armaments"],"picked":"Uppercut","floor":8},{"not_picked":["Berserk","Dropkick+1"],"picked":"Pommel Strike+1","floor":10},{"not_picked":["Dropkick+1","Intimidate"],"picked":"Reaper+1","floor":12},{"not_picked":["Thunderclap+1","Dual Wield"],"picked":"Pommel Strike+1","floor":14},{"not_picked":["Barricade","Limit Break"],"picked":"Demon Form","floor":16},{"not_picked":["Clash+1","Disarm","Shrug It Off"],"picked":"SKIP","floor":18},{"not_picked":["Second Wind+1","Pummel+1"],"picked":"Entrench","floor":19}],"player_experience":568291,"relics_obtained":[{"floor":6,"key":"Pear"},{"floor":9,"key":"Matryoshka"},{"floor":10,"key":"Molten Egg 2"},{"floor":12,"key":"White Beast Statue"}],"event_choices":[{"damage_healed":0,"gold_gain":0,"player_choice":"Lose Max HP","damage_taken":0,"relics_obtained":["Golden Idol"],"max_hp_gain":0,"max_hp_loss":7,"event_name":"Golden Idol","floor":3,"gold_loss":0},{"cards_removed":["Iron Wave"],"damage_healed":0,"gold_gain":0,"player_choice":"Gave Card","damage_taken":0,"relics_obtained":["Self Forming Clay"],"max_hp_gain":0,"max_hp_loss":0,"event_name":"WeMeetAgain","floor":5,"gold_loss":0},{"damage_healed":0,"gold_gain":0,"player_choice":"Fought Bandits","damage_taken":0,"max_hp_gain":0,"max_hp_loss":0,"event_name":"Masked Bandits","floor":20,"gold_loss":0}],"is_beta":false,"boss_relics":[{"not_picked":["Pandora\u0027s Box","Empty Cage"],"picked":"Runic Pyramid"}],"items_purged_floors":[],"is_endless":false,"potions_floor_spawned":[8,10,14,16,18,19],"killed_by":"Masked Bandits","ascension_level":17}}