{"host":"5v9rfzf5qju8k9wy","time":1612008978,"event":{"mods":["Act Like it!","Arknights The Spire","BaseMod","Gensokyo","Koishi","KomeijiMod","Marisa£®ÏF”Í°°ƒß¿Ì…≥£©","Minty Spire (QoL Compilation)","Reimu£®≤©¿ˆ¡È√Œ£©","Remilia£®¿Ÿ√◊¿Ú—«£©","Replay The Spire","StSLib","The Administrix","Youmu£®ªÍ∆«—˝√Œ£©"],"gold_per_floor":[10,81,100,100,119,119,147,159,159,159,186,186,51,77,77,175,175,185,185,198,198,198,198,209,220,220,220,232,262,262,274,274,370,370,390,405,428,438,211,211,245,245,245,165,185,199,216,232,232,227,227,227,76,111,111,111],"floor_reached":55,"language":"ZHS","playtime":4809,"items_purged":["Koishi:BasicStrike"],"score":764,"play_id":"91aef73d-ec2b-4fbc-9e8f-a2cc8a75823e","local_time":"20210130201618","is_ascension_mode":false,"campfire_choices":[{"data":"Koishi:HauntingSlash","floor":6.0,"key":"SMITH"},{"data":"Koishi:SprinkleStarAndHeart","floor":10.0,"key":"SMITH"},{"data":"Koishi:ImGoingToCallYouNow","floor":15.0,"key":"SMITH"},{"data":"Koishi:UnconsciousUrges","floor":23.0,"key":"SMITH"},{"data":"Koishi:ImGoingToCallYouNow","floor":27.0,"key":"SMITH"},{"data":"Koishi:TerrifyingSpectre","floor":30.0,"key":"SMITH"},{"data":"Koishi:FleetingPhantom","floor":32.0,"key":"SMITH"},{"data":"Koishi:RacingHeart","floor":40.0,"key":"SMITH"},{"data":"Koishi:PredatoryInstincts","floor":42.0,"key":"SMITH"},{"floor":49.0,"key":"RECALL"},{"data":"Koishi:ImGoingToCallYouNow","floor":52.0,"key":"SMITH"}],"circlet_count":3,"master_deck":["Koishi:BasicStrike","Koishi:BasicStrike","Koishi:BasicStrike","Koishi:BasicDefend","Koishi:BasicDefend","Koishi:BasicDefend","Koishi:BasicDefend","Koishi:Provoke","Koishi:HauntingSlash+1","Koishi:Ego","Koishi:UnconsciousUprising","Koishi:SprinkleStarAndHeart+1","Koishi:IdleWhim","Koishi:DNAsFlaw","Koishi:MindNumbingTerror","Koishi:LastRemote","Koishi:FleetingPhantom+1","Koishi:ImGoingToCallYouNow+1","Koishi:RacingHeart+1","Koishi:ImGoingToCallYouNow+1","Koishi:UnconsciousUrges+1","Koishi:SpiritedAway","Koishi:SubterraneanRose+1","Koishi:ReleaseOfTheId+1","Koishi:ParalyzingFear+1","Koishi:TerrifyingSpectre+1","Koishi:MindStellarRelief","Koishi:FleetingPhantom+1","Koishi:TerrifyingSpectre+1","Koishi:PredatoryInstincts+1","Madness","Koishi:Prune+1","Koishi:ImGoingToCallYouNow+1","Koishi:Untouchable+1"],"relics":["Koishi:ImaginaryFriend","Circlet","Bag of Preparation","Pen Nib","Shuriken","Darkstone Periapt","Sozu","Red Mask","Akabeko","Black Star","Dream Catcher","DollysMirror","Happy Flower","White Beast Statue","Dead Branch","Lantern","Anchor","Toy Ornithopter"],"acts_visited":[],"potions_floor_usage":[],"damage_taken":[{"damage":10.0,"enemies":"2_ Uuma","floor":1.0,"turns":8.0},{"damage":1.0,"enemies":"Hallownest:2_MossCreeps","floor":3.0,"turns":6.0},{"damage":0.0,"enemies":"Hallownest:monsterHuskWarrior","floor":5.0,"turns":5.0},{"damage":0.0,"enemies":"Hallownest:eliteCrystalGuardian","floor":7.0,"turns":3.0},{"damage":7.0,"enemies":"Hallownest:monsterFoolEater","floor":8.0,"turns":5.0},{"damage":12.0,"enemies":"Hallownest:eliteMossKnight","floor":11.0,"turns":11.0},{"damage":3.0,"enemies":"Hallownest:monsterAspidMother","floor":12.0,"turns":3.0},{"damage":4.0,"enemies":"Hallownest:eliteCrystalGuardian","floor":14.0,"turns":5.0},{"damage":16.0,"enemies":"Hallownest:BossFalseKnight","floor":16.0,"turns":9.0},{"damage":12.0,"enemies":"Hallownest:3_Youths","floor":18.0,"turns":7.0},{"damage":11.0,"enemies":"Hallownest:Guard_and_Sentry","floor":20.0,"turns":5.0},{"damage":2.0,"enemies":"Hallownest:2_Husk_Sentries","floor":24.0,"turns":6.0},{"damage":21.0,"enemies":"Hallownest:Master_and_Novice","floor":25.0,"turns":4.0},{"damage":5.0,"enemies":"Hallownest:3_Mistakes","floor":28.0,"turns":5.0},{"damage":0.0,"enemies":"Hallownest:Nosk","floor":29.0,"turns":5.0},{"damage":12.0,"enemies":"Hallownest:2_Husk_Sentries","floor":31.0,"turns":6.0},{"damage":56.0,"enemies":"Hallownest:BossMantisLord","floor":33.0,"turns":11.0},{"damage":11.0,"enemies":"Hallownest:Shield_Heavy","floor":35.0,"turns":4.0},{"damage":27.0,"enemies":"Hallownest:3_Siblings","floor":36.0,"turns":8.0},{"damage":26.0,"enemies":"Hallownest:2_Wing_and_1_Kings","floor":38.0,"turns":7.0},{"damage":40.0,"enemies":"Hallownest:StalkingDevout","floor":41.0,"turns":5.0},{"damage":3.0,"enemies":"Hallownest:2_Soldiers_and_1_Guardian","floor":45.0,"turns":5.0},{"damage":9.0,"enemies":"Hallownest:Shield_Sturdy","floor":46.0,"turns":5.0},{"damage":15.0,"enemies":"Hallownest:monsterPrimalAspid","floor":47.0,"turns":3.0},{"damage":12.0,"enemies":"Hallownest:2_Wandering_and_1_Horned","floor":48.0,"turns":7.0},{"damage":16.0,"enemies":"Hallownest:BossHollowKnight","floor":50.0,"turns":6.0},{"damage":26.0,"enemies":"Shield and Spear","floor":54.0,"turns":6.0},{"damage":0,"enemies":"The Heart","floor":55,"turns":1}],"seed_played":"8842066589181132619","potions_obtained":[{"floor":3.0,"key":"GamblersBrew"},{"floor":5.0,"key":"AttackPotion"},{"floor":8.0,"key":"EssenceOfSteel"}],"is_trial":false,"path_per_floor":["M","?","M","?","M","R","E","M","T","R","E","M","$","E","R","B",null,"M","?","M","?","?","R","M","M","T","R","M","E","R","M","R","B",null,"M","M","T","M","$","R","E","R","T","?","M","M","M","M","R","B",null,"R","$","E","B"],"character_chosen":"KOISHI","items_purchased":["Koishi:ImGoingToCallYouNow","DollysMirror","Lantern"],"campfire_rested":0,"item_purchase_floors":[13,39,53],"current_hp_per_floor":[51,51,53,53,55,55,57,56,56,56,52,51,51,59,59,60,60,60,60,60,60,60,60,60,60,60,60,60,60,60,60,60,44,60,60,60,60,60,60,60,60,60,60,60,60,60,51,41,41,60,60,60,60,60,60,60],"gold":111,"neow_bonus":"THREE_RARE_CARDS","is_daily":false,"chose_seed":false,"campfire_upgraded":10,"win_rate":0.0,"timestamp":1612008978,"path_taken":["M","?","M","?","M","R","E","?","T","R","E","M","?","E","R","BOSS","M","?","M","?","?","R","M","M","T","R","?","E","R","M","R","BOSS","M","M","?","M","?","R","E","R","T","?","M","M","M","?","R","BOSS","R","$","E","BOSS"],"items_purchased_type":["Card","Relic","Relic"],"build_version":"2020-12-22","purchased_purges":1,"victory":false,"max_hp_per_floor":[60,60,60,60,60,60,60,60,60,60,60,60,60,60,60,60,60,60,60,60,60,60,60,60,60,60,60,60,60,60,60,60,60,60,60,60,60,60,60,60,60,60,60,60,60,60,60,60,60,60,60,60,60,60,60,60],"card_choices":[{"not_picked":["Koishi:GrowingPain","Koishi:RuptureMind"],"picked":"Koishi:Ego","floor":0.0},{"not_picked":["Koishi:SpiritedAway","Koishi:Untouchable"],"picked":"Koishi:UnconsciousUprising","floor":1.0},{"not_picked":["Koishi:Vanish","Koishi:SubconsciousSweep"],"picked":"Koishi:SprinkleStarAndHeart","floor":3.0},{"not_picked":["Koishi:BloodcurdlingScream","Koishi:ReflexRadar"],"picked":"Koishi:IdleWhim","floor":5.0},{"not_picked":["Koishi:PhantomStrike","Koishi:UnconsciousUprising"],"picked":"Koishi:DNAsFlaw","floor":7.0},{"not_picked":["Koishi:UnansweredLove","Koishi:FreudianInstinct"],"picked":"Koishi:MindNumbingTerror","floor":8.0},{"not_picked":["Koishi:FleetingPhantom","Koishi:RacingHeart"],"picked":"Koishi:LastRemote","floor":11.0},{"not_picked":["Koishi:FreudianInstinct","Koishi:JumpScare"],"picked":"Koishi:FleetingPhantom","floor":12.0},{"not_picked":["Koishi:ParalyzingFear","Koishi:ApparitionsStalkTheNight"],"picked":"Koishi:RacingHeart","floor":14.0},{"not_picked":["Koishi:ConditionedTeleport","Koishi:Ego"],"picked":"Koishi:ImGoingToCallYouNow","floor":16.0},{"not_picked":["Koishi:YoukaiPolygraph","Koishi:PredatoryInstincts"],"picked":"Koishi:UnconsciousUrges","floor":18.0},{"not_picked":["Koishi:HeartfeltFancy+1","Koishi:LastRemote"],"picked":"Koishi:SpiritedAway","floor":20.0},{"not_picked":["Koishi:SubconsciousSweep","Koishi:Jaunt+1"],"picked":"Koishi:SubterraneanRose+1","floor":24.0},{"not_picked":["Koishi:HeartfeltFancy","Koishi:BramblyRoseGarden+1"],"picked":"Koishi:ReleaseOfTheId+1","floor":25.0},{"not_picked":["Koishi:HeartfeltFancy+1","Koishi:EmbryosDream"],"picked":"Koishi:ParalyzingFear+1","floor":28.0},{"not_picked":["Koishi:RacingHeart","Koishi:DNAsFlaw+1"],"picked":"Koishi:TerrifyingSpectre","floor":29.0},{"not_picked":["Koishi:LastRemote","Koishi:DreadfulBlow","Koishi:UnansweredLove"],"picked":"SKIP","floor":31.0},{"not_picked":["Koishi:FadingMemory","Koishi:ConditionedTeleport"],"picked":"Koishi:MindStellarRelief","floor":33.0},{"not_picked":["Koishi:SpiritedAway+1","Koishi:ReleaseOfTheId"],"picked":"Koishi:FleetingPhantom+1","floor":35.0},{"not_picked":["Koishi:ParalyzingFear","Koishi:HeartfeltFancy","Koishi:UnconsciousUprising"],"picked":"SKIP","floor":36.0},{"not_picked":["Koishi:BloodcurdlingScream","Koishi:DreadfulBlow","Koishi:PhantomStrike+1"],"picked":"SKIP","floor":38.0},{"not_picked":["Koishi:Prune+1","Koishi:SubterraneanRose"],"picked":"Koishi:PredatoryInstincts","floor":41.0},{"not_picked":["Koishi:RacingHeart","Koishi:Untouchable"],"picked":"Koishi:Prune+1","floor":45.0},{"not_picked":["Koishi:ReflexRadar","Koishi:Untouchable","Koishi:Prune"],"picked":"SKIP","floor":46.0},{"not_picked":["Koishi:ParalyzingFear+1","Koishi:SubconsciousSweep"],"picked":"Koishi:ImGoingToCallYouNow","floor":47.0},{"not_picked":["Koishi:SubconsciousSweep","Koishi:ParalyzingFear+1","Koishi:UnconsciousUrges"],"picked":"SKIP","floor":48.0},{"not_picked":["Koishi:PredatoryInstincts+1","Koishi:Prune"],"picked":"Koishi:Untouchable+1","floor":54.0}],"player_experience":110814,"relics_obtained":[{"floor":7.0,"key":"Bag of Preparation"},{"floor":9.0,"key":"Pen Nib"},{"floor":11.0,"key":"Shuriken"},{"floor":14.0,"key":"Darkstone Periapt"},{"floor":29.0,"key":"Akabeko"},{"floor":37.0,"key":"Dream Catcher"},{"floor":41.0,"key":"Happy Flower"},{"floor":41.0,"key":"White Beast Statue"},{"floor":43.0,"key":"Dead Branch"},{"floor":54.0,"key":"Anchor"},{"floor":54.0,"key":"Toy Ornithopter"}],"event_choices":[],"is_beta":false,"boss_relics":[{"not_picked":["Koishi:ColorfulDays","Busted Crown"],"picked":"Sozu"},{"not_picked":["Velvet Choker","Runic Dome"],"picked":"Black Star"}],"items_purged_floors":[39],"is_endless":false,"potions_floor_spawned":[3,5,8,20,24,25,28,36,38,45,46,47,48,54],"killed_by":"The Heart","ascension_level":0}}