{"host":"bx8ylsmj2ob6hd5u","time":1612027796,"event":{"mods":["AchievementEnabler","Act Like it!","Aspiration","BaseMod","Colored Map","Downfall","Duelist Mod","Friendly Minions","Gensokyo","GifTheSpireLib","Hallownest","Hermit","HololiveMod","Hubris","Infinite Spire","Jorbs\u0027s Wanderer Trilogy","KinomotoSakuraMod(????)","Kiyohime????","Koishi","KomeijiMod","Lobotomy","LobotomyExtend","Marisa????????","Minty Spire (QoL Compilation)","Prisma Mod","Rare Cards Sparkle","Reimu??????","Remilia??????","Replay The Spire","StSLib","Td1madao Mod","The Administrix","The Animator","The Bug Knight","The Construct","The Cursed","The Disciple","The Hierophant","The Necromancer","The Poker Player","The Runesmith","The Senshi","The Servant 0.9.4","WarShipGirlsR/????R mod"],"gold_per_floor":[110,130,145,157,157,157,157,168,168,168,188,188,188,203,203,302,302,318,56,56,76,76,76,76,87,113,113,131,131,148,159,159,259,259,277,277,97,117,117,117,136,136,136,136,136,136,146,159,159,159,159],"floor_reached":50,"language":"ENG","playtime":3021,"items_purged":[],"score":511,"play_id":"5be693a2-7440-4ced-9c19-83ff5f5bf63b","local_time":"20210130192956","is_ascension_mode":false,"campfire_choices":[{"data":"rmod:basicallowance","floor":7,"key":"SMITH"},{"data":"rmod:wife","floor":10,"key":"SMITH"},{"data":"rmod:expedition","floor":13,"key":"SMITH"},{"data":"rmod:mineteam","floor":15,"key":"SMITH"},{"floor":23,"key":"REST"},{"data":"rmod:highspeedmaneuver","floor":32,"key":"SMITH"},{"data":"rmod:acesubmarine","floor":40,"key":"SMITH"},{"data":"rmod:expedition+2","floor":42,"key":"SMITH"},{"data":"rmod:timeschanged","floor":44,"key":"SMITH"},{"data":"rmod:supriseattacks","floor":49,"key":"SMITH"}],"circlet_count":0,"master_deck":["rmod:strick+1","rmod:strick+1","rmod:strick+1","rmod:strick+1","rmod:defend+1","rmod:defend+1","rmod:defend+1","rmod:defend+1","rmod:basicallowance+1","rmod:maingunfire","rmod:wife+1","rmod:ring","rmod:fletcherpendant","rmod:firesupport","rmod:timeschanged+1","rmod:expedition+3","rmod:steelsupply","rmod:mineteam+1","rmod:highspeedmaneuver+1","rmod:garrisonisland","rmod:luckystar+1","infinitespire:NeuralNetwork+1","rmod:saltedfish","rmod:supportescort","rmod:supportescort+1","rmod:ammunitionsupply+1","rmod:acesubmarine+1","rmod:wife+1","rmod:openingtorpedo+1","rmod:diaomin+1","rmod:supriseattacks+1","rmod:unsinkable+1"],"relics":["rmod:firstchargereward","NeowsBlessing","LetterFromLob","Hallownest:DreamNailRelic","Pantograph","Velvet Choker","Shuriken","aspiration:ArtOfWarUpgrade","Coffee Dripper","Hallownest:BeastSealRelic","Hallownest:StagBellRelic1","Kunai"],"acts_visited":["Exordium","TheCity","TheCity"],"potions_floor_usage":[8,16,18,31,33,35,35,41],"damage_taken":[{"damage":0,"enemies":"Hallownest:monsterHuskWarrior","floor":1,"turns":2},{"damage":0,"enemies":"2_ Uuma","floor":2,"turns":1},{"damage":3,"enemies":"Hallownest:2_Tiktiks_and_1_Crawlid","floor":3,"turns":1},{"damage":2,"enemies":"Hallownest:MossCreep_and_Mosskin","floor":4,"turns":6},{"damage":0,"enemies":"Hallownest:monsterAspidMother","floor":8,"turns":4},{"damage":29,"enemies":"Hallownest:1_Ooma_and_2_Uuma","floor":11,"turns":8},{"damage":11,"enemies":"Hallownest:monsterFoolEater","floor":14,"turns":4},{"damage":19,"enemies":"Hallownest:BossHornet","floor":16,"turns":7},{"damage":14,"enemies":"Spheric Guardian","floor":18,"turns":5},{"damage":3,"enemies":"Snake Plant","floor":21,"turns":3},{"damage":2,"enemies":"Sentry and Sphere","floor":25,"turns":5},{"damage":13,"enemies":"Centurion and Healer","floor":28,"turns":6},{"damage":6,"enemies":"3 Cultists","floor":30,"turns":5},{"damage":14,"enemies":"Cultist and Chosen","floor":31,"turns":8},{"damage":15,"enemies":"hubris:MusketHawk","floor":33,"turns":6},{"damage":22,"enemies":"Hallownest:3_Siblings","floor":35,"turns":4},{"damage":3,"enemies":"Hallownest:Shield_Heavy","floor":38,"turns":3},{"damage":24,"enemies":"Hallownest:2_Soldiers_and_1_Guardian","floor":41,"turns":3},{"damage":7,"enemies":"Hallownest:Xero_Hu_Marmu","floor":47,"turns":3},{"damage":0,"enemies":"Hallownest:monsterPrimalAspid","floor":48,"turns":3},{"damage":55,"enemies":"Hallownest:BossHollowKnight","floor":50,"turns":4}],"seed_played":"-5663234207982921353","potions_obtained":[{"floor":3,"key":"SteroidPotion"},{"floor":4,"key":"UndeadPotion"},{"floor":8,"key":"Dexterity Potion"},{"floor":16,"key":"Block Potion"},{"floor":21,"key":"JyouchiReiPotion"},{"floor":30,"key":"infinitespire:BlackPotion"},{"floor":31,"key":"Toxic Potion"},{"floor":33,"key":"GamblersBrew"},{"floor":38,"key":"SkillPotion"},{"floor":48,"key":"Energy Potion"}],"is_trial":false,"path_per_floor":["M","M","M","M","?","?","R","M","T","R","M","?","R","M","R","B",null,"M","$","?","M","?","R","?","M","T","R","M","R","M","M","R","B",null,"M","?","?","M","?","R","M","R","T","R","?","?","M","M","R","B"],"character_chosen":"PRAEFECT","items_purchased":["Shuriken"],"campfire_rested":1,"item_purchase_floors":[19],"current_hp_per_floor":[75,75,72,70,70,70,70,70,70,70,41,49,49,38,38,44,75,61,61,61,58,41,63,63,61,61,61,48,48,42,38,38,48,75,53,53,53,50,50,50,26,26,26,26,26,34,27,27,27,0,0],"gold":159,"neow_bonus":"THREE_ENEMY_KILL","is_daily":false,"chose_seed":false,"campfire_upgraded":9,"win_rate":0.0,"timestamp":1612027796,"path_taken":["M","?","M","M","?","?","R","?","T","R","M","?","R","M","R","BOSS","M","?","?","?","?","R","?","M","T","R","M","R","M","M","R","BOSS","M","?","?","M","?","R","?","R","T","R","?","?","?","M","R","BOSS"],"items_purchased_type":["Relic"],"build_version":"2020-12-22","purchased_purges":0,"victory":false,"max_hp_per_floor":[75,75,75,75,75,75,75,75,75,75,75,75,75,75,75,75,75,75,75,75,75,75,75,75,75,75,75,75,75,75,75,75,75,75,75,75,75,75,75,75,75,75,75,75,75,75,75,75,75,75,75],"card_choices":[{"not_picked":["rmod:intelligenceanalysis","rmod:openingtorpedo"],"picked":"rmod:wife","floor":1},{"not_picked":["rmod:unsinkable","rmod:victimresponsibility"],"picked":"rmod:ring","floor":2},{"not_picked":["rmod:supportescort","rmod:tearstotiara"],"picked":"rmod:fletcherpendant","floor":3},{"not_picked":["rmod:ammunitionsupply","rmod:aluminumsupply"],"picked":"rmod:firesupport","floor":4},{"not_picked":[],"picked":"rmod:timeschanged","floor":5},{"not_picked":["rmod:victimresponsibility","rmod:fuelsupply"],"picked":"rmod:expedition","floor":8},{"not_picked":["rmod:fuelsupply","rmod:expedition"],"picked":"rmod:steelsupply","floor":11},{"not_picked":["rmod:firesupport","rmod:fuelsupply"],"picked":"rmod:mineteam","floor":14},{"not_picked":["rmod:stealaluminum","rmod:abidefaith"],"picked":"rmod:highspeedmaneuver","floor":16},{"not_picked":["rmod:circuitoustactics","rmod:wife"],"picked":"rmod:garrisonisland","floor":18},{"not_picked":["rmod:fuelsupply","rmod:tearstotiara"],"picked":"rmod:luckystar+1","floor":21},{"not_picked":["ReplayTheSpireMod:Chaos Vortex","hubris:InfiniteBlow"],"picked":"infinitespire:NeuralNetwork","floor":22},{"not_picked":["rmod:ammunitionsupply+1","rmod:rockthrower+1"],"picked":"rmod:saltedfish","floor":25},{"not_picked":["rmod:steelsupply","rmod:circuitoustactics"],"picked":"rmod:supportescort","floor":28},{"not_picked":["rmod:tearstotiara","rmod:fletcherpendant+1"],"picked":"rmod:supportescort+1","floor":30},{"not_picked":["rmod:salvage","rmod:victimresponsibility"],"picked":"rmod:ammunitionsupply+1","floor":31},{"not_picked":["rmod:fletcher","rmod:timeschanged"],"picked":"rmod:acesubmarine","floor":33},{"not_picked":["rmod:supportescort","rmod:tearstotiara"],"picked":"rmod:wife+1","floor":35},{"not_picked":["rmod:firesupport+1","rmod:intelligenceanalysis"],"picked":"rmod:openingtorpedo+1","floor":38},{"not_picked":["rmod:ammunitionsupply+1","rmod:sl"],"picked":"rmod:diaomin+1","floor":41},{"not_picked":["rmod:intelligenceanalysis+1","rmod:goodsister"],"picked":"rmod:supriseattacks","floor":47},{"not_picked":["rmod:launchingtorpedo","rmod:firesupport+1"],"picked":"rmod:unsinkable+1","floor":48}],"player_experience":1516833,"relics_obtained":[{"floor":1,"key":"LetterFromLob"},{"floor":9,"key":"Pantograph"},{"floor":26,"key":"Art of War"},{"floor":43,"key":"Kunai"}],"event_choices":[{"damage_healed":0,"gold_gain":0,"player_choice":"Simplicity","damage_taken":0,"max_hp_gain":0,"max_hp_loss":0,"event_name":"Back to Basics","floor":20,"gold_loss":0,"cards_upgraded":["rmod:strick","rmod:strick","rmod:strick","rmod:strick","rmod:defend","rmod:defend","rmod:defend","rmod:defend"]},{"damage_healed":0,"gold_gain":0,"player_choice":"Upgraded","damage_taken":0,"max_hp_gain":0,"max_hp_loss":0,"event_name":"Upgrade Shrine","floor":24,"gold_loss":0,"cards_upgraded":["rmod:expedition"]}],"is_beta":false,"boss_relics":[{"not_picked":["Painkiller Herb","Hololive_ChaosS"],"picked":"Velvet Choker"},{"not_picked":["aspiration:FutureDiary","aspiration:SilentSkillbook"],"picked":"Coffee Dripper"}],"items_purged_floors":[],"is_endless":false,"potions_floor_spawned":[3,4,8,16,21,30,31,33,38,48],"killed_by":"Hallownest:BossHollowKnight","ascension_level":0}}