{"host":"s8eu5oacnz2jj6un","time":1612041416,"event":{"mods":["AchievementEnabler","Act Like it!","Astrologer","BaseMod","Colored Powertips","Downfall","Koishi","Marisa????????","Minty Spire (QoL Compilation)","Remilia??????","Replay The Spire","Shop Mod","StSLib","The Marked","The Servant 0.9.4","Yuyuko"],"gold_per_floor":[117,137,137,149,161,190,190,215,241,181,214,234,234,249,249,249,249],"floor_reached":16,"language":"ENG","playtime":1667,"items_purged":[],"score":122,"play_id":"83d91d7a-29ad-40d0-ba30-675ebcda085f","local_time":"20210130221656","is_ascension_mode":false,"campfire_choices":[{"floor":7,"key":"REST"},{"floor":15,"key":"REST"}],"circlet_count":0,"master_deck":["Koishi:BasicStrike","Koishi:BasicStrike","Koishi:BasicStrike","Koishi:BasicStrike","Koishi:BasicDefend","Koishi:BasicDefend","Koishi:BasicDefend","Koishi:BasicDefend+1","Koishi:Provoke","Koishi:HauntingSlash","Koishi:MindStellarRelief","Koishi:JumpScare","Koishi:MindNumbingTerror","Koishi:UnseenTerror+1","Koishi:MindNumbingTerror","Koishi:MindNumbingTerror","Koishi:UnconsciousUrges","Koishi:DreadfulBlow"],"relics":["Koishi:ImaginaryFriend","Dead Branch","Bag of Preparation","Tiny Chest","Gremlin Food"],"acts_visited":["Exordium"],"potions_floor_usage":[6,14,16,16],"damage_taken":[{"damage":0,"enemies":"Cultist","floor":1,"turns":4},{"damage":6,"enemies":"Small Slimes","floor":2,"turns":5},{"damage":6,"enemies":"Jaw Worm","floor":4,"turns":3},{"damage":20,"enemies":"Exordium Wildlife","floor":5,"turns":8},{"damage":15,"enemies":"Lagavulin","floor":6,"turns":9},{"damage":12,"enemies":"Gremlin Nob","floor":8,"turns":4},{"damage":21,"enemies":"Lagavulin","floor":11,"turns":5},{"damage":7,"enemies":"Blue Slaver","floor":12,"turns":3},{"damage":7,"enemies":"Large Slime","floor":14,"turns":3},{"damage":51,"enemies":"Fading Forest","floor":16,"turns":7}],"seed_played":"-6040732391275855588","potions_obtained":[{"floor":5,"key":"Regen Potion"},{"floor":6,"key":"Death Potion"},{"floor":8,"key":"BlessingOfTheForge"},{"floor":12,"key":"Weak Potion"}],"is_trial":false,"path_per_floor":["M","M","?","M","M","E","R","E","T","$","E","M","?","M","R","B"],"character_chosen":"KOISHI","items_purchased":["Koishi:MindNumbingTerror"],"campfire_rested":2,"item_purchase_floors":[10],"current_hp_per_floor":[60,58,52,49,35,34,52,47,47,47,34,30,30,29,47,0,0],"gold":249,"neow_bonus":"ONE_RANDOM_RARE_CARD","is_daily":false,"chose_seed":false,"campfire_upgraded":0,"win_rate":0.0,"timestamp":1612041416,"path_taken":["M","?","?","?","M","E","R","E","T","?","E","M","?","?","R","BOSS"],"items_purchased_type":["Card"],"build_version":"2020-12-22","purchased_purges":0,"victory":false,"max_hp_per_floor":[60,60,60,60,60,60,60,60,60,60,60,60,60,60,60,60,60],"card_choices":[{"not_picked":["Koishi:UnconsciousUprising","Koishi:BloodcurdlingScream"],"picked":"Koishi:JumpScare","floor":1},{"not_picked":["Koishi:StingingMind","Koishi:FourthEye"],"picked":"Koishi:MindNumbingTerror","floor":2},{"not_picked":["Koishi:UnconsciousUprising","Koishi:Possession","Koishi:PhantomBarrier"],"picked":"SKIP","floor":4},{"not_picked":["Koishi:SubconsciousSweep","Koishi:CatchAndRose","Koishi:PhilosophyOfTheDespised"],"picked":"SKIP","floor":5},{"not_picked":["Koishi:YoukaiPolygraph","Koishi:UnconsciousUrges"],"picked":"Koishi:UnseenTerror","floor":6},{"not_picked":["Koishi:UnconsciousUprising","Koishi:PhantomStrike","Koishi:LastRemote"],"picked":"SKIP","floor":8},{"not_picked":["Koishi:FreudianInstinct","Koishi:SubterraneanRose","Koishi:SubconsciousSweep"],"picked":"SKIP","floor":11},{"not_picked":["Koishi:ReleaseOfTheId","Koishi:HeartfeltFancy"],"picked":"Koishi:UnconsciousUrges","floor":12},{"not_picked":["Koishi:SubterraneanRose","Koishi:FourthEye"],"picked":"Koishi:DreadfulBlow","floor":14}],"player_experience":776967,"relics_obtained":[{"floor":6,"key":"Dead Branch"},{"floor":8,"key":"Bag of Preparation"},{"floor":9,"key":"Tiny Chest"},{"floor":11,"key":"Gremlin Food"}],"event_choices":[{"damage_healed":0,"gold_gain":0,"player_choice":"Damaged","damage_taken":6,"max_hp_gain":0,"max_hp_loss":0,"event_name":"Wheel of Change","floor":3,"gold_loss":0}],"is_beta":false,"boss_relics":[],"items_purged_floors":[],"is_endless":false,"potions_floor_spawned":[5,6,8,12],"killed_by":"Fading Forest","ascension_level":0}}