{"host":"d52brwsy6af8zvaq","time":1612030682,"event":{"mods":["AchievementEnabler","BaseMod","Bestiary","Highlight Path","Minty Spire (QoL Compilation)","Quick Restart","Relic Stats","ojb\u0027s Better Paths Mod"],"gold_per_floor":[213,79,92,111,9,43,63,63,63,78,78,78,104,116,116,190,190,204,204,204,223,233,233,233,233],"floor_reached":24,"language":"ENG","playtime":889,"items_purged":["Strike_G"],"score":416,"play_id":"5f3de9b1-8c90-4b84-8b49-32f661e85832","local_time":"20210130111802","is_ascension_mode":true,"campfire_choices":[{"floor":11.0,"key":"REST"},{"data":"Bouncing Flask","floor":15.0,"key":"SMITH"},{"data":"Dagger Spray","floor":23,"key":"SMITH"}],"circlet_count":0,"master_deck":["AscendersBane","Strike_G","Strike_G","Strike_G","Strike_G","Defend_G","Defend_G","Defend_G","Defend_G","Defend_G","Survivor","Neutralize","Flying Knee","Dagger Spray+1","Dodge and Roll","Bouncing Flask+1","Blade Dance","Predator","Crippling Poison+1","Dash","Escape Plan","Deadly Poison","Corpse Explosion","PiercingWail","Writhe","Pain","Prepared"],"relics":["Ring of the Snake","Tiny Chest","Shuriken","Art of War","Strawberry","Cursed Key","Potion Belt","Letter Opener"],"acts_visited":["Exordium","TheCity"],"potions_floor_usage":[24,24],"damage_taken":[{"damage":0.0,"enemies":"Small Slimes","floor":1.0,"turns":4.0},{"damage":1.0,"enemies":"2 Louse","floor":3.0,"turns":3.0},{"damage":0.0,"enemies":"Cultist","floor":4.0,"turns":3.0},{"damage":37.0,"enemies":"Gremlin Nob","floor":6.0,"turns":4.0},{"damage":0.0,"enemies":"3 Louse","floor":7.0,"turns":1.0},{"damage":3.0,"enemies":"Gremlin Gang","floor":10.0,"turns":4.0},{"damage":18.0,"enemies":"Lagavulin","floor":13.0,"turns":5.0},{"damage":0.0,"enemies":"Red Slaver","floor":14.0,"turns":3.0},{"damage":5.0,"enemies":"The Guardian","floor":16.0,"turns":10.0},{"damage":0,"enemies":"3 Byrds","floor":18,"turns":2},{"damage":3,"enemies":"Chosen","floor":21,"turns":4},{"damage":28,"enemies":"Sentry and Sphere","floor":22,"turns":5},{"damage":31,"enemies":"Book of Stabbing","floor":24,"turns":4}],"seed_played":"9105090657914869676","potions_obtained":[{"floor":3.0,"key":"Dexterity Potion"},{"floor":6.0,"key":"SteroidPotion"},{"floor":13.0,"key":"Swift Potion"},{"floor":14.0,"key":"Block Potion"},{"floor":16.0,"key":"BlessingOfTheForge"},{"floor":21,"key":"LiquidMemories"},{"floor":22,"key":"Poison Potion"}],"is_trial":false,"path_per_floor":["M","$","M","M","$","E","M","?","T","M","R","?","E","M","R","B",null,"M","?","T","M","M","R","E"],"character_chosen":"THE_SILENT","items_purchased":["Dagger Spray","Blade Dance","Predator"],"campfire_rested":1,"item_purchase_floors":[2,5,5],"current_hp_per_floor":[59,59,58,58,58,21,21,16,16,13,32,32,21,21,21,16,59,59,59,59,56,28,28,0,0],"gold":233,"neow_bonus":"HUNDRED_GOLD","is_daily":false,"chose_seed":false,"campfire_upgraded":2,"win_rate":0.0,"timestamp":1612030682,"path_taken":["M","$","M","M","$","E","M","?","T","M","R","?","E","M","R","BOSS","M","?","?","M","?","R","E"],"items_purchased_type":["Card","Card","Card"],"build_version":"2020-12-22","purchased_purges":1,"victory":false,"max_hp_per_floor":[66,66,66,66,66,66,66,66,66,66,66,66,73,73,73,73,73,73,73,73,73,73,73,73,73],"relic_stats":{"counters":[13,52],"Shuriken":[9],"Tiny Chest":1,"Art of War":[5],"Letter Opener":[20],"Cursed Key":1,"obtain_stats":[{"Potion Belt":19,"Shuriken":8,"Strawberry":13,"Tiny Chest":6,"Art of War":9,"Letter Opener":20,"Cursed Key":17,"Ring of the Snake":0},{"Potion Belt":10,"Shuriken":5,"Strawberry":7,"Tiny Chest":4,"Art of War":5,"Letter Opener":10,"Cursed Key":9,"Ring of the Snake":0},{"Potion Belt":39,"Shuriken":15,"Strawberry":24,"Tiny Chest":14,"Art of War":15,"Letter Opener":39,"Cursed Key":37,"Ring of the Snake":0}],"Ring of the Snake":[26]},"card_choices":[{"not_picked":["Endless Agony","Heel Hook"],"picked":"Flying Knee","floor":1.0},{"not_picked":["Setup","Quick Slash"],"picked":"Dodge and Roll","floor":3.0},{"not_picked":["Escape Plan","Quick Slash"],"picked":"Bouncing Flask","floor":4.0},{"not_picked":["Quick Slash","Dodge and Roll"],"picked":"Crippling Poison","floor":6.0},{"not_picked":["Flying Knee","Acrobatics"],"picked":"Dash","floor":7.0},{"not_picked":["Unload","Catalyst"],"picked":"Escape Plan","floor":10.0},{"not_picked":["Backflip","Deflect"],"picked":"Deadly Poison","floor":13.0},{"not_picked":["Finisher","Quick Slash","Concentrate"],"picked":"SKIP","floor":14.0},{"not_picked":["Phantasmal Killer","Venomology"],"picked":"Corpse Explosion","floor":16.0},{"not_picked":["Poisoned Stab","Dagger Spray"],"picked":"PiercingWail","floor":18},{"not_picked":["Slice","Dagger Spray"],"picked":"Prepared","floor":21},{"not_picked":["Dagger Throw","Dagger Spray","Sucker Punch"],"picked":"SKIP","floor":22}],"player_experience":2076042,"relics_obtained":[{"floor":6.0,"key":"Tiny Chest"},{"floor":9.0,"key":"Art of War"},{"floor":13.0,"key":"Strawberry"},{"floor":20,"key":"Letter Opener"}],"event_choices":[{"damage_healed":0.0,"max_hp_gain":0.0,"max_hp_loss":0.0,"gold_gain":0.0,"event_name":"Scrap Ooze","player_choice":"Success","floor":8.0,"gold_loss":0.0,"damage_taken":5.0,"relics_obtained":["Shuriken"]},{"damage_healed":0.0,"max_hp_gain":0.0,"max_hp_loss":0.0,"gold_gain":0.0,"event_name":"Accursed Blacksmith","player_choice":"Forge","floor":12.0,"gold_loss":0.0,"damage_taken":0.0,"cards_upgraded":["Crippling Poison"]},{"damage_healed":0,"gold_gain":0,"player_choice":"Opened","damage_taken":0,"relics_obtained":["Potion Belt"],"max_hp_gain":0,"max_hp_loss":0,"event_name":"The Mausoleum","floor":19,"gold_loss":0,"cards_obtained":["Writhe"]}],"is_beta":false,"boss_relics":[{"not_picked":["Pandora\u0027s Box","SacredBark"],"picked":"Cursed Key"}],"items_purged_floors":[2],"is_endless":false,"potions_floor_spawned":[3,6,13,14,16,21,22],"killed_by":"Book of Stabbing","ascension_level":20}}