{"host":"gf8hyl7jhl0is674","time":1612036883,"event":{"mods":["2.2 Compatiblity","Act Like it!","BaseMod","Chen","Colored Map","Gensokyo","KinomotoSakuraMod(????)","Koishi","Marisa????????","Minty Spire (QoL Compilation)","Onozuka Komachi Mod","Permanent Neow","StSLib","The Servant 0.9.4","Waifu the Spire"],"gold_per_floor":[111,124,124,124,134,168,180,180,249,265,300,314,314,327,327,432,432,447,447,457,274,301,301,324,336,383,36,49,67,17,346,346,450,450,465,258,278,278,296,308,308,325,349,349,384,384,38,48,48,48],"floor_reached":51,"language":"ENG","playtime":4276,"items_purged":["Defend_G","Defend_G","Defend_G","Defend_G","Bite"],"score":761,"play_id":"f39bb7f5-26e4-42fe-b28d-8cf5ad23c60f","local_time":"20210130130123","is_ascension_mode":false,"campfire_choices":[{"data":"Neutralize","floor":8,"key":"SMITH"},{"data":"Finisher","floor":13,"key":"SMITH"},{"data":"Eviscerate","floor":15,"key":"SMITH"},{"data":"Footwork","floor":23,"key":"SMITH"},{"data":"Reflex","floor":32,"key":"SMITH"},{"data":"Phantasmal Killer","floor":41,"key":"SMITH"},{"data":"Setup","floor":44,"key":"SMITH"},{"data":"Outmaneuver","floor":46,"key":"SMITH"},{"data":"Tactician","floor":49,"key":"SMITH"}],"circlet_count":0,"master_deck":["Survivor","Neutralize+1","Heel Hook","Escape Plan","Deflect","Storm of Steel","Finisher+1","Outmaneuver+1","Prepared","Quick Slash","Eviscerate+1","Malaise","Dagger Throw","Bite","Bite","Bite","Bite","Footwork+1","Reflex+1","Setup+1","PiercingWail","Deflect","Underhanded Strike+1","Phantasmal Killer+1","Outmaneuver","After Image","Slice","Terror+1","Heel Hook","Tactician+1"],"relics":["Runic Pyramid","Gambling Chip","Blue Candle","Anchor","Sozu","Red Mask","Smiling Mask","Omamori","Unceasing Top","Old Coin","WristBlade","Lantern","Nunchaku","Ancient Tea Set","Vajra","HandDrill"],"acts_visited":["Exordium","TheCity","TheBeyond"],"potions_floor_usage":[6,7,11,16],"damage_taken":[{"damage":2,"enemies":"Cultist","floor":1,"turns":5},{"damage":0,"enemies":"Small Slimes","floor":2,"turns":3},{"damage":0,"enemies":"Jaw Worm","floor":5,"turns":4},{"damage":18,"enemies":"Gremlin Nob","floor":6,"turns":4},{"damage":2,"enemies":"Blue Slaver","floor":7,"turns":4},{"damage":6,"enemies":"Looter","floor":10,"turns":3},{"damage":5,"enemies":"Lagavulin","floor":11,"turns":8},{"damage":4,"enemies":"Gremlin Gang","floor":12,"turns":7},{"damage":1,"enemies":"Red Slaver","floor":14,"turns":3},{"damage":6,"enemies":"Slime Boss","floor":16,"turns":5},{"damage":6,"enemies":"2 Thieves","floor":18,"turns":5},{"damage":0,"enemies":"3 Byrds","floor":20,"turns":5},{"damage":25,"enemies":"Masked Bandits","floor":22,"turns":4},{"damage":2,"enemies":"Snecko","floor":25,"turns":4},{"damage":9,"enemies":"Centurion and Healer","floor":28,"turns":5},{"damage":6,"enemies":"3 Cultists","floor":29,"turns":6},{"damage":6,"enemies":"Slavers","floor":31,"turns":6},{"damage":32,"enemies":"Automaton","floor":33,"turns":11},{"damage":7,"enemies":"3 Shapes","floor":35,"turns":4},{"damage":26,"enemies":"3 Darklings","floor":37,"turns":7},{"damage":13,"enemies":"Jaw Worm Horde","floor":39,"turns":4},{"damage":0,"enemies":"Sphere and 2 Shapes","floor":40,"turns":3},{"damage":0,"enemies":"Maw","floor":42,"turns":6},{"damage":0,"enemies":"Giant Head","floor":45,"turns":4},{"damage":0,"enemies":"Writhing Mass","floor":48,"turns":2},{"damage":39,"enemies":"Awakened One","floor":50,"turns":9}],"seed_played":"-5311056114893166508","potions_obtained":[{"floor":1,"key":"Poison Potion"},{"floor":7,"key":"Fruit Juice"},{"floor":10,"key":"Block Potion"},{"floor":11,"key":"Swift Potion"}],"is_trial":false,"path_per_floor":["M","M","?","?","M","E","M","R","T","M","E","M","R","M","R","B",null,"M","?","M","$","?","R","T","M","T","$","M","M","$","E","R","B",null,"M","$","M","?","M","M","R","M","T","R","E","R","$","M","R","B",null],"character_chosen":"THE_SILENT","items_purchased":["Footwork","Reflex","Unceasing Top","Lantern","Vajra","HandDrill"],"campfire_rested":0,"item_purchase_floors":[21,21,27,36,47,47],"current_hp_per_floor":[68,68,73,73,73,55,58,58,58,52,47,43,43,42,42,36,80,74,56,56,56,39,39,39,43,43,43,48,56,56,54,54,46,56,53,53,44,44,49,51,51,56,56,56,56,56,56,56,56,33],"gold":48,"neow_bonus":"BOSS_RELIC","is_daily":false,"chose_seed":false,"campfire_upgraded":9,"win_rate":0.0,"timestamp":1612036883,"path_taken":["M","M","?","?","M","E","M","R","T","M","E","M","R","M","R","BOSS","M","?","M","$","?","R","?","M","T","$","M","M","$","E","R","BOSS","M","$","M","?","M","M","R","?","T","R","E","R","?","M","R","BOSS"],"items_purchased_type":["Card","Card","Relic","Relic","Relic","Relic"],"build_version":"2020-12-22","purchased_purges":5,"victory":true,"max_hp_per_floor":[70,70,75,75,75,75,80,80,80,80,80,80,80,80,80,80,80,80,56,56,56,56,56,56,56,56,56,56,56,56,56,56,56,56,56,56,56,56,56,56,56,56,56,56,56,56,56,56,56,56],"card_choices":[{"not_picked":["Dagger Spray","Cloak And Dagger"],"picked":"Heel Hook","floor":1},{"not_picked":["Sucker Punch","Deflect"],"picked":"Escape Plan","floor":2},{"not_picked":["Sucker Punch","Cloak And Dagger"],"picked":"Deflect","floor":5},{"not_picked":["Quick Slash","Escape Plan"],"picked":"Storm of Steel","floor":6},{"not_picked":["Catalyst","Sucker Punch"],"picked":"Finisher","floor":7},{"not_picked":["Riddle With Holes","Infinite Blades"],"picked":"Outmaneuver","floor":10},{"not_picked":["Quick Slash","Infinite Blades"],"picked":"Prepared","floor":11},{"not_picked":["Blade Dance","Dagger Spray"],"picked":"Quick Slash","floor":12},{"not_picked":["Setup","Bane"],"picked":"Eviscerate","floor":14},{"not_picked":["Night Terror","Doppelganger"],"picked":"Malaise","floor":16},{"not_picked":["Dodge and Roll","Poisoned Stab"],"picked":"Dagger Throw","floor":18},{"not_picked":["Well Laid Plans+1","Accuracy","Crippling Poison"],"picked":"SKIP","floor":20},{"not_picked":["Leg Sweep+1","Quick Slash"],"picked":"Setup","floor":25},{"not_picked":["Bullet Time","Catalyst+1"],"picked":"PiercingWail","floor":28},{"not_picked":["Expertise","Prepared"],"picked":"Deflect","floor":29},{"not_picked":["Escape Plan","Prepared"],"picked":"Underhanded Strike+1","floor":31},{"not_picked":["A Thousand Cuts","Bullet Time"],"picked":"Phantasmal Killer","floor":33},{"not_picked":["Poisoned Stab","Blade Dance+1"],"picked":"Outmaneuver","floor":35},{"not_picked":["Acrobatics+1","Prepared","Bane"],"picked":"SKIP","floor":37},{"not_picked":["Slice","Dodge and Roll+1"],"picked":"After Image","floor":39},{"not_picked":["Sucker Punch+1","Acrobatics+1"],"picked":"Slice","floor":40},{"not_picked":["Blade Dance","Slice"],"picked":"Terror+1","floor":42},{"not_picked":["Poisoned Stab","Quick Slash+1"],"picked":"Heel Hook","floor":45},{"not_picked":["Cloak And Dagger","Distraction+1"],"picked":"Tactician","floor":48}],"player_experience":340661,"relics_obtained":[{"floor":6,"key":"Gambling Chip"},{"floor":9,"key":"Blue Candle"},{"floor":11,"key":"Anchor"},{"floor":22,"key":"Red Mask"},{"floor":24,"key":"Smiling Mask"},{"floor":26,"key":"Omamori"},{"floor":31,"key":"Old Coin"},{"floor":43,"key":"Nunchaku"},{"floor":45,"key":"Ancient Tea Set"}],"event_choices":[{"damage_healed":0,"gold_gain":0,"player_choice":"Donut","damage_taken":0,"max_hp_gain":5,"max_hp_loss":0,"event_name":"Big Fish","floor":3,"gold_loss":0},{"cards_removed":["Defend_G"],"damage_healed":0,"gold_gain":0,"player_choice":"Forget","damage_taken":0,"max_hp_gain":0,"max_hp_loss":0,"event_name":"Living Wall","floor":4,"gold_loss":0},{"damage_healed":0,"gold_gain":0,"player_choice":"Became a vampire","damage_taken":0,"max_hp_gain":0,"max_hp_loss":24,"event_name":"Vampires","floor":19,"gold_loss":0,"cards_obtained":["Bite","Bite","Bite","Bite","Bite"]},{"damage_healed":0,"gold_gain":0,"player_choice":"Fought Bandits","damage_taken":0,"max_hp_gain":0,"max_hp_loss":0,"event_name":"Masked Bandits","floor":22,"gold_loss":0},{"damage_healed":0,"gold_gain":0,"player_choice":"Ignored","damage_taken":0,"max_hp_gain":0,"max_hp_loss":0,"event_name":"SecretPortal","floor":38,"gold_loss":0}],"is_beta":false,"boss_relics":[{"not_picked":["Coffee Dripper","Ectoplasm"],"picked":"Sozu"},{"not_picked":["HoveringKite","Busted Crown"],"picked":"WristBlade"}],"items_purged_floors":[21,27,30,36,47],"is_endless":false,"potions_floor_spawned":[1,7,10,11,18,22,28,33,35,39,48],"ascension_level":0}}