{"host":"5jyeqch4fosnsiz2","time":1612028408,"event":{"mods":["BaseMod","Bestiary","Colored Map","Colored Powertips","Filter the Spire","Minty Spire (QoL Compilation)","Relic Stats","StSLib","Waifu the Spire","ojb\u0027s Better Paths Mod","ojb\u0027s Info Mod"],"gold_per_floor":[113,38,38,57,57,92,23,59,137,212,235,235,253,291,291,414,414,433,451,366,387,406,439,439,460,487,487,507,507,507],"floor_reached":29,"language":"ENG","playtime":2772,"items_purged":["Defend_G"],"score":315,"play_id":"fa2aff63-615d-47be-868a-090c37be0c75","local_time":"20210130124008","is_ascension_mode":false,"campfire_choices":[{"floor":12,"key":"REST"},{"data":"Footwork","floor":15,"key":"SMITH"},{"data":"Venomology","floor":24,"key":"SMITH"}],"circlet_count":0,"master_deck":["Strike_G","Strike_G","Strike_G","Defend_G+1","Defend_G","Defend_G","Defend_G","Survivor+1","Neutralize+1","Dagger Throw","Setup+1","Terror","Leg Sweep","Flying Knee","Footwork+1","Poisoned Stab","Dagger Spray","Masterful Stab+1","Venomology+1","Deflect+1","Blade Dance","Underhanded Strike+1","Bane+1","Well Laid Plans","Backflip"],"relics":["Ring of the Snake","Golden Idol","Lantern","The Specimen","Kunai","Molten Egg 2","SacredBark","Orichalcum","Snake Skull","War Paint","Nilry\u0027s Codex"],"acts_visited":["Exordium","TheCity"],"potions_floor_usage":[14,14,14,19,19,21,22,23,25,25,28,28,29],"damage_taken":[{"damage":5,"enemies":"Jaw Worm","floor":1,"turns":6},{"damage":0,"enemies":"Small Slimes","floor":4,"turns":3},{"damage":13,"enemies":"Gremlin Nob","floor":6,"turns":5},{"damage":7,"enemies":"Lagavulin","floor":8,"turns":8},{"damage":0,"enemies":"2 Louse","floor":11,"turns":3},{"damage":0,"enemies":"2 Fungi Beasts","floor":13,"turns":4},{"damage":0,"enemies":"Gremlin Nob","floor":14,"turns":4},{"damage":7,"enemies":"The Guardian","floor":16,"turns":13},{"damage":16,"enemies":"2 Thieves","floor":18,"turns":5},{"damage":5,"enemies":"3 Byrds","floor":19,"turns":6},{"damage":12,"enemies":"Centurion and Healer","floor":21,"turns":4},{"damage":15,"enemies":"3 Cultists","floor":22,"turns":5},{"damage":1,"enemies":"Slavers","floor":23,"turns":5},{"damage":5,"enemies":"Shelled Parasite and Fungi","floor":25,"turns":7},{"damage":8,"enemies":"Centurion and Healer","floor":28,"turns":5},{"damage":9,"enemies":"Book of Stabbing","floor":29,"turns":3}],"seed_played":"-199582544438152298","potions_obtained":[{"floor":1,"key":"LiquidMemories"},{"floor":4,"key":"SpeedPotion"},{"floor":11,"key":"CunningPotion"},{"floor":13,"key":"PowerPotion"},{"floor":18,"key":"EntropicBrew"},{"floor":21,"key":"DuplicationPotion"},{"floor":22,"key":"Swift Potion"},{"floor":25,"key":"Swift Potion"}],"is_trial":false,"path_per_floor":["M","$","?","M","?","E","$","E","T","?","M","R","M","E","R","B",null,"M","M","?","M","M","E","R","M","T","?","M","E"],"character_chosen":"THE_SILENT","items_purchased":["Footwork"],"campfire_rested":1,"item_purchase_floors":[7],"current_hp_per_floor":[58,58,58,58,46,33,33,26,26,15,15,32,32,32,32,25,58,42,58,58,46,31,30,30,25,25,9,1,0,0],"gold":507,"neow_bonus":"TRANSFORM_TWO_CARDS","is_daily":false,"chose_seed":false,"campfire_upgraded":2,"win_rate":0.0,"timestamp":1612028408,"path_taken":["M","$","?","M","?","E","$","E","T","?","M","R","?","E","R","BOSS","M","M","?","M","M","E","R","M","T","?","M","E"],"items_purchased_type":["Card"],"build_version":"2020-12-22","purchased_purges":1,"victory":false,"max_hp_per_floor":[63,63,58,58,58,58,58,58,58,58,58,58,58,58,58,58,58,58,58,58,58,58,58,58,58,58,58,58,58,58],"relic_stats":{"counters":[16,86],"Golden Idol":91,"Snake Skull":[4],"Kunai":[29],"Orichalcum":[30],"War Paint":["Setup","Defend_G"],"obtain_stats":[{"Lantern":6,"The Specimen":8,"Golden Idol":3,"Nilry\u0027s Codex":27,"SacredBark":17,"Molten Egg 2":14,"Snake Skull":23,"Kunai":9,"Orichalcum":20,"War Paint":26,"Ring of the Snake":0},{"Lantern":3,"The Specimen":4,"Golden Idol":1,"Nilry\u0027s Codex":14,"SacredBark":8,"Molten Egg 2":7,"Snake Skull":13,"Kunai":4,"Orichalcum":10,"War Paint":14,"Ring of the Snake":0},{"Lantern":14,"The Specimen":22,"Golden Idol":6,"Nilry\u0027s Codex":78,"SacredBark":46,"Molten Egg 2":33,"Snake Skull":71,"Kunai":22,"Orichalcum":57,"War Paint":78,"Ring of the Snake":0}],"Ring of the Snake":[32]},"card_choices":[{"not_picked":["Poisoned Stab","Dagger Spray"],"picked":"Terror","floor":1},{"not_picked":["Dodge and Roll","Choke"],"picked":"Leg Sweep","floor":4},{"not_picked":["Quick Slash","Acrobatics"],"picked":"Flying Knee","floor":6},{"not_picked":["Dagger Throw","Dash"],"picked":"Poisoned Stab","floor":8},{"not_picked":["Escape Plan","Deadly Poison"],"picked":"Dagger Spray","floor":11},{"not_picked":["Flying Knee","Concentrate","Flechettes"],"picked":"SKIP","floor":13},{"not_picked":["Outmaneuver","Reflex"],"picked":"Masterful Stab+1","floor":14},{"not_picked":["Grand Finale+1","Storm of Steel"],"picked":"Venomology","floor":16},{"not_picked":["Prepared","Heel Hook+1"],"picked":"Deflect+1","floor":18},{"not_picked":["Choke+1","Prepared+1"],"picked":"Blade Dance","floor":19},{"not_picked":["Poisoned Stab+1","Deflect","Sucker Punch+1"],"picked":"SKIP","floor":21},{"not_picked":["Outmaneuver","Dagger Throw+1"],"picked":"Underhanded Strike+1","floor":22},{"not_picked":["Expertise+1","Masterful Stab+1"],"picked":"Bane+1","floor":23},{"not_picked":["Dagger Spray+1","Deflect+1"],"picked":"Well Laid Plans","floor":25},{"not_picked":["Infinite Blades","Accuracy"],"picked":"Backflip","floor":28}],"player_experience":338948,"relics_obtained":[{"floor":6,"key":"Lantern"},{"floor":8,"key":"The Specimen"},{"floor":9,"key":"Kunai"},{"floor":14,"key":"Molten Egg 2"},{"floor":23,"key":"Snake Skull"},{"floor":26,"key":"War Paint"},{"floor":27,"key":"Nilry\u0027s Codex"}],"event_choices":[{"damage_healed":0,"gold_gain":0,"player_choice":"Lose Max HP","damage_taken":0,"relics_obtained":["Golden Idol"],"max_hp_gain":0,"max_hp_loss":5,"event_name":"Golden Idol","floor":3,"gold_loss":0},{"damage_healed":0,"gold_gain":0,"player_choice":"Entered Light","damage_taken":12,"max_hp_gain":0,"max_hp_loss":0,"event_name":"Shining Light","floor":5,"gold_loss":0,"cards_upgraded":["Neutralize","Survivor"]},{"damage_healed":0,"gold_gain":75,"player_choice":"Gather Gold","damage_taken":11,"max_hp_gain":0,"max_hp_loss":0,"event_name":"World of Goop","floor":10,"gold_loss":0},{"damage_healed":0,"gold_gain":0,"player_choice":"Obtained Relic","damage_taken":0,"relics_obtained":["Orichalcum"],"max_hp_gain":0,"max_hp_loss":0,"event_name":"Addict","floor":20,"gold_loss":85},{"damage_healed":0,"gold_gain":0,"player_choice":"Obtained Book","damage_taken":16,"max_hp_gain":0,"max_hp_loss":0,"event_name":"Cursed Tome","floor":27,"gold_loss":0}],"is_beta":false,"boss_relics":[{"not_picked":["Cursed Key","Fusion Hammer"],"picked":"SacredBark"}],"items_purged_floors":[2],"is_endless":false,"potions_floor_spawned":[1,4,11,13,18,21,22,25],"killed_by":"Book of Stabbing","ascension_level":0}}