{"host":"2qyxu97h6u4ukicb","time":1612050610,"event":{"mods":["AchievementEnabler","BaseMod","BetterRewards","Colored Map","Colored Powertips","Minty Spire (QoL Compilation)","Replay The Spire","Shop Mod","StSLib"],"gold_per_floor":[115,115,129,143,154,154,166,179,179,189,201,201,476,492,492,595,595,609,23,23,23,23],"floor_reached":21,"language":"ENG","playtime":923,"items_purged":[],"score":175,"play_id":"f73d47a0-e071-4f49-88a8-a15dd399fd21","local_time":"20210130175010","is_ascension_mode":false,"campfire_choices":[{"data":"Eruption","floor":6,"key":"SMITH"},{"floor":12,"key":"REST"},{"floor":15,"key":"REST"}],"circlet_count":0,"master_deck":["Strike_P","Strike_P","Strike_P","Strike_P","Defend_P","Defend_P","Defend_P","Defend_P","Eruption+1","Vigilance","ReachHeaven","FlyingSleeves","Worship","Tantrum","SandsOfTime","BattleHymn","Alpha","PathToVictory","PathToVictory"],"relics":["PureWater","NeowsBlessing","SlaversCollar","Ancient Tea Set","Meat on the Bone","MerchantsRug"],"acts_visited":["Exordium","TheCity"],"potions_floor_usage":[8,8,10,16,16,18],"damage_taken":[{"damage":0,"enemies":"2 Louse","floor":1,"turns":1},{"damage":0,"enemies":"Cultist","floor":3,"turns":1},{"damage":0,"enemies":"Jaw Worm","floor":4,"turns":1},{"damage":1,"enemies":"2 Fungi Beasts","floor":5,"turns":3},{"damage":0,"enemies":"Large Slime","floor":7,"turns":3},{"damage":0,"enemies":"Red Slaver","floor":8,"turns":1},{"damage":35,"enemies":"Gremlin Gang","floor":10,"turns":5},{"damage":7,"enemies":"Blue Slaver","floor":11,"turns":3},{"damage":24,"enemies":"Exordium Thugs","floor":14,"turns":5},{"damage":20,"enemies":"Slime Boss","floor":16,"turns":4},{"damage":42,"enemies":"2 Thieves","floor":18,"turns":3},{"damage":32,"enemies":"Chosen","floor":21,"turns":4}],"seed_played":"-4607222005849129376","potions_obtained":[{"floor":1,"key":"DuplicationPotion"},{"floor":2,"key":"CultistPotion"},{"floor":2,"key":"SkillPotion"},{"floor":8,"key":"Reflective Coating"},{"floor":11,"key":"SteroidPotion"},{"floor":16,"key":"Fire Potion"}],"is_trial":false,"path_per_floor":["M","?","M","M","M","R","M","M","T","M","M","R","?","M","R","B",null,"M","$","?","M"],"character_chosen":"WATCHER","items_purchased":["Ancient Tea Set","Meat on the Bone","MerchantsRug","PathToVictory"],"campfire_rested":2,"item_purchase_floors":[19,19,19,19],"current_hp_per_floor":[72,72,72,72,71,71,71,71,71,36,29,50,50,26,47,27,72,30,30,30,0,0],"gold":23,"neow_bonus":"THREE_ENEMY_KILL","is_daily":false,"chose_seed":false,"campfire_upgraded":1,"win_rate":0.0,"timestamp":1612050610,"path_taken":["M","?","?","M","?","R","M","M","T","M","?","R","?","M","R","BOSS","M","?","?","M"],"items_purchased_type":["Relic","Relic","Relic","Card"],"build_version":"2020-12-22","purchased_purges":0,"victory":false,"max_hp_per_floor":[72,72,72,72,72,72,72,72,72,72,72,72,72,72,72,72,72,72,72,72,72,72],"card_choices":[{"not_picked":["DeceiveReality","EmptyMind"],"picked":"ReachHeaven","floor":1},{"not_picked":["Wallop","Crescendo","ClearTheMind"],"picked":"SKIP","floor":3},{"not_picked":["Meditate","Replay:BluntJabs"],"picked":"FlyingSleeves","floor":4},{"not_picked":["Nirvana","TalkToTheHand","EmptyBody"],"picked":"SKIP","floor":5},{"not_picked":["Protect","Replay:Battleflow","Replay:AtTheReady"],"picked":"SKIP","floor":7},{"not_picked":["Evaluate","Replay:AtTheReady"],"picked":"Worship","floor":8},{"not_picked":["Sanctity","FlyingSleeves"],"picked":"Tantrum","floor":10},{"not_picked":["EmptyBody","Sanctity"],"picked":"SandsOfTime","floor":11},{"not_picked":["ThirdEye","Nirvana"],"picked":"BattleHymn","floor":14},{"not_picked":["Brilliance","Vault"],"picked":"Alpha","floor":16},{"not_picked":["LikeWater","Replay:BluntJabs"],"picked":"PathToVictory","floor":18}],"player_experience":758956,"relics_obtained":[],"event_choices":[{"damage_healed":0,"gold_gain":0,"player_choice":"Got Potions","damage_taken":0,"max_hp_gain":0,"max_hp_loss":0,"event_name":"Lab","floor":2,"gold_loss":0},{"damage_healed":0,"gold_gain":275,"player_choice":"Desecrate","damage_taken":0,"max_hp_gain":0,"max_hp_loss":0,"event_name":"Golden Shrine","floor":13,"gold_loss":0,"cards_obtained":["Regret"]},{"cards_removed":["Regret"],"damage_healed":0,"gold_gain":0,"player_choice":"Removed Curses","damage_taken":0,"max_hp_gain":0,"max_hp_loss":0,"event_name":"Fountain of Cleansing","floor":20,"gold_loss":0}],"is_beta":false,"boss_relics":[{"not_picked":["Replay:Drink Me","Tiny House"],"picked":"SlaversCollar"}],"items_purged_floors":[],"is_endless":false,"potions_floor_spawned":[1,5,8,11,16],"killed_by":"Chosen","ascension_level":0}}