{"host":"5nrsd95zehlinljn","time":1612024033,"event":{"mods":["2.2 Compatiblity","BaseMod","Beaked The Cultist","Better Note","Friendly Minions","GifTheSpireLib","Mad Scientist","Minty Spire (QoL Compilation)","StS++","StSLib","The Clintock","The Construct","The Disciple","everything is the same but u backflip on backflip","thorton"],"gold_per_floor":[175,220,260,311,366,433,433,820,820,820,820,875,311,311,311,480,480,557,636,209,209,286,286,286,286,286,141,141,141,207,295,295,484,534,618,734,781,873,574,659,659,714,714,770,875,619,677,677,677,781],"floor_reached":51,"language":"ENG","playtime":21268,"items_purged":["Pain"],"score":1019,"play_id":"e8401da5-f75a-419c-99d7-e8029c4af430","local_time":"20210130162713","daily_mods":["SealedDeck","Heirloom"],"is_ascension_mode":false,"campfire_choices":[{"data":"thethorton:FeelNoBrain","floor":7.0,"key":"SMITH"},{"data":"thethorton:MomentaryBreak","floor":10.0,"key":"SMITH"},{"floor":15.0,"key":"REST"},{"data":"thethorton:GoldenPetal","floor":23.0,"key":"SMITH"},{"data":"thethorton:SellShort","floor":24.0,"key":"SMITH"},{"data":"thethorton:PowerUp","floor":25.0,"key":"SMITH"},{"data":"thethorton:ThickSkin","floor":28.0,"key":"SMITH"},{"data":"thethorton:BusinessBurst","floor":29.0,"key":"SMITH"},{"data":"thethorton:SnowDay","floor":32,"key":"SMITH"},{"data":"Flay","floor":41,"key":"SMITH"},{"data":"construct:Meltdown","floor":49,"key":"SMITH"}],"circlet_count":0,"master_deck":["thethorton:GoldBuffer","thethorton:StampSmack","thethorton:ThickSkin","thethorton:FearfulRun","thethorton:FearfulRun","thethorton:RichRun","thethorton:RichRun","thethorton:MomentaryBreak+1","thethorton:BusinessCard","thethorton:BusinessCard","thethorton:BusinessCard","thethorton:LongTermPayoff","thethorton:FeelNoBrain+1","thethorton:DualBap","thethorton:DualBap","thethorton:CoinShield","thethorton:PennyToss","thethorton:PocketChange","thethorton:PowerUp+1","thethorton:GoldenPetal+1","thethorton:ThickSkin+1","thethorton:MomentaryBreak","thethorton:EquivalentExchange","thethorton:PocketChange+1","thethorton:ThickSkin","thethorton:SellShort+1","thethorton:EquivalentExchange","Reaper","thethorton:BusinessCard","thethorton:PowerUp+1","thethorton:FeelNoBrain","thethorton:FeelNoBrain+1","construct:Meltdown+1","thethorton:BusinessBurst+1","thethorton:FeelNoBrain","thethorton:PowerUp+1","Metamorphosis","thethorton:BusinessCard","thethorton:PennyToss","Tools of the Trade","thethorton:SnowDay+1","thethorton:PowerUp+1","thethorton:Demotion","thethorton:PocketChange","thethorton:PocketChange+1","thethorton:SheetShred+1","thethorton:Octopus","thethorton:BusinessCard","Juggernaut","thethorton:BusinessCard+1","Flay+1","thethorton:OddChange","Electrodynamics","thethorton:BusinessBurst+1","clintock:SuspendAnimation","thethorton:BusinessCard+1","Seek","thethorton:BusinessCard","OldTimer","thethorton:BusinessBurst+1"],"relics":["Unceasing Top","thethorton:StoneOfSprinting","Prayer Wheel","Boot","StSpp:PetrifiedCaterpillar","Old Coin","Kunai","WarpedTongs","Medical Kit","Bag of Marbles","SlaversCollar","WingedGreaves","Lantern","Letter Opener","Question Card","Matryoshka","DollysMirror","Darkstone Periapt","Eternal Feather","StSpp:WoodenStick","Tiny House","Mercury Hourglass","TungstenRod","Incense Burner","Omamori","FossilizedHelix","construct:FoamFinger","Shovel","Orichalcum","Ancient Tea Set","InkBottle","Blue Candle","Calipers","Vajra","StSpp:Monolith","Happy Flower","Regal Pillow","Oddly Smooth Stone","thethorton:BankDeed"],"acts_visited":["TheCity","TheBeyond"],"potions_floor_usage":[33,35,36,38,44,44,47,47,50,50,50],"damage_taken":[{"damage":2.0,"enemies":"Small Slimes","floor":1.0,"turns":2.0},{"damage":3.0,"enemies":"Cultist","floor":2.0,"turns":4.0},{"damage":0.0,"enemies":"Jaw Worm","floor":3.0,"turns":3.0},{"damage":1.0,"enemies":"Blue Slaver","floor":4.0,"turns":5.0},{"damage":17.0,"enemies":"Gremlin Gang","floor":5.0,"turns":6.0},{"damage":16.0,"enemies":"Gremlin Nob","floor":6.0,"turns":5.0},{"damage":1.0,"enemies":"Lagavulin","floor":8.0,"turns":6.0},{"damage":9.0,"enemies":"Large Slime","floor":12.0,"turns":5.0},{"damage":2.0,"enemies":"Hexaghost","floor":16.0,"turns":10.0},{"damage":22.0,"enemies":"Spheric Guardian","floor":18.0,"turns":11.0},{"damage":14.0,"enemies":"3 Byrds","floor":19.0,"turns":9.0},{"damage":22.0,"enemies":"Cultist and Chosen","floor":22.0,"turns":14.0},{"damage":11,"enemies":"Snake Plant","floor":30,"turns":8},{"damage":1,"enemies":"Chosen and Byrds","floor":31,"turns":12},{"damage":4,"enemies":"Collector","floor":33,"turns":9},{"damage":2,"enemies":"3 Darklings","floor":35,"turns":8},{"damage":15,"enemies":"2 Orb Walkers","floor":36,"turns":8},{"damage":10,"enemies":"3 Shapes","floor":37,"turns":6},{"damage":22,"enemies":"Maw","floor":38,"turns":11},{"damage":0,"enemies":"Nemesis","floor":40,"turns":5},{"damage":9,"enemies":"Sphere and 2 Shapes","floor":42,"turns":5},{"damage":0,"enemies":"3 Darklings","floor":44,"turns":7},{"damage":0,"enemies":"Giant Head","floor":45,"turns":10},{"damage":0,"enemies":"Writhing Mass","floor":47,"turns":7},{"damage":0,"enemies":"Time Eater","floor":50,"turns":11}],"seed_played":"-2286472210607809803","potions_obtained":[{"floor":3.0,"key":"StSpp:ScatteredWeakPotion"},{"floor":4.0,"key":"LiquidBronze"},{"floor":5.0,"key":"Block Potion"},{"floor":8.0,"key":"StSpp:ScatteredWeakPotion"},{"floor":19.0,"key":"Fire Potion"},{"floor":31,"key":"Strength Potion"},{"floor":33,"key":"Swift Potion"},{"floor":34,"key":"StSpp:SecondWindPotion"},{"floor":36,"key":"Weak Potion"},{"floor":37,"key":"Fruit Juice"},{"floor":42,"key":"Weak Potion"}],"is_trial":true,"path_per_floor":["M","M","M","M","M","E","R","E","T","R","?","M","$","?","R","B",null,"M","M","$","?","M","R","R","R","T","$","R","R","M","M","R","B",null,"M","?","M","M","$","E","R","M","T","M","E","$","M","?","R","B",null],"character_chosen":"THE_THORT","items_purchased":["thethorton:MomentaryBreak","thethorton:EquivalentExchange","thethorton:PocketChange","Medical Kit","thethorton:ThickSkin","Lantern","Letter Opener","thethorton:FeelNoBrain","DollysMirror","construct:FoamFinger","thethorton:OddChange","Happy Flower","EntropicBrew"],"campfire_rested":1,"item_purchase_floors":[13,13,13,13,13,20,20,20,27,39,39,46,46],"current_hp_per_floor":[66,65,68,67,53,40,40,42,42,42,42,37,37,37,57,66,68,50,62,62,68,68,68,68,68,68,68,68,68,65,68,68,68,73,73,61,51,45,45,56,78,76,76,78,78,78,78,78,78,78],"gold":796,"neow_bonus":"","is_daily":false,"chose_seed":false,"campfire_upgraded":10,"win_rate":0.0,"timestamp":1612024033,"path_taken":["M","M","M","M","M","E","R","E","T","R","?","?","$","?","R","BOSS","M","M","$","?","?","R","R","R","T","$","R","R","M","M","R","BOSS","M","?","M","M","$","E","R","M","T","M","E","$","M","?","R","BOSS"],"items_purchased_type":["Card","Card","Card","Relic","Card","Relic","Relic","Card","Relic","Relic","Card","Relic","Potion"],"build_version":"2020-12-22","purchased_purges":1,"victory":true,"max_hp_per_floor":[68,68,68,68,68,68,68,68,68,68,68,68,68,68,68,68,68,68,68,68,68,68,68,68,68,68,68,68,68,68,68,68,68,73,73,73,73,78,78,78,78,78,78,78,78,78,78,78,78,78],"card_choices":[{"not_picked":["thethorton:AngerMoment","thethorton:Distance"],"picked":"thethorton:BusinessCard","floor":1.0},{"not_picked":["thethorton:BattleTrash","thethorton:LastDitchEffort"],"picked":"thethorton:LongTermPayoff","floor":2.0},{"not_picked":["thethorton:LongDaysWork","thethorton:DoubleRun"],"picked":"thethorton:FeelNoBrain","floor":3.0},{"not_picked":["thethorton:DownPayment","thethorton:ElbowSmash"],"picked":"thethorton:DualBap","floor":3.0},{"not_picked":["thethorton:LongTermPayoff","thethorton:WhirlingBriefcase"],"picked":"thethorton:PowerUp","floor":4.0},{"not_picked":["thethorton:PocketChange","thethorton:FearfulRun"],"picked":"thethorton:DualBap","floor":4.0},{"not_picked":["thethorton:GemGun","thethorton:DockPay"],"picked":"thethorton:CoinShield","floor":5.0},{"not_picked":["thethorton:PocketChange","thethorton:BookBash"],"picked":"thethorton:PennyToss","floor":5.0},{"not_picked":["thethorton:CashBash","thethorton:RunningFeint"],"picked":"thethorton:PocketChange","floor":6.0},{"not_picked":["thethorton:TakeAccounts","thethorton:RunningKick"],"picked":"thethorton:PowerUp","floor":8.0},{"not_picked":["thethorton:SicklyRun","thethorton:TakeAccounts"],"picked":"thethorton:GoldenPetal","floor":12.0},{"not_picked":["thethorton:DualBap","thethorton:FearfulRun"],"picked":"thethorton:ThickSkin","floor":12.0},{"not_picked":["thethorton:Fortune","thethorton:SummonProfit"],"picked":"thethorton:SellShort","floor":16.0},{"not_picked":["Limit Break","construct:ClockworkEgg"],"picked":"Reaper","floor":18.0},{"not_picked":["thethorton:AngerMoment+1","thethorton:DualBap","thethorton:LongTermPayoff"],"picked":"SKIP","floor":18.0},{"not_picked":["thethorton:AngerMoment","thethorton:TakeAccounts"],"picked":"thethorton:BusinessCard","floor":19.0},{"not_picked":["thethorton:LongTermPayoff","thethorton:DownPayment"],"picked":"thethorton:PowerUp+1","floor":19.0},{"not_picked":["construct:GoldenBullet","StSpp:Saturation","All For One"],"picked":"construct:Meltdown","floor":22.0},{"not_picked":["thethorton:BattleTrash+1","thethorton:RunningFeint","thethorton:FearfulRun"],"picked":"thethorton:BusinessBurst","floor":22.0},{"not_picked":["construct:SiegeForm","construct:BatteryCore","HandOfGreed"],"picked":"Metamorphosis","floor":30},{"not_picked":["thethorton:DualBap","thethorton:CashBash","thethorton:RunningKick+1"],"picked":"thethorton:BusinessCard","floor":30},{"not_picked":["MadScienceMod:Mechanize","thethorton:CompoundInterest","Secret Technique"],"picked":"Tools of the Trade","floor":31},{"not_picked":["thethorton:CannonShot","thethorton:ShoutAndRun","thethorton:DualBap+1"],"picked":"thethorton:SnowDay","floor":31},{"not_picked":["construct:Multistage","Tools of the Trade","MadScienceMod:Generator"],"picked":"thethorton:Demotion","floor":33},{"not_picked":["thethorton:ShoutAndRun","thethorton:SicklyRun","thethorton:DesperateRun"],"picked":"thethorton:PocketChange","floor":34},{"not_picked":["thethorton:DualBap","thethorton:Distance+1","thethorton:ShoutAndRun+1"],"picked":"thethorton:SheetShred+1","floor":35},{"not_picked":["thethorton:GemGun","thethorton:LongTermPayoff","thethorton:RunningKick"],"picked":"thethorton:Octopus","floor":35},{"not_picked":["Thunder Strike","MadScienceMod:Booster","DeusExMachina"],"picked":"Juggernaut","floor":37},{"not_picked":["thethorton:Hindsight","thethorton:AngerMoment+1","thethorton:ShoutAndRun","thethorton:CashBash"],"picked":"SKIP","floor":37},{"not_picked":["Magnetism","Demon Form","MadScienceMod:GlassCannon"],"picked":"Flay","floor":38},{"not_picked":["thethorton:ElbowSmash+1","thethorton:AngerMoment","thethorton:RichRun","thethorton:BattleTrash+1"],"picked":"SKIP","floor":38},{"not_picked":["Bullet Time","thethorton:CompoundInterest","HandOfGreed"],"picked":"Electrodynamics","floor":40},{"not_picked":["thethorton:DualBap+1","thethorton:FearfulRun+1","thethorton:DesperateRun"],"picked":"thethorton:BusinessBurst+1","floor":42},{"not_picked":["thethorton:FearfulRun","thethorton:DesperateRun","thethorton:AngerMoment+1","thethorton:Fish"],"picked":"SKIP","floor":42},{"not_picked":["thethorton:Siphon","thethorton:CrashingStocks","Burst"],"picked":"clintock:SuspendAnimation","floor":44},{"not_picked":["thethorton:OddChange+1","thethorton:Distance","thethorton:CashBash+1","thethorton:SnowDay+1"],"picked":"SKIP","floor":44},{"not_picked":["Seek","MadScienceMod:Postpone","Grand Finale"],"picked":"Seek","floor":45},{"not_picked":["LockedAstrolabe","Reboot","Creative AI"],"picked":"OldTimer","floor":47},{"not_picked":["thethorton:BookBash+1","thethorton:ElbowSmash","thethorton:HedgeFund","thethorton:ShoutAndRun+1"],"picked":"SKIP","floor":47}],"player_experience":3264203,"relics_obtained":[{"floor":6.0,"key":"StSpp:PetrifiedCaterpillar"},{"floor":8.0,"key":"Old Coin"},{"floor":9.0,"key":"Kunai"},{"floor":26.0,"key":"Matryoshka"},{"floor":36,"key":"Incense Burner"},{"floor":40,"key":"Orichalcum"},{"floor":43,"key":"Ancient Tea Set"},{"floor":43,"key":"InkBottle"},{"floor":45,"key":"StSpp:Monolith"}],"event_choices":[{"damage_healed":0.0,"max_hp_gain":0.0,"max_hp_loss":0.0,"gold_gain":0.0,"event_name":"Accursed Blacksmith","player_choice":"Rummage","floor":11.0,"gold_loss":0.0,"damage_taken":0.0,"relics_obtained":["WarpedTongs"],"cards_obtained":["Pain"]},{"damage_healed":0.0,"max_hp_gain":0.0,"max_hp_loss":0.0,"gold_gain":0.0,"event_name":"Shining Light","player_choice":"Ignored","floor":14.0,"gold_loss":0.0,"damage_taken":0.0},{"cards_removed":["thethorton:PowerUp"],"damage_healed":6.0,"max_hp_gain":0.0,"max_hp_loss":0.0,"gold_gain":0.0,"event_name":"Bonfire Elementals","player_choice":"Offered Uncommon","floor":21.0,"gold_loss":0.0,"damage_taken":0.0},{"damage_healed":0,"gold_gain":0,"player_choice":"Fight","damage_taken":0,"max_hp_gain":0,"max_hp_loss":0,"event_name":"Mysterious Sphere","floor":36,"gold_loss":0},{"damage_healed":0,"gold_gain":0,"player_choice":"Copied","damage_taken":0,"max_hp_gain":0,"max_hp_loss":0,"event_name":"Duplicator","floor":48,"gold_loss":0,"cards_obtained":["thethorton:BusinessBurst"]}],"is_beta":false,"boss_relics":[{"not_picked":["beaked:MawFillet","Coffee Dripper"],"picked":"SlaversCollar"},{"not_picked":["StSpp:FireArrow","Calling Bell"],"picked":"Tiny House"}],"items_purged_floors":[13],"is_endless":false,"potions_floor_spawned":[3,4,5,8,19,31,33,36,37,42],"ascension_level":0}}