{"host":"nxnzcl474ro3ewbj","time":1612042794,"event":{"mods":["2.2 Compatiblity","Act Like it!","BaseMod","Better Third Choice","Better-Laid Plans","Colored Map","Custom Start","Highlight Path","Keyboard Shortcuts","Minty Spire (QoL Compilation)","Quick Restart","Rare Cards Sparkle","Relic Stats","Shop Mod","Slay the Relics Exporter","StSLib","SuperFastMode"],"gold_per_floor":[115,134,153,170,227,227,256,266,266,266,266],"floor_reached":10,"language":"KOR","playtime":197,"items_purged":[],"score":126,"play_id":"2dd18294-ae85-46ba-9919-1dd9c3adc538","local_time":"20210131063954","is_ascension_mode":true,"campfire_choices":[{"data":"Whirlwind","floor":6.0,"key":"SMITH"}],"circlet_count":0,"master_deck":["AscendersBane","Strike_R","Strike_R","Strike_R","Strike_R","Strike_R","Defend_R","Defend_R+1","Defend_R","Defend_R+1","Bash+1","Sword Boomerang","Whirlwind+1","Disarm","True Grit","Flex"],"relics":["Burning Blood","War Paint","Pantograph"],"acts_visited":["Exordium"],"potions_floor_usage":[8,8],"damage_taken":[{"damage":12.0,"enemies":"Jaw Worm","floor":1.0,"turns":3.0},{"damage":2.0,"enemies":"2 Louse","floor":2.0,"turns":4.0},{"damage":7.0,"enemies":"Small Slimes","floor":3.0,"turns":3.0},{"damage":20.0,"enemies":"3 Louse","floor":4.0,"turns":2.0},{"damage":28.0,"enemies":"3 Sentries","floor":7.0,"turns":4.0},{"damage":0,"enemies":"Large Slime","floor":8,"turns":1},{"damage":42,"enemies":"Lagavulin","floor":10,"turns":8}],"seed_played":"-8923177564779557666","potions_obtained":[{"floor":2.0,"key":"BlessingOfTheForge"},{"floor":3.0,"key":"Swift Potion"},{"floor":7.0,"key":"FearPotion"}],"is_trial":false,"path_per_floor":["M","M","M","M","?","R","E","M","T","E"],"character_chosen":"IRONCLAD","items_purchased":[],"campfire_rested":0,"item_purchase_floors":[],"current_hp_per_floor":[62,66,65,51,51,51,29,35,35,0,0],"gold":266,"neow_bonus":"UPGRADE_CARD","is_daily":false,"chose_seed":false,"campfire_upgraded":1,"win_rate":0.0,"timestamp":1612042794,"path_taken":["M","M","M","M","?","R","E","M","T","E"],"items_purchased_type":[],"build_version":"2020-12-22","purchased_purges":0,"victory":false,"max_hp_per_floor":[75,75,75,75,75,75,75,75,75,75,75],"relic_stats":{"counters":[7,25],"Pantograph":0,"War Paint":["Defend_R","Defend_R"],"obtain_stats":[{"Pantograph":9,"War Paint":7,"Burning Blood":0},{"Pantograph":6,"War Paint":5,"Burning Blood":0},{"Pantograph":17,"War Paint":16,"Burning Blood":0}],"Burning Blood":36},"card_choices":[{"not_picked":["Warcry","Clothesline"],"picked":"Sword Boomerang","floor":1.0},{"not_picked":["Rampage","Cleave"],"picked":"Whirlwind","floor":2.0},{"not_picked":["Flame Barrier","Pummel"],"picked":"Disarm","floor":3.0},{"not_picked":["Pommel Strike","Twin Strike"],"picked":"True Grit","floor":4.0},{"not_picked":["Clash","True Grit"],"picked":"Flex","floor":7.0},{"not_picked":["Dual Wield","Armaments","Metallicize"],"picked":"SKIP","floor":8}],"player_experience":81317,"relics_obtained":[{"floor":7.0,"key":"War Paint"},{"floor":9,"key":"Pantograph"}],"event_choices":[{"damage_healed":0.0,"max_hp_gain":0.0,"max_hp_loss":0.0,"gold_gain":57.0,"event_name":"Golden Wing","player_choice":"Gained Gold","floor":5.0,"gold_loss":0.0,"damage_taken":0.0}],"is_beta":false,"boss_relics":[],"items_purged_floors":[],"is_endless":false,"potions_floor_spawned":[2,3,7],"killed_by":"Lagavulin","ascension_level":16}}