{"host":"xvgt0ylb0bh4kid5","time":1612002303,"event":{"mods":["AchievementEnabler","BaseMod","BetterRewards","Colored Map","Downfall","Duelist Mod","Highlight Path","Hubris","Hyrulean Relics","Infinite Spire","Marisa????????","Minty Spire (QoL Compilation)","Rare Cards Sparkle","Reorder Act Four","Replay The Spire","Shop Mod","StSLib","The Animator","The Bladedancer","The Cursed","The Forsaken","The Hierophant","The Jungle","The Necromancer","The Servant 0.9.4","Transform Curses"],"gold_per_floor":[116,116,131,131,131,164,183,183,183,183,195,210,292,320,320,422,422,441,441,441,476,575,575,592,602,602,602,602,613,442,460,460,587,587,637,737,737,805,876,876,946,1037,1037,1037,1138,1231,1231,915,915,915,915],"floor_reached":50,"language":"ENG","playtime":5952,"items_purged":["downfall:Bewildered"],"score":530,"play_id":"2e5ec9cf-679f-40ed-bd00-83447d9777b6","local_time":"20210130022503","is_ascension_mode":false,"campfire_choices":[{"floor":15,"key":"RECALL"},{"floor":23,"key":"REST"},{"floor":28,"key":"REST"},{"floor":32,"key":"REST"},{"floor":40,"key":"REST"},{"floor":44,"key":"REST"},{"floor":47,"key":"REST"},{"data":"hubris:InfiniteBlow","floor":49,"key":"SMITH"}],"circlet_count":0,"master_deck":["Strike_S","Strike_S","Strike_S","Strike_S","Defend_S","Defend_S","Defend_S","KidneyShot","Exchange","SilverBlades","Hightail","BestPractice","Luminosity","SoulSculpture","FanOfKnives+1","InstantArmor","FastForward","FlawlessForm","hubris:Envy","hierophant:ChurchCoffers","FlawlessForm","Madness","hubris:InfiniteBlow+1","hubris:Fate","Initiator","Hightail+1","InstantArmor","InstantArmor+1","Crow Ritual","MurderousAura"],"relics":["Uniform","Replay:PocketPolymizer","hubris:Icosahedron","infinitespire:Bottled Soul","infinitespire:BottledMercury","Velvet Choker","sneckomod:BabySnecko","Pantograph","Red Mask","infinitespire:Satchel","infinitespire:EvilPickle","ReplayTheSpireMod:SealedPack","Incense Burner","Replay:Bottled Steam","Happy Flower","Bag of Marbles","StoneCalendar","Membership Card"],"acts_visited":["Exordium","TheCity","TheBeyond"],"potions_floor_usage":[16,21,36,36,36,50],"damage_taken":[{"damage":3,"enemies":"Small Slimes","floor":1,"turns":4},{"damage":0,"enemies":"2 Louse","floor":3,"turns":4},{"damage":0,"enemies":"Gremlin Nob","floor":6,"turns":9},{"damage":5,"enemies":"Jaw Worm","floor":7,"turns":6},{"damage":0,"enemies":"Exordium Thugs","floor":11,"turns":5},{"damage":2,"enemies":"3 Louse","floor":12,"turns":8},{"damage":11,"enemies":"3 Sentries","floor":14,"turns":10},{"damage":18,"enemies":"Hexaghost","floor":16,"turns":12},{"damage":1,"enemies":"Chosen","floor":18,"turns":9},{"damage":69,"enemies":"Masked Bandits","floor":21,"turns":8},{"damage":0,"enemies":"Spheric Guardian","floor":24,"turns":4},{"damage":0,"enemies":"Centurion and Healer","floor":25,"turns":5},{"damage":9,"enemies":"Snake Plant","floor":29,"turns":2},{"damage":0,"enemies":"Chosen and Byrds","floor":31,"turns":5},{"damage":14,"enemies":"Pondfish","floor":33,"turns":10},{"damage":12,"enemies":"Orb Walker","floor":35,"turns":3},{"damage":23,"enemies":"infinitespire:Three Voidlings","floor":36,"turns":6},{"damage":28,"enemies":"Nightmare_Alpha","floor":36,"turns":20},{"damage":0,"enemies":"3 Shapes","floor":38,"turns":1},{"damage":0,"enemies":"Writhing Mass","floor":39,"turns":7},{"damage":0,"enemies":"Spire Growth","floor":41,"turns":5},{"damage":10,"enemies":"Nightmare","floor":45,"turns":14},{"damage":0,"enemies":"Maw","floor":46,"turns":7},{"damage":72,"enemies":"Awakened One","floor":50,"turns":5}],"seed_played":"6935889154143915255","potions_obtained":[{"floor":1,"key":"SteroidPotion"},{"floor":6,"key":"AttackPotion"},{"floor":7,"key":"sneckomod:MuddlingPotion"},{"floor":18,"key":"SkillPotion"},{"floor":21,"key":"Explosive Potion"},{"floor":36,"key":"champ:CounterPotion"},{"floor":39,"key":"LiquidBronze"},{"floor":45,"key":"SkillPotion"}],"is_trial":false,"path_per_floor":["M","?","M","$","?","E","M","?","T","?","M","M","T","E","R","B",null,"M","?","T","?","?","R","M","M","T","?","R","M","$","M","R","B",null,"M","?","AVR","M","M","R","M","?","T","R","NM","M","R","$","R","B"],"character_chosen":"THE_SERVANT","items_purchased":["Slimebound:ThreeZeroPotion","Membership Card","Crow Ritual","MurderousAura"],"campfire_rested":6,"item_purchase_floors":[30,48,48,48],"current_hp_per_floor":[68,68,68,68,68,68,63,63,63,63,63,61,61,50,50,32,71,70,70,70,1,1,22,22,22,22,22,43,34,34,34,55,57,71,59,24,24,24,24,45,45,28,28,49,54,54,71,71,71,0,0],"gold":915,"neow_bonus":"TEN_PERCENT_HP_BONUS","is_daily":false,"chose_seed":false,"campfire_upgraded":1,"win_rate":0.0,"timestamp":1612002303,"path_taken":["M","?","M","$","?","E","M","?","T","?","M","M","?","E","R","BOSS","M","?","?","?","?","R","M","M","T","?","R","M","$","M","R","BOSS","M","?","AVR","M","M","R","M","?","T","R","NM","M","R","$","R","BOSS"],"items_purchased_type":["Potion","Relic","Card","Card"],"build_version":"2020-12-22","purchased_purges":1,"victory":false,"max_hp_per_floor":[71,71,71,71,71,71,71,71,71,71,71,71,71,71,71,71,71,71,71,71,71,71,71,71,71,71,71,71,71,71,71,71,71,71,71,71,71,71,71,71,71,71,71,71,71,71,71,71,71,71,71],"card_choices":[{"not_picked":["DualDimension","ShiftingGears"],"picked":"SilverBlades","floor":1},{"not_picked":["Reset","Snipe"],"picked":"Hightail","floor":3},{"not_picked":["Replace","Unruled","Defy"],"picked":"SKIP","floor":6},{"not_picked":["Rearm","TimeWarp"],"picked":"Luminosity","floor":7},{"not_picked":["Shuttle","RealityMarble","BottledTime"],"picked":"SKIP","floor":11},{"not_picked":["Potential","ShatteredReality","Alleviate"],"picked":"SKIP","floor":12},{"not_picked":["Reset","Sunlight","DoubleEdge"],"picked":"SKIP","floor":14},{"not_picked":["Dilation","MurderousAura"],"picked":"SoulSculpture","floor":16},{"not_picked":["Alleviate+1","ShatteredReality","Shuttle"],"picked":"SKIP","floor":18},{"not_picked":["Potential+1","Alleviate"],"picked":"FanOfKnives+1","floor":21},{"not_picked":["WasteNot+1","DoubleEdge","Revamp+1"],"picked":"SKIP","floor":24},{"not_picked":["ShatteredReality","TimeWarp+1","Unruled"],"picked":"SKIP","floor":25},{"not_picked":["Potential","Starlight"],"picked":"InstantArmor","floor":29},{"not_picked":["Defy","Rearm","Unruled+1"],"picked":"SKIP","floor":31},{"not_picked":["Dilation","TheWorld"],"picked":"FlawlessForm","floor":33},{"not_picked":["KidneyShot","m_Survivalism"],"picked":"hierophant:ChurchCoffers","floor":34},{"not_picked":["Deny","Dilation"],"picked":"FlawlessForm","floor":34},{"not_picked":["Mind Blast","Blind"],"picked":"Madness","floor":34},{"not_picked":["infinitespire:Execution","hubris:Rewind"],"picked":"hubris:InfiniteBlow","floor":34},{"not_picked":["Revamp","ShiftingGears+1","BottledTime+1"],"picked":"SKIP","floor":35},{"not_picked":["infinitespire:NeuralNetwork","infinitespire:Menacing"],"picked":"hubris:Fate","floor":36},{"not_picked":["Unruled","Read"],"picked":"Initiator","floor":36},{"not_picked":["StarChef","ShatteredReality+1","Barrier+1"],"picked":"SKIP","floor":38},{"not_picked":["Defy+1","Revamp+1"],"picked":"Hightail+1","floor":39},{"not_picked":["Spin+1","ShiftingGears+1"],"picked":"InstantArmor","floor":41},{"not_picked":["Contraction+1","KillingDoll","Comet+1"],"picked":"SKIP","floor":45},{"not_picked":["Rewind","TimeWarp"],"picked":"InstantArmor+1","floor":46}],"player_experience":99600,"relics_obtained":[{"floor":6,"key":"Replay:PocketPolymizer"},{"floor":13,"key":"infinitespire:Bottled Soul"},{"floor":14,"key":"infinitespire:BottledMercury"},{"floor":20,"key":"Pantograph"},{"floor":21,"key":"Red Mask"},{"floor":26,"key":"infinitespire:Satchel"},{"floor":36,"key":"Incense Burner"},{"floor":42,"key":"Happy Flower"},{"floor":43,"key":"Bag of Marbles"},{"floor":45,"key":"StoneCalendar"}],"event_choices":[{"damage_healed":0,"gold_gain":0,"player_choice":"Leave","damage_taken":0,"max_hp_gain":0,"max_hp_loss":0,"event_name":"The Cleric","floor":2,"gold_loss":0},{"damage_healed":0,"gold_gain":0,"player_choice":"Ignored","damage_taken":0,"max_hp_gain":0,"max_hp_loss":0,"event_name":"Shining Light","floor":8,"gold_loss":0},{"damage_healed":0,"gold_gain":0,"player_choice":"Fought Bandits","damage_taken":0,"max_hp_gain":0,"max_hp_loss":0,"event_name":"Masked Bandits","floor":21,"gold_loss":0},{"damage_healed":0,"gold_gain":99,"player_choice":"Stole From Cult","damage_taken":0,"max_hp_gain":0,"max_hp_loss":0,"event_name":"Nest","floor":22,"gold_loss":0},{"damage_healed":0,"gold_gain":0,"player_choice":"Ignored","damage_taken":0,"max_hp_gain":0,"max_hp_loss":0,"event_name":"The Mausoleum","floor":27,"gold_loss":0}],"is_beta":false,"boss_relics":[{"not_picked":["Tiny House","Replay:Drink Me"],"picked":"Velvet Choker"},{"not_picked":["hubris:BlackHole","Runic Dome"],"picked":"ReplayTheSpireMod:SealedPack"}],"items_purged_floors":[30],"is_endless":true,"potions_floor_spawned":[1,6,7,14,18,21,33,36,36,39,45],"killed_by":"Awakened One","ascension_level":0}}