{"host":"q57ekfojy3i00x9o","time":1612015194,"event":{"mods":["Arknights The Spire","Aspiration","BaseMod","Colored Map","Energized Spire","Hermit","Minty Spire (QoL Compilation)","Quick Restart","Spicy Shops","Spikes Relics","StSLib","slay the spire mod where everything is the same but ironclad has a cowboy hat"],"gold_per_floor":[117,28,28,44,44,71,34,34,34,48,48,83,83,103,103,204,204,216,216,315,74,74,74,84,84,84,84,184,203,16,45,45,142,142,152,152,172,183,4,4,4],"floor_reached":40,"language":"RUS","playtime":924,"items_purged":["ats:Strike C","ats:Strike V"],"score":552,"play_id":"3ba295a3-2518-4a47-9b75-14d95d153d0d","local_time":"20210130185954","is_ascension_mode":true,"campfire_choices":[{"data":"ats:Flexible Camouflage","floor":8.0,"key":"SMITH"},{"data":"ats:Overload","floor":13.0,"key":"SMITH"},{"data":"ats:Sword Rain","floor":15.0,"key":"SMITH"},{"data":"ats:Durian","floor":23.0,"key":"SMITH"},{"data":"Thinking Ahead","floor":27.0,"key":"SMITH"},{"data":"1","floor":32.0,"key":"LIFT"}],"circlet_count":0,"master_deck":["ats:Strike G","ats:Strike S","ats:Armor Crushing Shot","ats:Defend","ats:Defend","ats:Defend+1","ats:Defend","ats:Emotion Absorption","ats:Sashimi Platter+1","ats:Consecutive Shot Auto+1","ats:Apocalypse","ats:Flexible Camouflage+1","ats:Apocalypse","ats:Serious Mode","ats:Overload+1","ats:Shell Defense","ats:Sword Rain+1","ats:Durian+1","ats:Closed Bolt Burst Fire","ats:Explosion Area Strengthen","Thinking Ahead+1","ats:Shadow Raid","ats:Explosion Area Strengthen","ats:Leaping Hammer","ats:Healing Strengthening","ats:Powerful Strike","ats:Disruption Kick","ats:Closed Bolt Burst Fire","ats:Revitalization+1","ats:Consecutive Shot Auto","ats:Song Of Battle","ats:Powerful Strike"],"relics":["ats:Sanity","NeowsBlessing","ats:Originium","FossilizedHelix","SnailShell","Ginger","energizedSpire:NeverEndingSparkler","aspiration:HatOfInfinitePower","MutagenicStrength","TungstenRod","Girya","ats:Military Tradition","Membership Card","Sundial","ats:Tactical Delivery","Regal Pillow"],"acts_visited":["Exordium","TheCity","TheBeyond"],"potions_floor_usage":[40],"damage_taken":[{"damage":0.0,"enemies":"Jaw Worm","floor":1.0,"turns":1.0},{"damage":0.0,"enemies":"Cultist","floor":4.0,"turns":1.0},{"damage":0.0,"enemies":"Lagavulin","floor":6.0,"turns":1.0},{"damage":0.0,"enemies":"2 Louse","floor":10.0,"turns":1.0},{"damage":0.0,"enemies":"Gremlin Nob","floor":12.0,"turns":3.0},{"damage":0.0,"enemies":"2 Fungi Beasts","floor":14.0,"turns":3.0},{"damage":65.0,"enemies":"Hexaghost","floor":16.0,"turns":11.0},{"damage":27.0,"enemies":"Shell Parasite","floor":18.0,"turns":4.0},{"damage":12.0,"enemies":"Spheric Guardian","floor":24.0,"turns":2.0},{"damage":13.0,"enemies":"Colosseum Slavers","floor":28.0,"turns":3.0},{"damage":13.0,"enemies":"Colosseum Nobs","floor":28.0,"turns":4.0},{"damage":0.0,"enemies":"Shelled Parasite and Fungi","floor":29.0,"turns":2.0},{"damage":24.0,"enemies":"Slavers","floor":31.0,"turns":4.0},{"damage":73.0,"enemies":"Automaton","floor":33.0,"turns":7.0},{"damage":10.0,"enemies":"3 Shapes","floor":35.0,"turns":2.0},{"damage":0.0,"enemies":"Orb Walker","floor":37.0,"turns":1.0},{"damage":0.0,"enemies":"3 Darklings","floor":38.0,"turns":3.0},{"damage":85,"enemies":"Reptomancer","floor":40,"turns":4}],"seed_played":"-1996720748150428616","potions_obtained":[{"floor":6.0,"key":"Block Potion"},{"floor":14.0,"key":"Dexterity Potion"},{"floor":18.0,"key":"Swift Potion"},{"floor":28.0,"key":"ColorlessPotion"},{"floor":33.0,"key":"Regen Potion"},{"floor":35.0,"key":"FearPotion"},{"floor":37.0,"key":"Fire Potion"},{"floor":38.0,"key":"BlessingOfTheForge"}],"is_trial":false,"path_per_floor":["M","$","?","M","$","E","$","R","T","M","?","E","R","M","R","B",null,"M","?","?","$","?","R","M","?","T","R","?","M","$","E","R","B",null,"M","?","M","M","$","E"],"character_chosen":"DOCTOR_CLASS","items_purchased":["ats:Consecutive Shot Auto","ats:Apocalypse","ats:Serious Mode","ats:Explosion Area Strengthen","Thinking Ahead","Membership Card","ats:Song Of Battle","Regal Pillow","ats:Powerful Strike"],"campfire_rested":0,"item_purchase_floors":[2,2,7,21,21,30,39,39,39],"current_hp_per_floor":[72,72,72,72,72,72,72,72,72,72,58,72,72,72,72,55,72,63,63,63,63,63,63,69,69,69,69,59,59,59,64,64,26,72,62,62,62,71,71,0,0],"gold":4,"neow_bonus":"THREE_ENEMY_KILL","is_daily":false,"chose_seed":false,"campfire_upgraded":5,"win_rate":0.0,"timestamp":1612015194,"path_taken":["M","$","?","M","$","E","$","R","T","?","?","E","R","M","R","BOSS","M","?","?","$","?","R","M","?","T","R","?","?","?","E","R","BOSS","M","?","M","M","$","E"],"items_purchased_type":["Card","Card","Card","Card","Card","Relic","Card","Relic","Card"],"build_version":"2020-12-22","purchased_purges":2,"victory":false,"max_hp_per_floor":[72,72,72,72,72,72,72,72,72,72,72,72,72,72,72,72,72,72,72,72,72,72,72,72,72,72,72,72,72,72,72,72,72,72,72,72,72,72,72,72,72],"card_choices":[{"not_picked":["ats:Ignite","ats:Guard Mode"],"picked":"ats:Sashimi Platter","floor":1.0},{"not_picked":["ats:Curse Doll","ats:Fractured Body"],"picked":"ats:Flexible Camouflage","floor":4.0},{"not_picked":["ats:Neurotoxin","ats:Nebulous Foxfire"],"picked":"ats:Apocalypse","floor":6.0},{"not_picked":["ats:Thorns","ats:Curse Doll"],"picked":"ats:Overload","floor":10.0},{"not_picked":["ats:Guard Mode","ats:Cat Scratch"],"picked":"ats:Shell Defense","floor":12.0},{"not_picked":["ats:Song Of Battle","ats:Thorns"],"picked":"ats:Sword Rain","floor":14.0},{"not_picked":["ats:Roar Of Ursus","ats:Shadow Assault"],"picked":"ats:Durian","floor":16.0},{"not_picked":["ats:Powerful Strike","ats:Flexible Camouflage"],"picked":"ats:Closed Bolt Burst Fire","floor":18.0},{"not_picked":["ats:Charging Defense+1","ats:Assault Order"],"picked":"ats:Shadow Raid","floor":24.0},{"not_picked":["ats:Charging Defense","ats:Guard Mode"],"picked":"ats:Leaping Hammer","floor":28.0},{"not_picked":["ats:Automatic Cover","ats:Blood Oath"],"picked":"ats:Healing Strengthening","floor":29.0},{"not_picked":["ats:Assault Order","ats:Closed Bolt Burst Fire"],"picked":"ats:Powerful Strike","floor":31.0},{"not_picked":["ats:Fractured Body","ats:Nebulous Foxfire"],"picked":"ats:Disruption Kick","floor":33.0},{"not_picked":["ats:Leaping Hammer","ats:Hook Shot+1"],"picked":"ats:Closed Bolt Burst Fire","floor":35.0},{"not_picked":["ats:Absolute Focus+1","ats:LN2 Cannon+1"],"picked":"ats:Revitalization+1","floor":37.0},{"not_picked":["ats:Revitalization","ats:Volcano"],"picked":"ats:Consecutive Shot Auto","floor":38.0}],"player_experience":738460,"relics_obtained":[{"floor":6.0,"key":"ats:Originium"},{"floor":6.0,"key":"FossilizedHelix"},{"floor":9.0,"key":"SnailShell"},{"floor":12.0,"key":"ats:Originium"},{"floor":12.0,"key":"Ginger"},{"floor":26.0,"key":"TungstenRod"},{"floor":28.0,"key":"Girya"},{"floor":28.0,"key":"ats:Military Tradition"},{"floor":31.0,"key":"ats:Originium"},{"floor":31.0,"key":"Sundial"}],"event_choices":[{"damage_healed":0.0,"max_hp_gain":0.0,"max_hp_loss":0.0,"gold_gain":0.0,"event_name":"Upgrade Shrine","player_choice":"Upgraded","floor":3.0,"gold_loss":0.0,"damage_taken":0.0,"cards_upgraded":["ats:Sashimi Platter"]},{"damage_healed":0.0,"max_hp_gain":0.0,"max_hp_loss":0.0,"gold_gain":0.0,"event_name":"Shining Light","player_choice":"Entered Light","floor":11.0,"gold_loss":0.0,"damage_taken":14.0,"cards_upgraded":["ats:Consecutive Shot Auto","ats:Defend"]},{"damage_healed":0.0,"max_hp_gain":0.0,"max_hp_loss":0.0,"gold_gain":0.0,"event_name":"The Mausoleum","player_choice":"Opened","floor":19.0,"gold_loss":0.0,"damage_taken":0.0,"relics_obtained":["aspiration:HatOfInfinitePower"]},{"damage_healed":0.0,"max_hp_gain":0.0,"max_hp_loss":0.0,"gold_gain":99.0,"event_name":"Nest","player_choice":"Stole From Cult","floor":20.0,"gold_loss":0.0,"damage_taken":0.0},{"damage_healed":0.0,"max_hp_gain":0.0,"max_hp_loss":0.0,"gold_gain":0.0,"event_name":"Drug Dealer","player_choice":"Inject Mutagens","floor":22.0,"gold_loss":0.0,"damage_taken":0.0,"relics_obtained":["MutagenicStrength"]},{"damage_healed":0.0,"max_hp_gain":0.0,"max_hp_loss":0.0,"gold_gain":0.0,"event_name":"The Library","player_choice":"Read","floor":25.0,"gold_loss":0.0,"damage_taken":0.0,"cards_obtained":["ats:Explosion Area Strengthen"]},{"damage_healed":0.0,"max_hp_gain":0.0,"max_hp_loss":0.0,"gold_gain":0.0,"event_name":"Colosseum","player_choice":"Fight","floor":28.0,"gold_loss":0.0,"damage_taken":0.0},{"damage_healed":0.0,"max_hp_gain":0.0,"max_hp_loss":0.0,"gold_gain":0.0,"event_name":"Colosseum","player_choice":"Fought Nobs","floor":28.0,"gold_loss":0.0,"damage_taken":0.0},{"damage_healed":0.0,"max_hp_gain":0.0,"max_hp_loss":0.0,"gold_gain":0.0,"event_name":"Tomb of Lord Red Mask","player_choice":"Ignored","floor":36.0,"gold_loss":0.0,"damage_taken":0.0}],"is_beta":false,"boss_relics":[{"not_picked":["energizedSpire:MagnifyingGlass","energizedSpire:CursedPentagram"],"picked":"energizedSpire:NeverEndingSparkler"},{"not_picked":["energizedSpire:SpiderWeb","Runic Pyramid"],"picked":"ats:Tactical Delivery"}],"items_purged_floors":[30,39],"is_endless":false,"potions_floor_spawned":[6,14,18,28,33,35,37,38],"killed_by":"Reptomancer","ascension_level":4}}