{"host":"vlqejv0notyktumz","time":1612035768,"event":{"mods":["AchievementEnabler","BaseMod","Colored Map","Colored Powertips","Downfall","Googly Eyes","Minty Spire (QoL Compilation)","StSLib"],"gold_per_floor":[19,19,19,19,32,64,64,76,156,174,184,184,200,200,200,303,303,323,343,115,115,115,148,160,160,160,187,187,199,199,213,213,318,318,335,88,107,117,117,117,129,4,4,34,34,34,46,72,72,72],"floor_reached":51,"language":"ENG","playtime":1643,"items_purged":["Strike_B","Defend_B","Defend_B"],"score":1090,"play_id":"033614a4-6d0e-45b0-b55b-5a1763159275","local_time":"20210130134248","is_ascension_mode":true,"campfire_choices":[{"floor":7,"key":"REST"},{"data":"Hologram","floor":12,"key":"SMITH"},{"floor":15,"key":"REST"},{"floor":25,"key":"REST"},{"data":"Reinforced Body","floor":28,"key":"SMITH"},{"data":"Seek","floor":30,"key":"SMITH"},{"floor":32,"key":"REST"},{"floor":40,"key":"REST"},{"data":"Defragment","floor":45,"key":"SMITH"},{"floor":49,"key":"REST"}],"circlet_count":0,"master_deck":["Defend_B","Zap","Gash","Conserve Battery","Gash","Hologram+1","Leap","Reinforced Body+1","Gash+1","Seek+1","Hologram+1","Hyperbeam+1","Electrodynamics","Leap+1","Defragment+1","Hologram+1","Parasite","Buffer"],"relics":["FrozenCore","Vajra","CaptainsWheel","Molten Egg 2","Ornamental Fan","Happy Flower","NlothsMask","Nunchaku","White Beast Statue","SacredBark","TheAbacus","Mercury Hourglass","Boot","CeramicFish"],"acts_visited":["Exordium","TheCity","TheBeyond"],"potions_floor_usage":[13,16,19,23,27,27,33,33,44,50,50],"damage_taken":[{"damage":13,"enemies":"Small Slimes","floor":1,"turns":4},{"damage":2,"enemies":"2 Louse","floor":5,"turns":3},{"damage":30,"enemies":"Lagavulin","floor":6,"turns":7},{"damage":0,"enemies":"Jaw Worm","floor":8,"turns":4},{"damage":0,"enemies":"Large Slime","floor":10,"turns":6},{"damage":0,"enemies":"Blue Slaver","floor":11,"turns":4},{"damage":6,"enemies":"Gremlin Gang","floor":13,"turns":6},{"damage":0,"enemies":"Slime Boss","floor":16,"turns":7},{"damage":1,"enemies":"Shell Parasite","floor":18,"turns":7},{"damage":0,"enemies":"Chosen","floor":19,"turns":6},{"damage":17,"enemies":"Gremlin Leader","floor":23,"turns":6},{"damage":20,"enemies":"Centurion and Healer","floor":24,"turns":5},{"damage":3,"enemies":"Slavers","floor":27,"turns":2},{"damage":1,"enemies":"Snecko","floor":29,"turns":6},{"damage":0,"enemies":"Snake Plant","floor":31,"turns":5},{"damage":55,"enemies":"Champ","floor":33,"turns":11},{"damage":9,"enemies":"3 Shapes","floor":35,"turns":3},{"damage":9,"enemies":"Orb Walker","floor":37,"turns":4},{"damage":23,"enemies":"Jaw Worm Horde","floor":38,"turns":4},{"damage":3,"enemies":"Spire Growth","floor":41,"turns":6},{"damage":63,"enemies":"Giant Head","floor":44,"turns":9},{"damage":5,"enemies":"Writhing Mass","floor":47,"turns":9},{"damage":53,"enemies":"Time Eater","floor":50,"turns":15}],"seed_played":"-5607166384007869225","potions_obtained":[{"floor":5,"key":"Swift Potion"},{"floor":10,"key":"champ:CounterPotion"},{"floor":13,"key":"EssenceOfSteel"},{"floor":16,"key":"LiquidMemories"},{"floor":19,"key":"Strength Potion"},{"floor":23,"key":"Swift Potion"},{"floor":24,"key":"sneckomod:MuddlingPotion"},{"floor":29,"key":"bronze:BurnAndBuffPotion"},{"floor":31,"key":"Regen Potion"},{"floor":33,"key":"FairyPotion"},{"floor":35,"key":"PotionOfCapacity"},{"floor":38,"key":"AttackPotion"},{"floor":44,"key":"Ancient Potion"},{"floor":47,"key":"SpeedPotion"}],"is_trial":false,"path_per_floor":["M","?","?","$","M","E","R","M","T","M","M","R","M","T","R","B",null,"M","M","$","?","?","E","M","R","T","E","R","M","R","M","R","B",null,"M","$","M","M","?","R","M","$","T","E","R","?","M","T","R","B",null],"character_chosen":"DEFECT","items_purchased":["Happy Flower","TheAbacus"],"campfire_rested":6,"item_purchase_floors":[20,36],"current_hp_per_floor":[55,55,48,48,46,16,38,38,38,38,38,38,32,32,54,54,70,69,69,69,69,69,52,32,54,54,51,51,50,50,50,72,31,64,55,55,46,23,23,45,42,42,42,45,45,45,40,40,62,9],"gold":72,"neow_bonus":"REMOVE_TWO","is_daily":false,"chose_seed":false,"campfire_upgraded":4,"win_rate":0.0,"timestamp":1612035768,"path_taken":["M","?","?","$","M","E","R","M","T","M","M","R","M","?","R","BOSS","M","M","$","?","?","E","M","R","T","E","R","?","R","M","R","BOSS","M","$","M","M","?","R","?","$","T","E","R","?","M","?","R","BOSS"],"items_purchased_type":["Relic","Relic"],"build_version":"2020-12-22","purchased_purges":3,"victory":true,"max_hp_per_floor":[75,75,75,75,75,75,75,75,75,75,75,75,75,75,75,75,75,75,75,75,75,75,75,75,75,75,75,75,75,75,75,75,75,75,75,75,75,75,75,75,75,75,75,75,75,75,75,75,75,75],"card_choices":[{"not_picked":["Rebound","Stack"],"picked":"Gash","floor":1},{"not_picked":["Loop","Lockon"],"picked":"Conserve Battery","floor":5},{"not_picked":["Heatsinks","Steam Power"],"picked":"Gash","floor":6},{"not_picked":["Cold Snap","Conserve Battery"],"picked":"Hologram","floor":8},{"not_picked":["Beam Cell+1","Streamline+1"],"picked":"Leap","floor":10},{"not_picked":["Loop","White Noise"],"picked":"Reinforced Body","floor":11},{"not_picked":["BootSequence","Skim"],"picked":"Gash+1","floor":13},{"not_picked":["Amplify","Rainbow"],"picked":"Seek","floor":16},{"not_picked":["Steam Power","Cold Snap+1","Go for the Eyes+1"],"picked":"SKIP","floor":18},{"not_picked":["Machine Learning","Undo+1"],"picked":"Hologram+1","floor":19},{"not_picked":["Loop","Steam","Go for the Eyes+1"],"picked":"SKIP","floor":23},{"not_picked":["Go for the Eyes+1","Redo","Sweeping Beam+1"],"picked":"SKIP","floor":24},{"not_picked":["Thunder Strike+1","Recycle"],"picked":"Leap+1","floor":27},{"not_picked":["Streamline+1","Stack+1","Compile Driver+1"],"picked":"SKIP","floor":29},{"not_picked":["Go for the Eyes+1","Hologram","Auto Shields"],"picked":"SKIP","floor":31},{"not_picked":["Ball Lightning+1","Consume"],"picked":"Defragment","floor":35},{"not_picked":["Ball Lightning+1","Capacitor+1"],"picked":"Hologram+1","floor":37},{"not_picked":["Streamline+1","Compile Driver+1","Coolheaded+1"],"picked":"SKIP","floor":38},{"not_picked":["Conserve Battery","Darkness","Go for the Eyes+1"],"picked":"SKIP","floor":41},{"not_picked":["Force Field+1","Sweeping Beam+1","Redo"],"picked":"SKIP","floor":44},{"not_picked":["Recycle","Cold Snap+1"],"picked":"Buffer","floor":47}],"player_experience":374898,"relics_obtained":[{"floor":6,"key":"CaptainsWheel"},{"floor":9,"key":"Molten Egg 2"},{"floor":14,"key":"Ornamental Fan"},{"floor":23,"key":"Nunchaku"},{"floor":27,"key":"White Beast Statue"},{"floor":43,"key":"Mercury Hourglass"},{"floor":44,"key":"Boot"},{"floor":48,"key":"CeramicFish"}],"event_choices":[{"damage_healed":0,"gold_gain":0,"cards_transformed":["Strike_B"],"player_choice":"Change","damage_taken":0,"max_hp_gain":0,"max_hp_loss":0,"event_name":"Living Wall","floor":2,"gold_loss":0,"cards_obtained":["Amplify"]},{"damage_healed":0,"gold_gain":0,"player_choice":"Success","damage_taken":7,"relics_obtained":["Vajra"],"max_hp_gain":0,"max_hp_loss":0,"event_name":"Scrap Ooze","floor":3,"gold_loss":0},{"damage_healed":0,"gold_gain":0,"cards_transformed":["Amplify","Defend_B"],"player_choice":"Became Test Subject","damage_taken":0,"max_hp_gain":0,"max_hp_loss":0,"event_name":"Drug Dealer","floor":21,"gold_loss":0,"cards_obtained":["Hyperbeam","Electrodynamics"]},{"damage_healed":0,"gold_gain":0,"player_choice":"Trade","damage_taken":0,"relics_obtained":["NlothsMask"],"max_hp_gain":0,"max_hp_loss":0,"event_name":"FaceTrader","floor":22,"gold_loss":0},{"damage_healed":0,"gold_gain":0,"player_choice":"0 cards matched","damage_taken":0,"max_hp_gain":0,"max_hp_loss":0,"event_name":"Match and Keep!","floor":39,"gold_loss":0,"cards_obtained":[]},{"cards_removed":["Dualcast"],"damage_healed":0,"gold_gain":0,"player_choice":"Removed Skill","damage_taken":0,"max_hp_gain":0,"max_hp_loss":0,"event_name":"Falling","floor":46,"gold_loss":0}],"is_beta":false,"boss_relics":[{"not_picked":["Pandora\u0027s Box","Calling Bell"],"picked":"FrozenCore"},{"not_picked":["Coffee Dripper","Philosopher\u0027s Stone"],"picked":"SacredBark"}],"items_purged_floors":[20,36,42],"is_endless":false,"potions_floor_spawned":[5,10,13,16,19,23,24,29,31,33,35,37,38,41,44,47],"ascension_level":9}}