{"host":"Zandorum","time":1612046154,"event":{"mods":["100% Spire Juice","2.2 Compatiblity","Act Like it!","Bard","BaseMod","Downfall","Hermit","Hubris","Jorbs\u0027s Wanderer Trilogy","Mimic Mod","Minty Spire (QoL Compilation)","Quick Restart","Rare Cards Sparkle","Reorder Act Four","Somnambulant","StSLib","The Cursed","The Disciple","The Hierophant","The Jungle","The Runesmith"],"gold_per_floor":[99,99,374,374,374,393,419,438,438,458,458,471,49,69,82,82,82,82],"floor_reached":16,"language":"ENG","playtime":499,"items_purged":["Regret"],"score":92,"play_id":"351d452a-0c8e-45f8-b25a-019d7f6a8944","local_time":"20210130143554","is_ascension_mode":false,"campfire_choices":[{"data":"Slimebound:CorrosiveSpit","floor":1,"key":"SMITH"},{"floor":11,"key":"REST"}],"circlet_count":0,"master_deck":["Slimebound:Strike_Slimebound","Slimebound:Strike_Slimebound","Slimebound:Strike_Slimebound","Slimebound:Tackle","Slimebound:Defend_Slimebound","Slimebound:Defend_Slimebound","Slimebound:Defend_Slimebound","Slimebound:Defend_Slimebound","Slimebound:Split+1","Slimebound:CorrosiveSpit+1","Slimebound:LeechingTouch","Slimebound:LeechEnergy","Slimebound:HauntingLick","Slimebound:LeechEnergy","Slimebound:ViciousTackle","Slimebound:RejuvenatingLick","Slimebound:HauntingLick","Slimebound:Schlurp"],"relics":["Slimebound:AbsorbEndCombat","downfall:HeartsMalice","Bag of Marbles","Tiny Chest","Bronze Scales"],"acts_visited":["Exordium"],"potions_floor_usage":[8,13,13,15,16],"damage_taken":[{"damage":0,"enemies":"Jaw Worm","floor":2,"turns":1},{"damage":0,"enemies":"Cultist","floor":4,"turns":1},{"damage":0,"enemies":"2 Louse","floor":5,"turns":1},{"damage":25,"enemies":"Exordium Thugs","floor":6,"turns":5},{"damage":30,"enemies":"Large Slime","floor":8,"turns":6},{"damage":19,"enemies":"Blue Slaver","floor":10,"turns":3},{"damage":17,"enemies":"Lots of Slimes","floor":12,"turns":4},{"damage":19,"enemies":"downfall:FleeingMerchant","floor":13,"turns":4},{"damage":4,"enemies":"2 Fungi Beasts","floor":14,"turns":2},{"damage":3,"enemies":"3 Louse","floor":15,"turns":1},{"damage":5,"enemies":"SI_SHIV_ARCHETYPE","floor":16,"turns":3}],"seed_played":"-605173192482224000","potions_obtained":[{"floor":6,"key":"Regen Potion"},{"floor":10,"key":"Slimebound:SlimyTonguePotion"},{"floor":12,"key":"SteroidPotion"},{"floor":14,"key":"Explosive Potion"},{"floor":15,"key":"CultistPotion"}],"is_trial":false,"path_per_floor":["R","M","?","M","M","M","T","M","?","M","R","M","$","M","M","B"],"character_chosen":"SLIMEBOUND","items_purchased":["Tiny Chest","Bronze Scales","Slimebound:RejuvenatingLick"],"campfire_rested":1,"item_purchase_floors":[13,13,13],"current_hp_per_floor":[65,65,65,65,65,42,42,30,30,13,32,19,6,4,1,0,0,0],"gold":82,"neow_bonus":"THREE_ENEMY_KILL","is_daily":false,"chose_seed":false,"campfire_upgraded":1,"win_rate":0.0,"timestamp":1612046154,"path_taken":["R","M","?","M","M","M","T","?","?","M","R","M","$","M","M","BOSS"],"items_purchased_type":["Relic","Relic","Card"],"build_version":"2020-12-18","purchased_purges":1,"victory":false,"max_hp_per_floor":[65,65,65,65,65,65,65,65,65,65,65,65,65,65,65,65,65,65],"card_choices":[{"not_picked":["Slimebound:DisruptingSlam","Slimebound:LeechEnergy"],"picked":"Slimebound:LeechingTouch","floor":2},{"not_picked":["Slimebound:SlimeSpikes","Slimebound:MassRepurpose","Slimebound:ForwardTackle"],"picked":"SKIP","floor":4},{"not_picked":["Slimebound:FinishingTackle","Slimebound:GrowthPunch"],"picked":"Slimebound:LeechEnergy","floor":5},{"not_picked":["Slimebound:TongueLash","Slimebound:SlimeTap","Slimebound:PressTheAttack"],"picked":"SKIP","floor":6},{"not_picked":["Slimebound:Repurpose","Slimebound:PressTheAttack","Slimebound:SlimeBrawl"],"picked":"SKIP","floor":8},{"not_picked":["Slimebound:RollThrough","Slimebound:LeadByExample"],"picked":"Slimebound:HauntingLick","floor":10},{"not_picked":["Slimebound:GrowthPunch","Slimebound:SlimeBarrage"],"picked":"Slimebound:LeechEnergy","floor":12},{"not_picked":["Slimebound:SplitLeeching","Slimebound:Grow"],"picked":"Slimebound:ViciousTackle","floor":13},{"not_picked":["Slimebound:LeechEnergy","Slimebound:SplitAcid"],"picked":"Slimebound:HauntingLick","floor":14},{"not_picked":["Slimebound:LeechEnergy","Slimebound:SlimeSpikes"],"picked":"Slimebound:Schlurp","floor":15}],"player_experience":168522,"relics_obtained":[{"floor":7,"key":"Bag of Marbles"}],"event_choices":[],"is_beta":true,"boss_relics":[],"items_purged_floors":[13],"is_endless":false,"potions_floor_spawned":[6,10,12,14,15],"killed_by":"SI_SHIV_ARCHETYPE","ascension_level":0}}