{"host":"f0gpob8hq9vgebej","time":1612012562,"event":{"mods":["AchievementEnabler","BaseMod","Minty Spire (QoL Compilation)","Quick Restart","SuperFastMode"],"gold_per_floor":[118,137,154,169,187,187,200,200,200,171,184,184,184,71,71,71,71],"floor_reached":16,"language":"KOR","playtime":356,"items_purged":["Strike_B"],"score":146,"play_id":"cd581c48-d432-4b56-96ee-1c54409dc2ce","local_time":"20210130221602","is_ascension_mode":true,"campfire_choices":[{"data":"Storm","floor":6.0,"key":"SMITH"},{"data":"Zap","floor":8.0,"key":"SMITH"},{"data":"Compile Driver","floor":12.0,"key":"SMITH"},{"data":"White Noise","floor":15.0,"key":"SMITH"}],"circlet_count":0,"master_deck":["AscendersBane","Strike_B","Strike_B","Strike_B","Defend_B","Defend_B","Defend_B","Defend_B","Zap+1","Dualcast","Reboot","Turbo","Compile Driver+1","Storm+1","BootSequence","Parasite","White Noise+1"],"relics":["Cracked Core","Meat on the Bone"],"acts_visited":["Exordium"],"potions_floor_usage":[],"damage_taken":[{"damage":1.0,"enemies":"Cultist","floor":1.0,"turns":3.0},{"damage":7.0,"enemies":"Jaw Worm","floor":2.0,"turns":2.0},{"damage":4.0,"enemies":"2 Louse","floor":3.0,"turns":3.0},{"damage":11.0,"enemies":"Looter","floor":4.0,"turns":4.0},{"damage":8.0,"enemies":"3 Louse","floor":5.0,"turns":3.0},{"damage":26.0,"enemies":"Lots of Slimes","floor":7.0,"turns":5.0},{"damage":6.0,"enemies":"Looter","floor":11.0,"turns":2.0},{"damage":0,"enemies":"Slime Boss","floor":16,"turns":1}],"seed_played":"7070640944131858781","potions_obtained":[{"floor":1.0,"key":"DistilledChaos"},{"floor":7.0,"key":"SpeedPotion"},{"floor":11.0,"key":"DuplicationPotion"}],"is_trial":false,"path_per_floor":["M","M","M","M","M","R","M","R","T","?","M","R","?","$","R","B"],"character_chosen":"DEFECT","items_purchased":["White Noise"],"campfire_rested":0,"item_purchase_floors":[14],"current_hp_per_floor":[67,60,56,45,37,37,11,11,11,11,17,17,35,35,35,35,35],"gold":71,"neow_bonus":"ONE_RANDOM_RARE_CARD","is_daily":false,"chose_seed":false,"campfire_upgraded":4,"win_rate":0.0,"timestamp":1612012562,"path_taken":["M","M","?","M","M","R","M","R","T","?","M","R","?","$","R","BOSS"],"items_purchased_type":["Card"],"build_version":"2020-12-22","purchased_purges":1,"victory":false,"max_hp_per_floor":[75,75,75,75,75,75,75,75,75,75,75,75,75,75,75,75,75],"card_choices":[{"not_picked":["Sunder","Streamline"],"picked":"Turbo","floor":1.0},{"not_picked":["Gash","Reinforced Body","Streamline"],"picked":"SKIP","floor":2.0},{"not_picked":["Rebound","FTL","Redo"],"picked":"SKIP","floor":3.0},{"not_picked":["Redo","Stack"],"picked":"Compile Driver","floor":4.0},{"not_picked":["Hello World","Recycle"],"picked":"Storm","floor":5.0},{"not_picked":["Gash","Stack","Scrape"],"picked":"SKIP","floor":7.0},{"not_picked":["Chill","Chaos"],"picked":"BootSequence","floor":11.0}],"player_experience":291098,"relics_obtained":[{"floor":9.0,"key":"Meat on the Bone"}],"event_choices":[{"damage_healed":0.0,"max_hp_gain":0.0,"max_hp_loss":0.0,"gold_gain":0.0,"event_name":"World of Goop","player_choice":"Left Gold","floor":10.0,"gold_loss":29.0,"damage_taken":0.0},{"damage_healed":18.0,"max_hp_gain":0.0,"max_hp_loss":0.0,"gold_gain":0.0,"event_name":"Mushrooms","player_choice":"Healed and dodged fight","floor":13.0,"gold_loss":0.0,"damage_taken":0.0,"cards_obtained":["Parasite"]}],"is_beta":false,"boss_relics":[],"items_purged_floors":[14],"is_endless":false,"potions_floor_spawned":[1,7,11],"killed_by":"Slime Boss","ascension_level":11}}