{"host":"o7j6aatxjwpw1421","time":1612014294,"event":{"mods":["2.2 Compatiblity","AchievementEnabler","BaseMod","Colored Map","DeckTracker","Highlight Path","Keyboard Shortcuts","Minty Spire (QoL Compilation)","Permanent Neow","Quick Restart","StSLib","SuperFastMode","everything is the same but u backflip on backflip"],"gold_per_floor":[116,132,232,250,264,264,295,306,359,371,388,413,413,429,429,429,429],"floor_reached":16,"language":"KOR","playtime":284,"items_purged":[],"score":116,"play_id":"3c73f331-a782-40d8-b9af-dc763b2a93c4","local_time":"20210130224454","is_ascension_mode":false,"campfire_choices":[{"data":"Immolate","floor":6,"key":"SMITH"},{"floor":13,"key":"REST"},{"data":"Body Slam","floor":15,"key":"SMITH"}],"circlet_count":0,"master_deck":["Strike_R","Strike_R","Strike_R","Strike_R","Strike_R","Defend_R","Defend_R","Defend_R","Defend_R","Bash","Immolate+1","Sword Boomerang","Fire Breathing","Second Wind","Body Slam+1"],"relics":["Burning Blood","Pocketwatch","Red Skull","HornCleat"],"acts_visited":["Exordium"],"potions_floor_usage":[12,16],"damage_taken":[{"damage":8,"enemies":"Jaw Worm","floor":1,"turns":4},{"damage":6,"enemies":"Cultist","floor":2,"turns":3},{"damage":3,"enemies":"Small Slimes","floor":4,"turns":3},{"damage":1,"enemies":"3 Louse","floor":5,"turns":2},{"damage":38,"enemies":"Lagavulin","floor":7,"turns":5},{"damage":12,"enemies":"Exordium Thugs","floor":8,"turns":2},{"damage":10,"enemies":"Looter","floor":10,"turns":2},{"damage":16,"enemies":"Exordium Wildlife","floor":11,"turns":2},{"damage":13,"enemies":"3 Sentries","floor":12,"turns":3},{"damage":0,"enemies":"3 Louse","floor":14,"turns":2},{"damage":44,"enemies":"The Guardian","floor":16,"turns":8}],"seed_played":"7326917953147219326","potions_obtained":[{"floor":5,"key":"DuplicationPotion"},{"floor":7,"key":"DuplicationPotion"},{"floor":8,"key":"EssenceOfSteel"},{"floor":10,"key":"SteroidPotion"},{"floor":12,"key":"SkillPotion"}],"is_trial":false,"path_per_floor":["M","M","?","M","M","R","E","M","T","M","M","E","R","M","R","B"],"character_chosen":"IRONCLAD","items_purchased":[],"campfire_rested":1,"item_purchase_floors":[],"current_hp_per_floor":[70,70,70,72,72,72,40,34,34,30,20,13,34,40,40,0,0],"gold":429,"neow_bonus":"THREE_RARE_CARDS","is_daily":false,"chose_seed":false,"campfire_upgraded":2,"win_rate":0.0,"timestamp":1612014294,"path_taken":["M","M","?","M","M","R","E","M","T","?","?","E","R","M","R","BOSS"],"items_purchased_type":[],"build_version":"2020-12-22","purchased_purges":0,"victory":false,"max_hp_per_floor":[72,72,72,72,72,72,72,72,72,72,72,72,72,72,72,72,72],"card_choices":[{"not_picked":["Juggernaut","Berserk"],"picked":"Immolate","floor":0},{"not_picked":["Anger","Twin Strike"],"picked":"Sword Boomerang","floor":1},{"not_picked":["Dropkick","Anger","Infernal Blade"],"picked":"SKIP","floor":2},{"not_picked":["Cleave","Anger"],"picked":"Fire Breathing","floor":4},{"not_picked":["Spot Weakness","Headbutt","Rampage"],"picked":"SKIP","floor":5},{"not_picked":["Havoc","Immolate"],"picked":"Second Wind","floor":7},{"not_picked":["Pommel Strike","Sentinel"],"picked":"Body Slam","floor":8},{"not_picked":["Metallicize","Headbutt","Clash"],"picked":"SKIP","floor":10},{"not_picked":["Sword Boomerang","Rage","Heavy Blade"],"picked":"SKIP","floor":11},{"not_picked":["Intimidate","True Grit","Heavy Blade"],"picked":"SKIP","floor":12},{"not_picked":["Iron Wave","Reaper","Rage"],"picked":"SKIP","floor":14}],"player_experience":650648,"relics_obtained":[{"floor":7,"key":"Pocketwatch"},{"floor":9,"key":"Red Skull"},{"floor":12,"key":"HornCleat"}],"event_choices":[{"damage_healed":0,"gold_gain":100,"player_choice":"Pray","damage_taken":0,"max_hp_gain":0,"max_hp_loss":0,"event_name":"Golden Shrine","floor":3,"gold_loss":0}],"is_beta":false,"boss_relics":[],"items_purged_floors":[],"is_endless":false,"potions_floor_spawned":[5,7,8,10,12,14],"killed_by":"The Guardian","ascension_level":0}}