{"host":"zksvs3x2ysy9npnz","time":1612014610,"event":{"mods":["Aspiration","BaseMod","Beaked The Cultist","BetterRewards","Clockwork Mod","Colored Map","Conspire","Downfall","Duelist Mod","Halation","Highlight Path","Hubris","Infinite Spire","Jedi Mod","Magitek Elite","Minty Spire (QoL Compilation)","Permanent Neow","Quick Restart","Relic Stats","Shop Mod","StSLib","The Runesmith","The Witch"],"gold_per_floor":[114,114,130,130,130,130,160,180,180,180,180,105,121,21,21,118,118,132,149,168,43,43,43,68,68,119,133,133,133,133,133,133,235,235,250,250,250,270,286,286,311,311,311,311,311,345,360,410,410,410,410,410,18,46,46],"floor_reached":56,"language":"FRA","playtime":2852,"items_purged":["Strike_L","Strike_L","Strike_L","Strike_L","Cure"],"score":2065,"play_id":"ce04119b-64bd-4e40-a942-b8a6a887140f","local_time":"20210130145010","is_ascension_mode":true,"campfire_choices":[{"floor":6.0,"key":"REST"},{"data":"Osmosis","floor":11.0,"key":"SMITH"},{"data":"Osmosis","floor":11.0,"key":"SMITH"},{"data":"Bravery","floor":15,"key":"SMITH"},{"data":"Rasp","floor":15,"key":"SMITH"},{"data":"Blizzard_P","floor":23,"key":"SMITH"},{"data":"Blizzard_P","floor":23,"key":"SMITH"},{"data":"Stop","floor":28,"key":"SMITH"},{"data":"Blizzard_P","floor":28,"key":"SMITH"},{"data":"Blizzard_P","floor":32,"key":"SMITH"},{"data":"infinitespire:Collect","floor":32,"key":"SMITH"},{"floor":36,"key":"RECALL"},{"data":"Ultima","floor":40,"key":"SMITH"},{"data":"Shell","floor":40,"key":"SMITH"},{"data":"Fire2","floor":42,"key":"SMITH"},{"data":"Fire2","floor":42,"key":"SMITH"},{"data":"infinitespire:SevenWalls+1","floor":44,"key":"SMITH"},{"data":"infinitespire:SevenWalls+2","floor":44,"key":"SMITH"},{"data":"infinitespire:SevenWalls+3","floor":49,"key":"SMITH"},{"data":"infinitespire:SevenWalls+4","floor":49,"key":"SMITH"},{"data":"infinitespire:SevenWalls+5","floor":52,"key":"SMITH"},{"data":"infinitespire:SevenWalls+6","floor":52,"key":"SMITH"}],"circlet_count":0,"master_deck":["AscendersBane","Defend_L","Defend_L","Defend_L","Defend_L","Fire2+2","jedi:forcepush","Blizzard_P+2","Blizzard_P+2","Rasp+1","infinitespire:SevenWalls+7","Osmosis+1","Osmosis+1","Bravery+1","Drain","Shell+1","Magus_Robe","Stop+1","infinitespire:Collect+1","Ultima+1","Blood_Hilt+1","Force_Armor+1","Dispel+1","Minerva_Bustier+1"],"relics":["Pendant","Oddly Smooth Stone","halation:PenCase","Golden_Hairpin","halation:EternalFortune","conspire:BottledYoYo","InkBottle","jedi:arcanewood","MutagenicStrength","Genji_Glove","Philosopher\u0027s Stone","hubris:Towel","Toxic Egg 2","conspire:InfiniteJournal","Mummified Hand","Ribbon","hubris:MysteriousPyramids","Turnip"],"acts_visited":["Exordium","TheCity","TheBeyond","TheEnding"],"potions_floor_usage":[55],"damage_taken":[{"damage":8.0,"enemies":"2 Louse","floor":1.0,"turns":4.0},{"damage":3.0,"enemies":"Cultist","floor":3.0,"turns":5.0},{"damage":15.0,"enemies":"Gremlin Nob","floor":7.0,"turns":7.0},{"damage":3.0,"enemies":"Small Slimes","floor":8.0,"turns":4.0},{"damage":2,"enemies":"Exordium Thugs","floor":13,"turns":5},{"damage":6,"enemies":"Hexaghost","floor":16,"turns":7},{"damage":0,"enemies":"3 Byrds","floor":18,"turns":2},{"damage":3,"enemies":"Shell Parasite","floor":19,"turns":5},{"damage":0,"enemies":"Centurion and Healer","floor":20,"turns":9},{"damage":0,"enemies":"theDuelist:KaibaA2","floor":24,"turns":6},{"damage":0,"enemies":"Snake Plant","floor":27,"turns":4},{"damage":0,"enemies":"hubris:MusketHawk","floor":33,"turns":8},{"damage":0,"enemies":"3 Darklings","floor":35,"turns":3},{"damage":0,"enemies":"Orb Walker","floor":38,"turns":2},{"damage":0,"enemies":"Jaw Worm Horde","floor":39,"turns":3},{"damage":0,"enemies":"Giant Head","floor":41,"turns":10},{"damage":0,"enemies":"Nightmare","floor":46,"turns":8},{"damage":0,"enemies":"Writhing Mass","floor":47,"turns":4},{"damage":0,"enemies":"Mind Bloom Boss Battle","floor":48,"turns":6},{"damage":0,"enemies":"infinitespire:MassOfShapes","floor":50,"turns":10},{"damage":0,"enemies":"Shield and Spear","floor":54,"turns":6},{"damage":3,"enemies":"The Heart","floor":55,"turns":7}],"seed_played":"-6181084933942744731","potions_obtained":[{"floor":3.0,"key":"Swift Potion"},{"floor":8.0,"key":"AttackPotion"}],"is_trial":false,"path_per_floor":["M","?","M","?","?","R","E","M","T","?","R","$","M","$","R","B",null,"M","M","M","$","?","R","E","T","T","M","R","?","AVR","?","R","B",null,"M","R","?","M","M","R","E","R","T","R","?","NM","M","?","R","B",null,"R","$","E","B",null],"character_chosen":"MAGITEKELITE","items_purchased":["hubris:MysteriousPyramids"],"campfire_rested":1,"item_purchase_floors":[53],"current_hp_per_floor":[55,55,52,36,36,54,39,42,42,42,42,42,46,46,46,46,59,59,62,63,63,66,66,69,69,69,69,69,69,69,69,69,69,69,69,69,69,69,69,69,69,69,69,69,69,69,69,69,69,69,69,69,69,69,69],"gold":46,"neow_bonus":"RANDOM_COLORLESS","is_daily":false,"chose_seed":false,"campfire_upgraded":20,"win_rate":0.0,"timestamp":1612014610,"path_taken":["M","?","?","?","?","R","E","M","T","?","R","$","M","$","R","BOSS","M","M","M","$","?","R","E","?","T","M","R","?","AVR","?","R","BOSS","M","?","?","M","?","R","E","R","T","R","?","NM","M","?","R","BOSS","R","$","E","BOSS"],"items_purchased_type":["Relic"],"build_version":"2020-12-22","purchased_purges":5,"victory":true,"max_hp_per_floor":[63,63,63,63,63,63,63,63,63,63,63,63,63,63,63,63,63,63,63,63,63,66,66,69,69,69,69,69,69,69,69,69,69,69,69,69,69,69,69,69,69,69,69,69,69,69,69,69,69,69,69,69,69,69,69],"relic_stats":{"counters":[22,125],"Mummified Hand":[21],"Turnip":[4],"obtain_stats":[{"Oddly Smooth Stone":2,"hubris:Towel":37,"hubris:MysteriousPyramids":53,"conspire:InfiniteJournal":43,"Golden_Hairpin":17,"Pendant":0,"Mummified Hand":46,"Ribbon":48,"MutagenicStrength":29,"halation:PenCase":7,"halation:EternalFortune":22,"Genji_Glove":30,"Philosopher\u0027s Stone":34,"Turnip":54,"conspire:BottledYoYo":24,"Toxic Egg 2":41,"jedi:arcanewood":26,"InkBottle":25},{"Oddly Smooth Stone":1,"hubris:Towel":13,"hubris:MysteriousPyramids":20,"conspire:InfiniteJournal":16,"Golden_Hairpin":6,"Pendant":0,"Mummified Hand":17,"Ribbon":19,"MutagenicStrength":11,"halation:PenCase":3,"halation:EternalFortune":9,"Genji_Glove":11,"Philosopher\u0027s Stone":12,"Turnip":21,"conspire:BottledYoYo":10,"Toxic Egg 2":16,"jedi:arcanewood":10,"InkBottle":10},{"Oddly Smooth Stone":4,"hubris:Towel":69,"hubris:MysteriousPyramids":112,"conspire:InfiniteJournal":84,"Golden_Hairpin":32,"Pendant":0,"Mummified Hand":92,"Ribbon":102,"MutagenicStrength":58,"halation:PenCase":16,"halation:EternalFortune":48,"Genji_Glove":58,"Philosopher\u0027s Stone":66,"Turnip":118,"conspire:BottledYoYo":54,"Toxic Egg 2":84,"jedi:arcanewood":54,"InkBottle":54}],"InkBottle":[27]},"card_choices":[{"not_picked":["Good Instincts","Swift Strike"],"picked":"jedi:forcepush","floor":0.0},{"not_picked":["Thunder_Blade","Thunder_P"],"picked":"Blizzard_P","floor":1.0},{"not_picked":["Thunder_Blade","Thunder_P"],"picked":"Blizzard_P","floor":1.0},{"not_picked":["Holy","Mythril_Knife"],"picked":"Rasp","floor":3.0},{"not_picked":["infinitespire:Oblivion","infinitespire:TheBestDefense"],"picked":"infinitespire:SevenWalls","floor":4.0},{"not_picked":["Gladius","Man_Eater"],"picked":"Osmosis","floor":7.0},{"not_picked":["Quake","Astra","Focus"],"picked":"SKIP","floor":8.0},{"not_picked":["Barrier","Transfusion"],"picked":"Bravery","floor":13},{"not_picked":["Reflect","Thousand_Needles"],"picked":"Drain","floor":16},{"not_picked":["Throw","Flare"],"picked":"Shell","floor":18},{"not_picked":["Break","Meltdown+1","Heavy_Shield+1"],"picked":"SKIP","floor":19},{"not_picked":["Bravery","Flare"],"picked":"Magus_Robe","floor":20},{"not_picked":["Blood_Hilt","Aero"],"picked":"Stop","floor":24},{"not_picked":["Poisona","Mythril_Knife","Transpose_P"],"picked":"SKIP","floor":27},{"not_picked":["Stop","Might"],"picked":"Ultima","floor":33},{"not_picked":["Thunder_P","Thunder_Blade","Blizzard_P"],"picked":"SKIP","floor":35},{"not_picked":["Poisona","Quick","Enhancer+1"],"picked":"SKIP","floor":38},{"not_picked":["Transpose2","Transfusion"],"picked":"Blood_Hilt+1","floor":39},{"not_picked":["Crystal_Sword","Gladius"],"picked":"Force_Armor+1","floor":41},{"not_picked":["Thunder_P","Dark","Ultima"],"picked":"SKIP","floor":46},{"not_picked":["Thunder_P","Dark","Ultima"],"picked":"SKIP","floor":46},{"not_picked":["Thunder_Blade","Quake"],"picked":"Dispel+1","floor":47},{"not_picked":["Transfusion+1","Gaia_Gear+1"],"picked":"Minerva_Bustier+1","floor":48},{"not_picked":["Mystery_Veil+1","Circlet+1","Rasp+1"],"picked":"SKIP","floor":54}],"player_experience":2107590,"relics_obtained":[{"floor":2.0,"key":"Oddly Smooth Stone"},{"floor":7.0,"key":"halation:PenCase"},{"floor":24,"key":"halation:EternalFortune"},{"floor":24,"key":"conspire:BottledYoYo"},{"floor":25,"key":"InkBottle"},{"floor":26,"key":"jedi:arcanewood"},{"floor":41,"key":"Toxic Egg 2"},{"floor":43,"key":"conspire:InfiniteJournal"},{"floor":46,"key":"Mummified Hand"},{"floor":48,"key":"Ribbon"},{"floor":54,"key":"Turnip"}],"event_choices":[{"damage_healed":0.0,"max_hp_gain":0.0,"max_hp_loss":0.0,"gold_gain":0.0,"event_name":"Wheel of Change","player_choice":"Relic","floor":2.0,"gold_loss":0.0,"damage_taken":0.0},{"damage_healed":0.0,"max_hp_gain":0.0,"max_hp_loss":0.0,"gold_gain":0.0,"event_name":"Living Wall","player_choice":"Grow","floor":5.0,"gold_loss":0.0,"damage_taken":0.0,"cards_upgraded":["infinitespire:SevenWalls"]},{"damage_healed":0.0,"max_hp_gain":0.0,"max_hp_loss":0.0,"gold_gain":0.0,"event_name":"Match and Keep!","player_choice":"1 cards matched","floor":10.0,"gold_loss":0.0,"damage_taken":0.0,"cards_obtained":["Osmosis"]},{"damage_healed":0,"gold_gain":0,"player_choice":"Inject Mutagens","damage_taken":0,"relics_obtained":["MutagenicStrength"],"max_hp_gain":0,"max_hp_loss":0,"event_name":"Drug Dealer","floor":29,"gold_loss":0},{"cards_removed":["Defend_L"],"damage_healed":0,"gold_gain":0,"player_choice":"Purged","damage_taken":0,"max_hp_gain":0,"max_hp_loss":0,"event_name":"Purifier","floor":31,"gold_loss":0},{"damage_healed":0,"gold_gain":0,"player_choice":"Leave","damage_taken":0,"max_hp_gain":0,"max_hp_loss":0,"event_name":"conspire:Investor","floor":45,"gold_loss":0},{"damage_healed":0,"gold_gain":0,"player_choice":"Fight","damage_taken":0,"max_hp_gain":0,"max_hp_loss":0,"event_name":"MindBloom","floor":48,"gold_loss":0}],"is_beta":false,"boss_relics":[{"not_picked":["halation:Yufonium","halation:LoveArrow"],"picked":"Golden_Hairpin"},{"not_picked":["jedi:paperlyon","aspiration:RitualDagger"],"picked":"Philosopher\u0027s Stone"}],"items_purged_floors":[12,14,21,30,53],"is_endless":false,"potions_floor_spawned":[3,8,16,19,27,33,35,38,47,48],"ascension_level":12}}