{"host":"4qt77pm52ljaz00q","time":1612016007,"event":{"mods":["2.2 Compatiblity","BaseMod","Colored Map","Downfall","Minty Spire (QoL Compilation)","Relic Sorter","StSLib","Unknown Chances"],"gold_per_floor":[99,99,99,199,199,199,199,199,199,224,216,242,42,66,90,199,199,199,219,240,2,2,21,21,37,65,65,100,100,0,0,11,109,109,109,120,140,80,98,98,180,180,205,357,377,112,141,155,171,171,171,171],"floor_reached":50,"language":"ENG","playtime":2700,"items_purged":["Regret"],"score":741,"play_id":"204144b6-caa4-41d3-bb5c-8c282f3a0806","local_time":"20210130091327","is_ascension_mode":true,"campfire_choices":[{"data":"hexamod:Float","floor":1,"key":"SMITH"},{"floor":6,"key":"RECALL"},{"data":"hexamod:WildfireWeapon","floor":13,"key":"SMITH"},{"data":"hexamod:FastForward","floor":18,"key":"SMITH"},{"data":"hexamod:WildfireWeapon","floor":27,"key":"SMITH"},{"data":"Bite","floor":30,"key":"SMITH"},{"data":"hexamod:GiftsFromTheDead","floor":35,"key":"SMITH"},{"data":"hexamod:Incineration","floor":42,"key":"SMITH"}],"circlet_count":0,"master_deck":["hexamod:Defend","hexamod:Defend","hexamod:Defend","hexamod:Defend","hexamod:Sear","hexamod:Float+1","hexamod:StepThrough","hexamod:WildfireWeapon+1","hexamod:FastForward+1","hexamod:ChargedBarrage+1","hexamod:HauntingEcho","hexamod:ThermalTransfer","hexamod:BurningTouch","hexamod:Hexaguard","hexamod:WildfireWeapon+1","hexamod:HauntingEcho+1","hexamod:AdvancingGuard","hexamod:SuperheatedStrike","hexamod:HauntingEcho+1","hexamod:ThirdSeal","Pride","hexamod:SpectersWail","Regret","hexamod:GhostLash","hexamod:ThermalTransfer+1","hexamod:ApocalypseNow","hexamod:FastForward+1","hexamod:FastForward","hexamod:FlamesFromBeyond","Bite+1","Bite","Bite","Bite","Bite+1","hexamod:GhostShield","hexamod:ParanormalForm","hexamod:GiftsFromTheDead+1","CurseOfTheBell","hexamod:SoulSteal","hexamod:ThermalTransfer+1","hexamod:RecurringNightmare+1","hexamod:SuperheatedStrike","hexamod:Incineration+1","hexamod:SuperheatedStrike+1","hexamod:SpectersWail+1","hexamod:GhostLash","hexamod:ThermalTransfer","hexamod:ParanormalForm","hexamod:EmpoweredFlame","expansioncontent:StudyTheSpire","hexamod:SuperheatedStrike+1","hexamod:PhantomCloak","hexamod:HeatCrush"],"relics":["hexamod:SpiritBrand","downfall:HeartsMalice","Gremlin Horn","Mummified Hand","downfall:HeartBlessingRed","downfall:HeartBlessingBlue","Cursed Key","hexamod:TheBrokenSeal","champ:Barbells","Ice Cream","FossilizedHelix","Dead Branch","downfall:HeartBlessingGreen","downfall:RedIOU","Calling Bell","Bag of Preparation","Shuriken","hexamod:SoulConsumer","The Courier","White Beast Statue","Oddly Smooth Stone","Orichalcum"],"acts_visited":["Exordium","TheCity","TheBeyond"],"potions_floor_usage":[20,48,48,48,50],"damage_taken":[{"damage":0,"enemies":"2 Louse","floor":2,"turns":1},{"damage":0,"enemies":"Small Slimes","floor":8,"turns":1},{"damage":0,"enemies":"3 Sentries","floor":10,"turns":1},{"damage":1,"enemies":"Jaw Worm","floor":12,"turns":3},{"damage":3,"enemies":"Lots of Slimes","floor":14,"turns":4},{"damage":11,"enemies":"Blue Slaver","floor":15,"turns":4},{"damage":43,"enemies":"DF_ARCHETYPE_STREAMLINE","floor":16,"turns":11},{"damage":22,"enemies":"3 Byrds","floor":19,"turns":5},{"damage":23,"enemies":"Snake Plant","floor":20,"turns":5},{"damage":5,"enemies":"downfall:FleeingMerchant","floor":21,"turns":4},{"damage":0,"enemies":"Snecko","floor":23,"turns":3},{"damage":3,"enemies":"Sentry and Sphere","floor":25,"turns":4},{"damage":27,"enemies":"Book of Stabbing","floor":26,"turns":6},{"damage":18,"enemies":"Gremlin Leader","floor":28,"turns":4},{"damage":0,"enemies":"Cultist and Chosen","floor":32,"turns":3},{"damage":39,"enemies":"WA_ARCHETYPE_CALM","floor":33,"turns":10},{"damage":16,"enemies":"3 Darklings","floor":36,"turns":3},{"damage":0,"enemies":"3 Shapes","floor":37,"turns":2},{"damage":2,"enemies":"downfall:FleeingMerchant","floor":38,"turns":4},{"damage":0,"enemies":"Transient","floor":39,"turns":5},{"damage":30,"enemies":"Giant Head","floor":43,"turns":7},{"damage":0,"enemies":"downfall:FleeingMerchant","floor":44,"turns":1},{"damage":13,"enemies":"Jaw Worm Horde","floor":45,"turns":5},{"damage":30,"enemies":"Nemesis","floor":47,"turns":5},{"damage":0,"enemies":"Maw","floor":48,"turns":5},{"damage":6,"enemies":"Transient","floor":49,"turns":5},{"damage":25,"enemies":"IC_BLOCK_ARCHETYPE","floor":50,"turns":4}],"seed_played":"-443230600944639981","potions_obtained":[{"floor":10,"key":"DistilledChaos"},{"floor":14,"key":"hexamod:InfernoChargePotion"},{"floor":15,"key":"Strength Potion"},{"floor":16,"key":"hexamod:EctoCoolerPotion"},{"floor":20,"key":"Block Potion"},{"floor":26,"key":"PowerPotion"},{"floor":48,"key":"LiquidBronze"},{"floor":49,"key":"hexamod:InfernoChargePotion"}],"is_trial":false,"path_per_floor":["R","M","?","?","?","R","T","M","?","E","?","M","R","M","M","B",null,"R","M","M","$","?","M","T","M","E","R","E","?","R","?","M","B",null,"R","M","M","$","M","?","T","R","E","$","M","$","E","M","M","B"],"character_chosen":"THE_SPIRIT","items_purchased":["champ:Barbells","hexamod:ThirdSeal","hexamod:SuperheatedStrike","Oddly Smooth Stone","hexamod:ParanormalForm","hexamod:EmpoweredFlame","expansioncontent:StudyTheSpire"],"campfire_rested":0,"item_purchase_floors":[21,21,38,44,46,46,46],"current_hp_per_floor":[70,70,70,70,70,70,70,70,70,70,63,69,79,80,76,40,80,80,65,84,79,79,79,79,76,49,49,31,31,31,31,31,10,62,62,50,52,58,62,62,62,62,38,38,35,35,11,15,21,0,0,0],"gold":171,"neow_bonus":"THREE_ENEMY_KILL","is_daily":false,"chose_seed":false,"campfire_upgraded":7,"win_rate":0.0,"timestamp":1612016007,"path_taken":["R","M","?","?","?","R","T","M","?","E","?","M","R","M","M","BOSS","R","M","M","$","?","M","T","M","E","R","E","?","R","?","M","BOSS","R","M","M","$","M","?","T","R","E","$","M","$","E","M","M","BOSS"],"items_purchased_type":["Relic","Card","Card","Relic","Card","Card","Card"],"build_version":"2020-12-22","purchased_purges":1,"victory":false,"max_hp_per_floor":[70,70,70,70,70,70,70,70,70,70,70,70,80,80,80,80,80,80,80,90,90,90,90,90,90,90,90,90,62,62,62,62,62,62,62,62,62,62,62,62,62,62,62,62,62,62,62,62,62,62,62,62],"card_choices":[{"not_picked":["hexamod:Rewind","hexamod:PhantomFireball"],"picked":"hexamod:StepThrough","floor":2},{"not_picked":["hexamod:PhantomFireball","hexamod:Rewind"],"picked":"hexamod:GhostLash","floor":8},{"not_picked":["hexamod:NightmareStrike","hexamod:NecessarySacrifice"],"picked":"hexamod:WildfireWeapon","floor":10},{"not_picked":["hexamod:GhostOfSpireFuture","hexamod:FlamesFromBeyond"],"picked":"hexamod:FastForward","floor":12},{"not_picked":["hexamod:InspiringFlames","hexamod:BacktrackSmack"],"picked":"hexamod:ChargedBarrage","floor":12},{"not_picked":["hexamod:Hexaguard","hexamod:FlamesFromBeyond"],"picked":"hexamod:HauntingEcho","floor":14},{"not_picked":["hexamod:Firestarter","hexamod:InspiringFlames"],"picked":"hexamod:ThermalTransfer","floor":14},{"not_picked":["hexamod:ShieldOfDarkness","hexamod:InspiringFlames"],"picked":"hexamod:BurningTouch","floor":15},{"not_picked":["hexamod:Firestarter","hexamod:GhostflameBarrier"],"picked":"hexamod:Hexaguard","floor":15},{"not_picked":["hexamod:UnlimitedPower","hexamod:SearingWound"],"picked":"hexamod:FifthSeal","floor":16},{"not_picked":["hexamod:VolcanoVisage","hexamod:ParanormalForm"],"picked":"hexamod:WildfireWeapon","floor":16},{"not_picked":["hexamod:GhostShield","hexamod:Hexaguard+1"],"picked":"hexamod:HauntingEcho+1","floor":19},{"not_picked":["hexamod:FourthSeal","hexamod:SecondSeal"],"picked":"hexamod:SixthSeal","floor":19},{"not_picked":["hexamod:FirstSeal","hexamod:DynamicBlow"],"picked":"hexamod:AdvancingGuard","floor":19},{"not_picked":["hexamod:Firestarter","hexamod:HeatMetal"],"picked":"hexamod:SuperheatedStrike","floor":20},{"not_picked":["hexamod:HeatShield+1","hexamod:FlamesFromBeyond"],"picked":"hexamod:HauntingEcho+1","floor":21},{"not_picked":["hexamod:HeatShield","hexamod:GhostLash"],"picked":"hexamod:SpectersWail","floor":23},{"not_picked":["hexamod:DynamicBlow+1","hexamod:SpectralSpark"],"picked":"hexamod:GhostLash","floor":25},{"not_picked":["hexamod:GhostOfSpireFuture+1","hexamod:NightmareGuise"],"picked":"hexamod:ThermalTransfer+1","floor":25},{"not_picked":["hexamod:DynamicBlow","hexamod:HeatMetal"],"picked":"hexamod:ApocalypseNow","floor":26},{"not_picked":["hexamod:EmpoweredFlame","hexamod:GhostOfSpireFuture"],"picked":"hexamod:FastForward","floor":26},{"not_picked":["hexamod:ThirdSeal","hexamod:NightmareGuise"],"picked":"hexamod:FastForward","floor":28},{"not_picked":["hexamod:HauntingEcho","hexamod:SpectralAdrenaline"],"picked":"hexamod:FlamesFromBeyond","floor":28},{"not_picked":["hexamod:NightmareStrike","hexamod:ShieldOfDarkness"],"picked":"hexamod:GhostShield","floor":32},{"not_picked":["hexamod:UnlimitedPower","hexamod:UnleashSpirits"],"picked":"hexamod:ParanormalForm","floor":33},{"not_picked":["hexamod:ApocalypticArmor","hexamod:UnleashSpirits"],"picked":"hexamod:GiftsFromTheDead","floor":33},{"not_picked":["hexamod:ShieldOfDarkness","hexamod:SwordOfDarkness+1"],"picked":"hexamod:SoulSteal","floor":36},{"not_picked":["hexamod:NecessarySacrifice","hexamod:HeatMetal"],"picked":"hexamod:ThermalTransfer+1","floor":36},{"not_picked":["hexamod:ShieldOfDarkness+1","hexamod:Firestarter","hexamod:NightmareStrike"],"picked":"SKIP","floor":37},{"not_picked":["hexamod:ShieldOfDarkness","hexamod:FlamesFromBeyond"],"picked":"hexamod:RecurringNightmare+1","floor":38},{"not_picked":["hexamod:BacktrackSmack+1","hexamod:InspiringFlames+1"],"picked":"hexamod:Incineration","floor":39},{"not_picked":["hexamod:GhostOfSpirePast+1","hexamod:NightmareStrike+1"],"picked":"hexamod:SuperheatedStrike+1","floor":39},{"not_picked":["hexamod:CatchUp","hexamod:Firestarter+1"],"picked":"hexamod:SpectersWail+1","floor":43},{"not_picked":["hexamod:RetreatToShadows","hexamod:InspiringFlames+1"],"picked":"hexamod:GhostLash","floor":44},{"not_picked":["hexamod:UnlimitedPower","hexamod:PowerFromBeyond"],"picked":"hexamod:ThermalTransfer","floor":45},{"not_picked":["hexamod:SkipABeat","hexamod:ThermalTransfer+1"],"picked":"hexamod:SuperheatedStrike+1","floor":47},{"not_picked":["hexamod:PhantomFireball+1","hexamod:Firestarter+1","hexamod:NightmareStrike"],"picked":"SKIP","floor":48},{"not_picked":["hexamod:Firestarter","hexamod:GhostflameBarrier"],"picked":"hexamod:PhantomCloak","floor":49},{"not_picked":["hexamod:SuperheatedStrike","hexamod:BacktrackSmack+1"],"picked":"hexamod:HeatCrush","floor":49}],"player_experience":209527,"relics_obtained":[{"floor":10,"key":"Mummified Hand"},{"floor":24,"key":"StrikeDummy"},{"floor":26,"key":"FossilizedHelix"},{"floor":28,"key":"Dead Branch"},{"floor":34,"key":"Bag of Preparation"},{"floor":34,"key":"Shuriken"},{"floor":34,"key":"hexamod:SoulConsumer"},{"floor":41,"key":"The Courier"},{"floor":43,"key":"White Beast Statue"},{"floor":47,"key":"Orichalcum"}],"event_choices":[{"damage_healed":0,"gold_gain":0,"player_choice":"Box","damage_taken":0,"relics_obtained":["Gremlin Horn"],"max_hp_gain":0,"max_hp_loss":0,"event_name":"Big Fish","floor":3,"gold_loss":0,"cards_obtained":["Regret"]},{"cards_removed":["Regret"],"damage_healed":0,"gold_gain":0,"player_choice":"Card Removal","damage_taken":0,"max_hp_gain":0,"max_hp_loss":0,"event_name":"The Cleric","floor":5,"gold_loss":0},{"damage_healed":0,"gold_gain":0,"player_choice":"Grow","damage_taken":0,"max_hp_gain":0,"max_hp_loss":0,"event_name":"Living Wall","floor":9,"gold_loss":0,"cards_upgraded":["hexamod:GhostLash"]},{"damage_healed":0,"gold_gain":0,"player_choice":"Stole Relic","damage_taken":0,"relics_obtained":["Ice Cream"],"max_hp_gain":0,"max_hp_loss":0,"event_name":"Addict","floor":22,"gold_loss":0,"cards_obtained":["Pride"]},{"damage_healed":0,"gold_gain":0,"player_choice":"Became a vampire","damage_taken":0,"max_hp_gain":0,"max_hp_loss":28,"event_name":"Vampires","floor":29,"gold_loss":0,"cards_obtained":["Bite","Bite","Bite","Bite","Bite"]}],"is_beta":false,"boss_relics":[{"not_picked":["hexamod:UnbrokenSoul","Pandora\u0027s Box"],"picked":"Cursed Key"},{"not_picked":["Philosopher\u0027s Stone","sneckomod:SneckoTalon"],"picked":"Calling Bell"}],"items_purged_floors":[44],"is_endless":false,"potions_floor_spawned":[10,14,19,26,28,32,37,43,44,45,47,48,49],"killed_by":"IC_BLOCK_ARCHETYPE","ascension_level":1}}