{"host":"Bilverbakes","time":1612047354,"event":{"mods":["2.2 Compatiblity","AchievementEnabler","BaseMod","Bestiary","Colored Map","Minty Spire (QoL Compilation)","Relic Stats","StSLib","ojb\u0027s Info Mod"],"gold_per_floor":[15,32,50,50,60,60,90,90,115,39,65,86,117,117,117,190,190,206,206,206,206,45,80,80,111,111,127,137,62,62,72,72,147,147,164,175,175,175,185,220,220,239,308,308,308],"floor_reached":44,"language":"ENG","playtime":2160,"items_purged":["Strike_P"],"score":1088,"play_id":"b7eeeabc-01aa-47cb-98ee-96cfbaa57956","local_time":"20210130165554","is_ascension_mode":true,"campfire_choices":[{"data":"MasterReality","floor":6.0,"key":"SMITH"},{"data":"BowlingBash","floor":8.0,"key":"SMITH"},{"data":"BattleHymn","floor":15.0,"key":"SMITH"},{"floor":24.0,"key":"REST"},{"floor":30.0,"key":"REST"},{"floor":32.0,"key":"REST"},{"floor":41.0,"key":"REST"}],"circlet_count":0,"master_deck":["AscendersBane","Defend_P","Defend_P","Defend_P+1","Eruption+1","Vigilance+1","MasterReality+1","CarveReality","Tantrum","BowlingBash+1","WheelKick","CutThroughFate","Wireheading+1","Adaptation","BattleHymn+1","Establishment","CutThroughFate","Protect+1","ClearTheMind","Meditate","FearNoEvil","LessonLearned","Nirvana+1","Devotion+1","Vengeance+1","Halt"],"relics":["PureWater","Nunchaku","Juzu Bracelet","Blood Vial","Odd Mushroom","White Beast Statue","Fusion Hammer","Omamori","Mercury Hourglass","Bag of Marbles","Sundial","Astrolabe","Bird Faced Urn"],"acts_visited":["Exordium","TheCity","TheBeyond"],"potions_floor_usage":[44],"damage_taken":[{"damage":1.0,"enemies":"2 Louse","floor":1.0,"turns":4.0},{"damage":8.0,"enemies":"Small Slimes","floor":2.0,"turns":4.0},{"damage":0.0,"enemies":"Cultist","floor":3.0,"turns":2.0},{"damage":4.0,"enemies":"2 Fungi Beasts","floor":5.0,"turns":3.0},{"damage":16.0,"enemies":"Gremlin Nob","floor":7.0,"turns":3.0},{"damage":7.0,"enemies":"3 Sentries","floor":11.0,"turns":4.0},{"damage":1.0,"enemies":"The Mushroom Lair","floor":12.0,"turns":2.0},{"damage":16.0,"enemies":"Gremlin Nob","floor":13.0,"turns":3.0},{"damage":0.0,"enemies":"Slime Boss","floor":16.0,"turns":3.0},{"damage":0.0,"enemies":"Spheric Guardian","floor":18.0,"turns":2.0},{"damage":14.0,"enemies":"Book of Stabbing","floor":23.0,"turns":3.0},{"damage":28.0,"enemies":"Slavers","floor":25.0,"turns":4.0},{"damage":11.0,"enemies":"Shell Parasite","floor":27.0,"turns":2.0},{"damage":6.0,"enemies":"Snecko","floor":28.0,"turns":5.0},{"damage":2.0,"enemies":"Centurion and Healer","floor":31.0,"turns":3.0},{"damage":18.0,"enemies":"Champ","floor":33.0,"turns":10.0},{"damage":0.0,"enemies":"3 Shapes","floor":35.0,"turns":5.0},{"damage":0.0,"enemies":"3 Darklings","floor":36.0,"turns":5.0},{"damage":0.0,"enemies":"4 Shapes","floor":39.0,"turns":6.0},{"damage":64.0,"enemies":"Reptomancer","floor":40.0,"turns":4.0},{"damage":4.0,"enemies":"Spire Growth","floor":42.0,"turns":3.0},{"damage":46,"enemies":"2 Orb Walkers","floor":44,"turns":2}],"seed_played":"-2879581911209159437","potions_obtained":[{"floor":1.0,"key":"DuplicationPotion"},{"floor":2.0,"key":"StancePotion"},{"floor":11.0,"key":"AttackPotion"},{"floor":16.0,"key":"Weak Potion"},{"floor":18.0,"key":"LiquidMemories"},{"floor":23.0,"key":"Weak Potion"},{"floor":25.0,"key":"StancePotion"},{"floor":27.0,"key":"SpeedPotion"},{"floor":28.0,"key":"Ancient Potion"},{"floor":31.0,"key":"Ambrosia"},{"floor":33.0,"key":"DuplicationPotion"},{"floor":36.0,"key":"PowerPotion"},{"floor":39.0,"key":"Strength Potion"},{"floor":40.0,"key":"ColorlessPotion"},{"floor":42.0,"key":"Explosive Potion"}],"is_trial":false,"path_per_floor":["M","M","M","$","M","R","E","R","T","$","E","?","E","?","R","B",null,"M","$","?","?","$","E","R","E","T","M","M","$","R","M","R","B",null,"M","M","?","?","M","E","R","M","T","?"],"character_chosen":"WATCHER","items_purchased":["Wireheading","Omamori"],"campfire_rested":4,"item_purchase_floors":[10,22],"current_hp_per_floor":[60,52,52,52,48,48,32,32,32,32,25,26,12,12,12,14,55,57,57,57,38,38,26,47,21,21,12,8,8,29,29,50,34,63,65,67,67,67,69,5,25,31,31,0,0],"gold":308,"neow_bonus":"THREE_RARE_CARDS","is_daily":false,"chose_seed":false,"campfire_upgraded":3,"win_rate":0.0,"timestamp":1612047354,"path_taken":["M","M","M","$","M","R","E","R","T","$","E","?","E","?","R","BOSS","M","?","?","?","$","E","R","E","T","M","M","$","R","M","R","BOSS","M","M","?","?","M","E","R","M","T","?"],"items_purchased_type":["Card","Relic"],"build_version":"2020-12-18","purchased_purges":1,"victory":false,"max_hp_per_floor":[68,68,68,68,68,68,68,68,68,68,68,68,68,68,68,68,68,68,68,68,73,73,73,73,73,73,73,73,73,73,73,73,73,73,73,73,69,69,69,69,69,69,69,69,69],"relic_stats":{"Blood Vial":30,"Nunchaku":[16],"counters":[22,82],"Sundial":[6],"Astrolabe":["Nirvana","Devotion","Vengeance"],"Bird Faced Urn":[16],"Juzu Bracelet":0,"obtain_stats":[{"Astrolabe":34,"Juzu Bracelet":9,"Omamori":22,"Odd Mushroom":12,"White Beast Statue":13,"Mercury Hourglass":23,"Blood Vial":11,"Nunchaku":7,"Sundial":26,"Bird Faced Urn":40,"Fusion Hammer":17,"Bag of Marbles":25,"PureWater":0},{"Astrolabe":16,"Juzu Bracelet":5,"Omamori":10,"Odd Mushroom":7,"White Beast Statue":8,"Mercury Hourglass":11,"Blood Vial":6,"Nunchaku":5,"Sundial":12,"Bird Faced Urn":20,"Fusion Hammer":9,"Bag of Marbles":12,"PureWater":0},{"Astrolabe":57,"Juzu Bracelet":16,"Omamori":30,"Odd Mushroom":22,"White Beast Statue":25,"Mercury Hourglass":33,"Blood Vial":20,"Nunchaku":16,"Sundial":37,"Bird Faced Urn":77,"Fusion Hammer":28,"Bag of Marbles":37,"PureWater":0}],"Mercury Hourglass":[189]},"card_choices":[{"not_picked":["ConjureBlade","Alpha"],"picked":"MasterReality","floor":0.0},{"not_picked":["InnerPeace","Tantrum"],"picked":"CarveReality","floor":1.0},{"not_picked":["CrushJoints","Pray"],"picked":"Tantrum","floor":2.0},{"not_picked":["LikeWater","Prostrate"],"picked":"BowlingBash","floor":3.0},{"not_picked":["JustLucky","Prostrate"],"picked":"WheelKick","floor":5.0},{"not_picked":["Devotion","Prostrate"],"picked":"CutThroughFate","floor":7.0},{"not_picked":["FollowUp","Prostrate","SignatureMove"],"picked":"SKIP","floor":11.0},{"not_picked":["Protect","PathToVictory"],"picked":"Adaptation","floor":12.0},{"not_picked":["ThirdEye","Evaluate"],"picked":"BattleHymn","floor":13.0},{"not_picked":["ConjureBlade","Ragnarok"],"picked":"Establishment","floor":16.0},{"not_picked":["FlurryOfBlows+1","SashWhip"],"picked":"CutThroughFate","floor":18.0},{"not_picked":["ReachHeaven+1","Conclude"],"picked":"Protect+1","floor":23.0},{"not_picked":["Alpha","BowlingBash"],"picked":"ClearTheMind","floor":25.0},{"not_picked":["Evaluate","Halt"],"picked":"Meditate","floor":27.0},{"not_picked":["FlurryOfBlows","Nirvana"],"picked":"DeceiveReality","floor":28.0},{"not_picked":["SignatureMove+1","Consecrate"],"picked":"FearNoEvil","floor":31.0},{"not_picked":["Blasphemy","Alpha"],"picked":"LessonLearned","floor":33.0},{"not_picked":["Evaluate","FollowUp","Crescendo"],"picked":"SKIP","floor":35.0},{"not_picked":["FlurryOfBlows","ClearTheMind","Evaluate"],"picked":"SKIP","floor":36.0},{"not_picked":["Protect","EmptyFist","JustLucky"],"picked":"SKIP","floor":39.0},{"not_picked":["Brilliance","Prostrate"],"picked":"Halt","floor":40.0},{"not_picked":["FlyingSleeves+1","ThirdEye","Protect"],"picked":"SKIP","floor":42.0}],"player_experience":855809,"relics_obtained":[{"floor":7.0,"key":"Nunchaku"},{"floor":9.0,"key":"Juzu Bracelet"},{"floor":11.0,"key":"Blood Vial"},{"floor":12.0,"key":"Odd Mushroom"},{"floor":13.0,"key":"White Beast Statue"},{"floor":23.0,"key":"Mercury Hourglass"},{"floor":25.0,"key":"Bag of Marbles"},{"floor":26.0,"key":"Sundial"},{"floor":40.0,"key":"Bird Faced Urn"}],"event_choices":[{"damage_healed":0.0,"max_hp_gain":0.0,"max_hp_loss":0.0,"gold_gain":0.0,"event_name":"Mushrooms","player_choice":"Fought Mushrooms","floor":12.0,"gold_loss":0.0,"damage_taken":0.0},{"cards_removed":["Strike_P"],"damage_healed":0.0,"max_hp_gain":0.0,"max_hp_loss":0.0,"gold_gain":0.0,"event_name":"Purifier","player_choice":"Purged","floor":14.0,"gold_loss":0.0,"damage_taken":0.0},{"damage_healed":0.0,"max_hp_gain":0.0,"max_hp_loss":0.0,"gold_gain":0.0,"event_name":"Ghosts","player_choice":"Ignored","floor":20.0,"gold_loss":0.0,"damage_taken":0.0},{"damage_healed":0.0,"max_hp_gain":5.0,"max_hp_loss":0.0,"gold_gain":0.0,"event_name":"Forgotten Altar","player_choice":"Shed Blood","floor":21.0,"gold_loss":0.0,"damage_taken":24.0},{"damage_healed":0.0,"max_hp_gain":0.0,"max_hp_loss":4.0,"gold_gain":0.0,"event_name":"Winding Halls","player_choice":"Max HP","floor":37.0,"gold_loss":0.0,"damage_taken":0.0},{"cards_removed":["DeceiveReality"],"damage_healed":0.0,"max_hp_gain":0.0,"max_hp_loss":0.0,"gold_gain":0.0,"event_name":"Falling","player_choice":"Removed Skill","floor":38.0,"gold_loss":0.0,"damage_taken":0.0},{"damage_healed":0,"gold_gain":0,"player_choice":"Fight","damage_taken":0,"max_hp_gain":0,"max_hp_loss":0,"event_name":"Mysterious Sphere","floor":44,"gold_loss":0}],"is_beta":true,"boss_relics":[{"not_picked":["Runic Pyramid","Snecko Eye"],"picked":"Fusion Hammer"},{"not_picked":["Tiny House","HolyWater"],"picked":"Astrolabe"}],"items_purged_floors":[29],"is_endless":false,"potions_floor_spawned":[1,2,7,11,16,18,23,25,27,28,31,33,35,36,39,40,42],"killed_by":"2 Orb Walkers","ascension_level":20}}