{"host":"ysj15tgd1sneq0s0","time":1612022347,"event":{"mods":["AchievementEnabler","BaseMod","DeckTracker","Highlight Path","Minty Spire (QoL Compilation)","Permanent Neow","Quick Restart","StSLib","SuperFastMode","everything is the same but u backflip on backflip"],"gold_per_floor":[217,217,230,29,48,75,75,103,158,158,58,71,97,107,107,210,210,220,95,95,111,127,127,160,171,251,251,251,101,11,45,45,145,145,145],"floor_reached":34,"language":"KOR","playtime":1540,"items_purged":["Strike_G","Strike_G","Defend_G","Defend_G"],"score":416,"play_id":"ea23bc1a-6e16-400e-bb45-f74efd377e8f","local_time":"20210131005907","is_ascension_mode":true,"campfire_choices":[{"floor":7,"key":"REST"},{"data":"Cloak And Dagger","floor":10,"key":"SMITH"},{"floor":15,"key":"REST"},{"data":"Cloak And Dagger","floor":23,"key":"SMITH"},{"data":"Footwork","floor":32,"key":"SMITH"}],"circlet_count":0,"master_deck":["Strike_G","Defend_G+1","Defend_G+1","Survivor","Neutralize","Blade Dance+1","Footwork+1","Noxious Fumes","Cloak And Dagger+1","Backflip+1","Cloak And Dagger+1","Blade Dance","Cloak And Dagger+1","Prepared+1","Regret"],"relics":["Ring of the Snake","Ornamental Fan","Juzu Bracelet","Anchor","War Paint","Cursed Key","Red Mask","Mercury Hourglass","MutagenicStrength","Centennial Puzzle","Empty Cage"],"acts_visited":["Exordium","TheCity","TheBeyond"],"potions_floor_usage":[6,16,16,33],"damage_taken":[{"damage":3,"enemies":"Jaw Worm","floor":1,"turns":5},{"damage":0,"enemies":"Cultist","floor":3,"turns":4},{"damage":0,"enemies":"Small Slimes","floor":5,"turns":4},{"damage":35,"enemies":"Gremlin Nob","floor":6,"turns":5},{"damage":11,"enemies":"3 Sentries","floor":8,"turns":7},{"damage":0,"enemies":"2 Fungi Beasts","floor":12,"turns":3},{"damage":14,"enemies":"Exordium Wildlife","floor":14,"turns":4},{"damage":12,"enemies":"Hexaghost","floor":16,"turns":13},{"damage":2,"enemies":"Shell Parasite","floor":18,"turns":7},{"damage":0,"enemies":"Spheric Guardian","floor":21,"turns":5},{"damage":0,"enemies":"Centurion and Healer","floor":22,"turns":7},{"damage":1,"enemies":"Masked Bandits","floor":24,"turns":5},{"damage":0,"enemies":"Shelled Parasite and Fungi","floor":25,"turns":6},{"damage":9,"enemies":"Slavers","floor":31,"turns":5},{"damage":77,"enemies":"Champ","floor":33,"turns":18}],"seed_played":"-7295617634555348240","potions_obtained":[{"floor":5,"key":"Swift Potion"},{"floor":8,"key":"SkillPotion"},{"floor":12,"key":"Regen Potion"},{"floor":18,"key":"FairyPotion"},{"floor":25,"key":"Fire Potion"},{"floor":33,"key":"SteroidPotion"}],"is_trial":false,"path_per_floor":["M","?","M","$","M","E","R","E","T","R","$","M","T","M","R","B",null,"M","$","?","M","M","R","?","M","T","?","?","$","?","E","R","B",null],"character_chosen":"THE_SILENT","items_purchased":["Noxious Fumes","Cloak And Dagger"],"campfire_rested":2,"item_purchase_floors":[4,4],"current_hp_per_floor":[67,67,67,67,67,32,53,42,42,42,42,42,42,28,49,52,70,68,68,68,68,68,68,67,67,67,54,54,54,54,45,45,22,75,75],"gold":145,"neow_bonus":"HUNDRED_GOLD","is_daily":false,"chose_seed":false,"campfire_upgraded":3,"win_rate":0.0,"timestamp":1612022347,"path_taken":["M","?","M","$","?","E","R","E","T","R","?","M","?","M","R","BOSS","M","$","?","M","M","R","?","M","T","?","?","?","?","E","R","BOSS"],"items_purchased_type":["Card","Card"],"build_version":"2020-12-22","purchased_purges":4,"victory":false,"max_hp_per_floor":[70,70,70,70,70,70,70,70,70,70,70,70,70,70,70,70,70,70,70,70,70,70,70,70,70,70,75,75,75,75,75,75,75,75,75],"card_choices":[{"not_picked":["Dagger Spray","Sucker Punch"],"picked":"Blade Dance","floor":1},{"not_picked":["Crippling Poison","Backstab"],"picked":"Footwork","floor":3},{"not_picked":["Acrobatics","Well Laid Plans","Caltrops"],"picked":"SKIP","floor":5},{"not_picked":["Night Terror","Bane","Sucker Punch"],"picked":"SKIP","floor":6},{"not_picked":["Dash","Masterful Stab","Sucker Punch"],"picked":"SKIP","floor":8},{"not_picked":["Sucker Punch","Flechettes","Slice"],"picked":"SKIP","floor":12},{"not_picked":["Dash","Skewer","Underhanded Strike"],"picked":"SKIP","floor":14},{"not_picked":["All Out Attack","Prepared"],"picked":"Backflip","floor":18},{"not_picked":["Heel Hook","Dodge and Roll"],"picked":"Blade Dance","floor":21},{"not_picked":["Blade Dance","Flying Knee"],"picked":"Cloak And Dagger","floor":22},{"not_picked":["Poisoned Stab","Endless Agony"],"picked":"Prepared+1","floor":24},{"not_picked":["Quick Slash","Skewer","Dagger Throw"],"picked":"SKIP","floor":25},{"not_picked":["Flying Knee+1","Well Laid Plans+1","Noxious Fumes"],"picked":"SKIP","floor":31}],"player_experience":59343,"relics_obtained":[{"floor":6,"key":"Ornamental Fan"},{"floor":8,"key":"Juzu Bracelet"},{"floor":9,"key":"Anchor"},{"floor":13,"key":"War Paint"},{"floor":24,"key":"Red Mask"},{"floor":26,"key":"Mercury Hourglass"},{"floor":31,"key":"Centennial Puzzle"}],"event_choices":[{"damage_healed":0,"gold_gain":0,"player_choice":"Upgraded","damage_taken":0,"max_hp_gain":0,"max_hp_loss":0,"event_name":"Upgrade Shrine","floor":2,"gold_loss":0,"cards_upgraded":["Blade Dance"]},{"damage_healed":0,"gold_gain":0,"player_choice":"Copied","damage_taken":0,"max_hp_gain":0,"max_hp_loss":0,"event_name":"Duplicator","floor":20,"gold_loss":0,"cards_obtained":["Cloak And Dagger"]},{"damage_healed":0,"gold_gain":0,"player_choice":"Fought Bandits","damage_taken":0,"max_hp_gain":0,"max_hp_loss":0,"event_name":"Masked Bandits","floor":24,"gold_loss":0},{"damage_healed":0,"gold_gain":0,"player_choice":"Shed Blood","damage_taken":18,"max_hp_gain":5,"max_hp_loss":0,"event_name":"Forgotten Altar","floor":27,"gold_loss":0},{"damage_healed":0,"gold_gain":0,"player_choice":"Inject Mutagens","damage_taken":0,"relics_obtained":["MutagenicStrength"],"max_hp_gain":0,"max_hp_loss":0,"event_name":"Drug Dealer","floor":28,"gold_loss":0},{"cards_removed":["Strike_G"],"damage_healed":0,"gold_gain":0,"player_choice":"Upgrade and Remove","damage_taken":0,"max_hp_gain":0,"max_hp_loss":0,"event_name":"Designer","floor":30,"gold_loss":90,"cards_upgraded":["Backflip"]}],"is_beta":false,"boss_relics":[{"not_picked":["Runic Dome","Fusion Hammer"],"picked":"Cursed Key"},{"not_picked":["Astrolabe","Philosopher\u0027s Stone"],"picked":"Empty Cage"}],"items_purged_floors":[4,11,19,29],"is_endless":false,"potions_floor_spawned":[5,8,12,18,25,33],"ascension_level":2}}