{"host":"hn99riirbf0lv0ml","time":1612038309,"event":{"mods":["AchievementEnabler","Act Like it!","Bard","BaseMod","Beaked The Cultist","Colored Map","Colored Powertips","Conspire","Curses Come First","Downfall","Duelist Mod","Friendly Minions","Gensokyo","GifTheSpireLib","Glutton Mod","Halation","Jorbs\u0027s Wanderer Trilogy","Mad Scientist","Marisa????????","Minty Spire (QoL Compilation)","Rare Cards Sparkle","Replay The Spire","StSLib","The Blackbeard","The Bug Knight","The Construct","The Cursed","The Disciple","The Mystic","The Runesmith","The Servant 0.9.4","The Witch"],"gold_per_floor":[99,114,114,129,144,144,194,194,179,194,294,16,31,31,46,146,146,146,161,26,41,66,66,116,116,146,161,161,176,176,241,256,356,356,356,371,386,386,386,401,401,401,401,401,93,93,93,93,108,108,108],"floor_reached":50,"language":"ENG","playtime":14487,"items_purged":["stsjorbsmod:Defend_Wanderer","stsjorbsmod:Defend_Wanderer","Crow Ritual+1"],"score":525,"play_id":"42ea0e2c-c8a7-4b1d-90cf-86446aa28d0b","local_time":"20210130152509","daily_mods":["Allstar","ControlledChaos","Terminal"],"is_ascension_mode":false,"campfire_choices":[{"data":"stsjorbsmod:FreshAdventure","floor":1,"key":"SMITH"},{"floor":6,"key":"REST"},{"data":"stsjorbsmod:Channel","floor":8,"key":"SMITH"},{"data":"Crow Ritual","floor":18,"key":"SMITH"},{"data":"Master of Strategy","floor":23,"key":"SMITH"},{"data":"stsjorbsmod:WanderingMind","floor":25,"key":"SMITH"},{"floor":30,"key":"REST"},{"data":"ReplayTheSpireMod:Brewmster","floor":35,"key":"SMITH"},{"floor":43,"key":"REST"},{"data":"stsjorbsmod:BookOfTongues","floor":46,"key":"SMITH"}],"circlet_count":0,"master_deck":["stsjorbsmod:ForbiddenGrimoire+1","stsjorbsmod:FreshAdventure+1","stsjorbsmod:EyeOfTheStorm","ReplayTheSpireMod:Trickstab+1","Panache","Sadistic Nature","stsjorbsmod:DoubleCheck","stsjorbsmod:Channel+1","stsjorbsmod:RayOfFrost","stsjorbsmod:WanderingMind+1","stsjorbsmod:HedgeWizard","stsjorbsmod:Banish","stsjorbsmod:ScorchingRay","Master of Strategy+1","stsjorbsmod:BlackTentacles","stsjorbsmod:BookOfTongues+1","stsjorbsmod:Trauma","stsjorbsmod:WanderingMind","stsjorbsmod:Inferno+1","stsjorbsmod:Mindworm","stsjorbsmod:SmithingStrike","stsjorbsmod:WeightOfMemory+1","stsjorbsmod:ArcaneForm","ReplayTheSpireMod:Brewmster+1","stsjorbsmod:Message","stsjorbsmod:MirrorImage","stsjorbsmod:Withdraw","stsjorbsmod:Prestidigitation","stsjorbsmod:ScorchingRay","stsjorbsmod:MirrorImage","stsjorbsmod:Message","stsjorbsmod:RayOfFrost+1","stsjorbsmod:Feast","expansioncontent:QuickStudy","Gensokyo:Taser"],"relics":["stsjorbsmod:GrimoireRelic","Frozen Eye","Happy Flower","Guardian:PocketSentry","Potion Belt","Centennial Puzzle","Unceasing Top","Pandora\u0027s Box"],"acts_visited":["Exordium","Gensokyo:Gensokyoer","Gensokyo:Gensokyoest"],"potions_floor_usage":[11,11,15,15,16,16,16,26,31,33,37,40,40,40,40,50,50,50,50],"damage_taken":[{"damage":1,"enemies":"Cultist","floor":2,"turns":3},{"damage":1,"enemies":"Jaw Worm","floor":4,"turns":3},{"damage":1,"enemies":"conspire:RoseBush","floor":5,"turns":3},{"damage":0,"enemies":"downfall:FleeingMerchant","floor":9,"turns":4},{"damage":0,"enemies":"Exordium Thugs","floor":10,"turns":4},{"damage":3,"enemies":"downfall:LadyInBlue","floor":11,"turns":4},{"damage":0,"enemies":"downfall:FleeingMerchant","floor":12,"turns":6},{"damage":0,"enemies":"3 Louse","floor":13,"turns":2},{"damage":0,"enemies":"Exordium Wildlife","floor":15,"turns":2},{"damage":1,"enemies":"Hexaghost","floor":16,"turns":6},{"damage":0,"enemies":"Gensokyo:2_Gloops","floor":19,"turns":4},{"damage":5,"enemies":"Gensokyo:3_Dogs","floor":21,"turns":4},{"damage":9,"enemies":"Gensokyo:Tenshi","floor":26,"turns":4},{"damage":7,"enemies":"Gensokyo:Wraith","floor":27,"turns":5},{"damage":0,"enemies":"Gensokyo:3_Gloops","floor":29,"turns":4},{"damage":10,"enemies":"downfall:FleeingMerchant","floor":31,"turns":3},{"damage":1,"enemies":"Gensokyo:Chomper_and_Gloop","floor":32,"turns":4},{"damage":27,"enemies":"SI_MIRROR_ARCHETYPE","floor":33,"turns":8},{"damage":0,"enemies":"Gensokyo:3_Bats","floor":36,"turns":4},{"damage":6,"enemies":"Gensokyo:AncientGuardian","floor":37,"turns":6},{"damage":14,"enemies":"Gensokyo:Sharpion","floor":40,"turns":4},{"damage":0,"enemies":"Gensokyo:3_Boulders","floor":49,"turns":6},{"damage":22,"enemies":"DF_ARCHETYPE_ORBS","floor":50,"turns":2}],"seed_played":"-828330817948855686","potions_obtained":[{"floor":4,"key":"SkillPotion"},{"floor":5,"key":"Cursed Concoction"},{"floor":11,"key":"Explosive Potion"},{"floor":11,"key":"bronze:BurnAndBuffPotion"},{"floor":11,"key":"bronze:BurnAndBuffPotion"},{"floor":11,"key":"LiquidMemories"},{"floor":13,"key":"Adrenaline Potion"},{"floor":16,"key":"AttackPotion"},{"floor":19,"key":"Swift Potion"},{"floor":32,"key":"DuplicationPotion"},{"floor":33,"key":"AttackPotion"},{"floor":36,"key":"FearPotion"},{"floor":40,"key":"EntropicBrew"},{"floor":49,"key":"hexamod:SoulburnPotion"}],"is_trial":false,"path_per_floor":["R","M","?","M","M","R","T","R","$","M","?","$","M","?","M","B",null,"R","M","COS","M","T","R","T","R","E","M","?","M","R","$","M","B",null,"R","M","M","?","?","M","T","?","R","?","$","R","?","$","M","B"],"character_chosen":"WANDERER","items_purchased":["Master of Strategy","ReplayTheSpireMod:Brewmster","expansioncontent:QuickStudy"],"campfire_rested":3,"item_purchase_floors":[12,31,45],"current_hp_per_floor":[66,65,47,46,46,61,60,59,58,57,55,55,54,53,52,51,50,49,48,47,42,42,42,42,42,33,27,27,27,37,27,30,15,33,32,31,29,29,28,14,14,14,21,21,21,21,20,19,18,0,0],"gold":108,"neow_bonus":"","is_daily":true,"chose_seed":false,"campfire_upgraded":7,"win_rate":0.0,"timestamp":1612038309,"path_taken":["R","M","?","M","M","R","T","R","$","M","?","$","?","?","M","BOSS","R","?","COS","M","?","R","T","R","E","M","?","M","R","?","M","BOSS","R","M","M","?","?","M","T","?","R","?","$","R","?","$","M","BOSS"],"items_purchased_type":["Card","Card","Card"],"build_version":"2020-12-22","purchased_purges":3,"victory":false,"max_hp_per_floor":[66,65,64,63,62,61,60,59,58,57,56,55,54,53,52,51,50,49,48,47,46,45,44,43,42,41,40,39,38,37,36,35,34,33,32,31,30,29,28,27,26,25,24,23,22,21,20,19,18,18,18],"card_choices":[{"not_picked":["stsjorbsmod:Prestidigitation","stsjorbsmod:Hurt"],"picked":"stsjorbsmod:DoubleCheck","floor":2},{"not_picked":["stsjorbsmod:Introspection","stsjorbsmod:Materialize"],"picked":"stsjorbsmod:Channel","floor":4},{"not_picked":["stsjorbsmod:BookOfTongues","stsjorbsmod:Channel"],"picked":"stsjorbsmod:RayOfFrost","floor":5},{"not_picked":["stsjorbsmod:Counterspell","stsjorbsmod:Hurt"],"picked":"stsjorbsmod:WanderingMind","floor":9},{"not_picked":["stsjorbsmod:MagicMirror","stsjorbsmod:FranticSearch"],"picked":"stsjorbsmod:HedgeWizard","floor":10},{"not_picked":["stsjorbsmod:LoseGrip","stsjorbsmod:Firebolt"],"picked":"stsjorbsmod:Banish","floor":11},{"not_picked":["stsjorbsmod:OldPocket","stsjorbsmod:LoseGrip"],"picked":"stsjorbsmod:ScorchingRay","floor":12},{"not_picked":["stsjorbsmod:Channel","stsjorbsmod:WeightOfMemory"],"picked":"stsjorbsmod:BlackTentacles","floor":13},{"not_picked":["stsjorbsmod:FracturedMind","stsjorbsmod:Thorns"],"picked":"stsjorbsmod:BookOfTongues","floor":15},{"not_picked":["stsjorbsmod:Rediscovery","stsjorbsmod:ThirstingSword"],"picked":"stsjorbsmod:Trauma","floor":16},{"not_picked":["stsjorbsmod:ColorSpray","stsjorbsmod:BurningFlask"],"picked":"stsjorbsmod:WanderingMind","floor":19},{"not_picked":["stsjorbsmod:ChatteringStrike","stsjorbsmod:FracturedMind"],"picked":"stsjorbsmod:Inferno+1","floor":21},{"not_picked":["stsjorbsmod:Stalwart","stsjorbsmod:ParryingBlow"],"picked":"stsjorbsmod:Mindworm","floor":26},{"not_picked":["stsjorbsmod:FaerieFire+1","stsjorbsmod:Mindworm+1"],"picked":"stsjorbsmod:SmithingStrike","floor":27},{"not_picked":["stsjorbsmod:Materialize","stsjorbsmod:ChainLightning"],"picked":"stsjorbsmod:WeightOfMemory+1","floor":29},{"not_picked":["stsjorbsmod:ChainLightning","stsjorbsmod:Patron"],"picked":"stsjorbsmod:ArcaneForm","floor":31},{"not_picked":["stsjorbsmod:ChatteringStrike","stsjorbsmod:DisguiseSelf"],"picked":"stsjorbsmod:Message","floor":32},{"not_picked":["stsjorbsmod:ArcaneForm","stsjorbsmod:PurgeMind"],"picked":"stsjorbsmod:MirrorImage","floor":33},{"not_picked":["stsjorbsmod:BookOfTongues+1","stsjorbsmod:DoubleCheck+1"],"picked":"stsjorbsmod:Message","floor":36},{"not_picked":["stsjorbsmod:DoubleCheck","stsjorbsmod:DisguiseSelf"],"picked":"stsjorbsmod:RayOfFrost+1","floor":37},{"not_picked":["stsjorbsmod:Introspection","stsjorbsmod:TollTheDead","stsjorbsmod:HoldMonster"],"picked":"SKIP","floor":40},{"not_picked":["stsjorbsmod:Will+1","stsjorbsmod:TrueStrike","stsjorbsmod:Materialize"],"picked":"SKIP","floor":49}],"player_experience":328054,"relics_obtained":[{"floor":7,"key":"Guardian:PocketSentry"},{"floor":11,"key":"Potion Belt"},{"floor":24,"key":"Centennial Puzzle"},{"floor":26,"key":"Unceasing Top"}],"event_choices":[{"damage_healed":0,"gold_gain":0,"player_choice":"Success","damage_taken":18,"relics_obtained":["Happy Flower"],"max_hp_gain":0,"max_hp_loss":0,"event_name":"Scrap Ooze","floor":3,"gold_loss":0},{"cards_removed":["stsjorbsmod:Strike_Wanderer"],"damage_healed":0,"gold_gain":0,"player_choice":"Purged","damage_taken":0,"max_hp_gain":0,"max_hp_loss":0,"event_name":"Purifier","floor":14,"gold_loss":0},{"damage_healed":0,"gold_gain":0,"player_choice":"Leave","damage_taken":0,"max_hp_gain":0,"max_hp_loss":0,"event_name":"conspire:Investor","floor":42,"gold_loss":0}],"is_beta":false,"boss_relics":[{"not_picked":["Replay:Bronze Core","Painkiller Herb","Coffee Dripper"]},{"not_picked":["conspire:SlowCooker","beaked:MawFillet"],"picked":"Pandora\u0027s Box"}],"items_purged_floors":[12,31,45],"is_endless":false,"potions_floor_spawned":[4,5,11,13,16,19,32,33,36,40,49],"killed_by":"DF_ARCHETYPE_ORBS","ascension_level":0}}