{"host":"oigynbtg272c19pw","time":1612047185,"event":{"mods":["BaseMod","Colored Map","Minty Spire (QoL Compilation)","Relic Stats","Slay the Relics Exporter","StSLib"],"gold_per_floor":[19,33,48,48,148,178,178,213,213,20,35,35,50,81,81,158,158,174,184,184,184,109,142,142,170,170,184,201,201,229,247,247,247,247],"floor_reached":33,"playtime":1970,"items_purged":[],"score":700,"play_id":"56cc1460-59d0-4fdf-9af9-59ec4ca4ef45","local_time":"20210130235305","is_ascension_mode":true,"campfire_choices":[{"data":"Poisoned Stab","floor":7.0,"key":"SMITH"},{"floor":12.0,"key":"REST"},{"data":"Noxious Fumes","floor":15.0,"key":"SMITH"},{"floor":24.0,"key":"REST"},{"floor":29.0,"key":"REST"},{"data":"Bouncing Flask","floor":32,"key":"SMITH"}],"circlet_count":0,"master_deck":["AscendersBane","Strike_G","Strike_G","Strike_G","Strike_G","Strike_G","Defend_G","Defend_G","Defend_G","Defend_G","Defend_G","Survivor","Neutralize","Masterful Stab","Poisoned Stab+1","Underhanded Strike","Backstab","Outmaneuver","Backflip","Adrenaline","Noxious Fumes+1","Blade Dance","Malaise","Accuracy","Malaise","Noxious Fumes","Decay","Deadly Poison","Escape Plan","Acrobatics","Blade Dance","Bouncing Flask+1"],"relics":["Ring of the Snake","Anchor","Gremlin Horn","Bag of Marbles","OrangePellets","Centennial Puzzle","Cursed Key","White Beast Statue","Dream Catcher","Happy Flower","Ice Cream"],"acts_visited":["Exordium","TheCity"],"potions_floor_usage":[30,33],"damage_taken":[{"damage":1.0,"enemies":"Jaw Worm","floor":1.0,"turns":5.0},{"damage":0.0,"enemies":"2 Louse","floor":2.0,"turns":2.0},{"damage":0.0,"enemies":"Cultist","floor":3.0,"turns":3.0},{"damage":24.0,"enemies":"3 Sentries","floor":6.0,"turns":14.0},{"damage":40.0,"enemies":"Lagavulin","floor":8.0,"turns":7.0},{"damage":0.0,"enemies":"Looter","floor":11.0,"turns":2.0},{"damage":0.0,"enemies":"Large Slime","floor":13.0,"turns":3.0},{"damage":0.0,"enemies":"Gremlin Nob","floor":14.0,"turns":3.0},{"damage":17.0,"enemies":"The Guardian","floor":16.0,"turns":12.0},{"damage":0.0,"enemies":"Shell Parasite","floor":18.0,"turns":4.0},{"damage":4.0,"enemies":"3 Byrds","floor":19.0,"turns":5.0},{"damage":51.0,"enemies":"Slavers","floor":23.0,"turns":8.0},{"damage":10.0,"enemies":"Book of Stabbing","floor":25.0,"turns":8.0},{"damage":3.0,"enemies":"Centurion and Healer","floor":27.0,"turns":5.0},{"damage":4.0,"enemies":"Snake Plant","floor":28.0,"turns":4.0},{"damage":2,"enemies":"Slavers","floor":30,"turns":6},{"damage":3,"enemies":"Cultist and Chosen","floor":31,"turns":5},{"damage":48,"enemies":"Champ","floor":33,"turns":10}],"seed_played":"-3412191145348818992","potions_obtained":[{"floor":2.0,"key":"Energy Potion"},{"floor":3.0,"key":"SkillPotion"},{"floor":6.0,"key":"LiquidBronze"},{"floor":16.0,"key":"Ancient Potion"},{"floor":25.0,"key":"Weak Potion"},{"floor":27.0,"key":"Strength Potion"},{"floor":28.0,"key":"BlessingOfTheForge"},{"floor":30,"key":"FearPotion"},{"floor":31,"key":"GamblersBrew"}],"is_trial":false,"path_per_floor":["M","M","M","?","?","E","R","E","T","$","M","R","M","E","R","B",null,"M","M","T","?","?","E","R","E","T","M","M","R","E","M","R","B"],"character_chosen":"THE_SILENT","items_purchased":["OrangePellets","Backflip"],"campfire_rested":3,"item_purchase_floors":[10,10],"current_hp_per_floor":[70,70,70,70,70,46,46,6,6,6,6,29,29,29,29,12,62,62,58,58,58,58,7,30,20,20,17,13,36,34,31,31,0,0],"gold":247,"neow_bonus":"TWENTY_PERCENT_HP_BONUS","is_daily":false,"chose_seed":false,"campfire_upgraded":3,"win_rate":0.0,"timestamp":1612047185,"path_taken":["M","M","M","?","?","E","R","E","T","$","M","R","M","E","R","BOSS","M","M","?","?","?","E","R","E","T","M","M","R","E","?","R","BOSS"],"items_purchased_type":["Relic","Card"],"build_version":"2020-12-13","purchased_purges":0,"victory":false,"max_hp_per_floor":[78,78,78,78,78,78,78,78,78,78,78,78,78,78,78,78,78,78,78,78,78,78,78,78,78,78,78,78,78,78,78,78,78,78],"relic_stats":{"OrangePellets":[7],"Centennial Puzzle":[27],"Dream Catcher":1,"Gremlin Horn":[8,8],"Happy Flower":[10],"counters":[18,106],"Cursed Key":2,"obtain_stats":[{"Ice Cream":30,"OrangePellets":10,"Anchor":6,"Centennial Puzzle":14,"Dream Catcher":25,"Gremlin Horn":8,"Happy Flower":26,"Bag of Marbles":9,"Cursed Key":17,"White Beast Statue":23,"Ring of the Snake":0},{"Ice Cream":16,"OrangePellets":5,"Anchor":4,"Centennial Puzzle":8,"Dream Catcher":13,"Gremlin Horn":5,"Happy Flower":13,"Bag of Marbles":5,"Cursed Key":9,"White Beast Statue":12,"Ring of the Snake":0},{"Ice Cream":91,"OrangePellets":31,"Anchor":24,"Centennial Puzzle":39,"Dream Catcher":76,"Gremlin Horn":31,"Happy Flower":76,"Bag of Marbles":31,"Cursed Key":51,"White Beast Statue":68,"Ring of the Snake":0}],"Ring of the Snake":[36]},"card_choices":[{"not_picked":["Dagger Throw","Choke"],"picked":"Masterful Stab","floor":1.0},{"not_picked":["Dodge and Roll","Flying Knee"],"picked":"Poisoned Stab","floor":2.0},{"not_picked":["Quick Slash","Accuracy"],"picked":"Underhanded Strike","floor":3.0},{"not_picked":["Backflip","Poisoned Stab"],"picked":"Backstab","floor":6.0},{"not_picked":["Dagger Spray","Deflect"],"picked":"Outmaneuver","floor":8.0},{"not_picked":["Quick Slash","Expertise"],"picked":"Adrenaline","floor":11.0},{"not_picked":["Slice","PiercingWail"],"picked":"Noxious Fumes","floor":13.0},{"not_picked":["Underhanded Strike","Endless Agony"],"picked":"Blade Dance","floor":14.0},{"not_picked":["After Image","Unload"],"picked":"Malaise","floor":16.0},{"not_picked":["Poisoned Stab","Backflip"],"picked":"Accuracy","floor":18.0},{"not_picked":["Tactician","Bane","Distraction"],"picked":"SKIP","floor":19.0},{"not_picked":["Flying Knee","Choke"],"picked":"Malaise","floor":23.0},{"not_picked":["Riddle With Holes","Calculated Gamble"],"picked":"Noxious Fumes","floor":25.0},{"not_picked":["Blade Dance","Slice"],"picked":"Deadly Poison","floor":27.0},{"not_picked":["Dagger Throw+1","Deadly Poison"],"picked":"Escape Plan","floor":28.0},{"not_picked":["Deflect","Poisoned Stab"],"picked":"Acrobatics","floor":29.0},{"not_picked":["Sucker Punch","Masterful Stab"],"picked":"Blade Dance","floor":30},{"not_picked":["Calculated Gamble","All Out Attack"],"picked":"Bouncing Flask","floor":31}],"player_experience":1516151,"relics_obtained":[{"floor":6.0,"key":"Anchor"},{"floor":8.0,"key":"Gremlin Horn"},{"floor":9.0,"key":"Bag of Marbles"},{"floor":14.0,"key":"Centennial Puzzle"},{"floor":23.0,"key":"White Beast Statue"},{"floor":25.0,"key":"Dream Catcher"},{"floor":26.0,"key":"Happy Flower"},{"floor":30,"key":"Ice Cream"}],"event_choices":[{"damage_healed":0.0,"max_hp_gain":0.0,"max_hp_loss":0.0,"gold_gain":0.0,"event_name":"Liars Game","player_choice":"Ignored","floor":4.0,"gold_loss":0.0,"damage_taken":0.0},{"damage_healed":0.0,"max_hp_gain":0.0,"max_hp_loss":0.0,"gold_gain":100.0,"event_name":"Wheel of Change","player_choice":"Gold","floor":5.0,"gold_loss":0.0,"damage_taken":0.0},{"damage_healed":0.0,"max_hp_gain":0.0,"max_hp_loss":0.0,"gold_gain":0.0,"event_name":"Ghosts","player_choice":"Ignored","floor":21.0,"gold_loss":0.0,"damage_taken":0.0},{"cards_removed":["Normality"],"damage_healed":0.0,"max_hp_gain":0.0,"max_hp_loss":0.0,"gold_gain":0.0,"event_name":"Beggar","player_choice":"Gave Gold","floor":22.0,"gold_loss":75.0,"damage_taken":0.0}],"is_beta":false,"boss_relics":[{"not_picked":["Empty Cage","Runic Dome"],"picked":"Cursed Key"}],"items_purged_floors":[],"is_endless":false,"potions_floor_spawned":[2,3,6,16,25,27,28,30,31],"killed_by":"Champ","ascension_level":20}}