{"host":"5p9hybygolzp0efr","time":1612008617,"event":{"mods":["AchievementEnabler","BaseMod","Bestiary","Colored Map","Minty Spire (QoL Compilation)","Permanent Neow","Relic Stats","StSLib"],"gold_per_floor":[112,126,140,140,159,159,159,159],"floor_reached":7,"language":"ENG","playtime":380,"items_purged":[],"score":59,"play_id":"672ce7ec-a811-44b0-b22e-c6fea822ce9a","local_time":"20210130201017","is_ascension_mode":true,"campfire_choices":[{"floor":6,"key":"REST"}],"circlet_count":0,"master_deck":["Strike_G","Strike_G","Strike_G","Strike_G","Strike_G","Defend_G","Defend_G","Defend_G","Defend_G","Defend_G","Survivor","Neutralize","Deadly Poison","Sucker Punch","Blur","Dodge and Roll"],"relics":["SacredBark"],"acts_visited":["Exordium"],"potions_floor_usage":[4],"damage_taken":[{"damage":4.0,"enemies":"Small Slimes","floor":1.0,"turns":4.0},{"damage":6.0,"enemies":"Cultist","floor":2.0,"turns":4.0},{"damage":4.0,"enemies":"Jaw Worm","floor":3.0,"turns":4.0},{"damage":0,"enemies":"Gremlin Gang","floor":4,"turns":1},{"damage":42,"enemies":"Lots of Slimes","floor":5,"turns":8},{"damage":29,"enemies":"Lagavulin","floor":7,"turns":7}],"seed_played":"2613932760268798670","potions_obtained":[{"floor":1.0,"key":"SmokeBomb"},{"floor":5,"key":"Ancient Potion"}],"is_trial":false,"path_per_floor":["M","M","M","M","M","R","E"],"character_chosen":"THE_SILENT","items_purchased":[],"campfire_rested":1,"item_purchase_floors":[],"current_hp_per_floor":[59,53,49,49,7,28,0,0],"gold":159,"neow_bonus":"BOSS_RELIC","is_daily":false,"chose_seed":false,"campfire_upgraded":0,"win_rate":0.0,"timestamp":1612008617,"path_taken":["M","M","M","M","M","R","E"],"items_purchased_type":[],"build_version":"2020-12-22","purchased_purges":0,"victory":false,"max_hp_per_floor":[70,70,70,70,70,70,70,70],"relic_stats":{"counters":[6,28],"obtain_stats":[{"SacredBark":0,"Ring of the Snake":0},{"SacredBark":0,"Ring of the Snake":0},{"SacredBark":0,"Ring of the Snake":0}]},"card_choices":[{"not_picked":["Expertise","Outmaneuver"],"picked":"Deadly Poison","floor":1.0},{"not_picked":["Setup","Deadly Poison"],"picked":"Sucker Punch","floor":2.0},{"not_picked":["Underhanded Strike","Tools of the Trade"],"picked":"Blur","floor":3.0},{"not_picked":["Dagger Spray","Prepared"],"picked":"Dodge and Roll","floor":5}],"player_experience":573817,"relics_obtained":[],"event_choices":[],"is_beta":false,"boss_relics":[],"items_purged_floors":[],"is_endless":false,"potions_floor_spawned":[1,4,5],"killed_by":"Lagavulin","ascension_level":6}}