{"host":"7qqg3hyzrz6apiso","time":1612020029,"event":{"mods":["AchievementEnabler","BaseMod","Better Debug","Colored Map","Keyboard Shortcuts","Minty Spire (QoL Compilation)","Permanent Neow","Quick Restart","StSLib","SuperFastMode"],"gold_per_floor":[113,123,136,36,56,56,70,70,93,93,127,302,53,78,78,208,208,184,33,46,61,61,61,61,27,99,14,14,47,47,47,47,148,148,160,35,35,50,50,50],"floor_reached":39,"language":"KOR","playtime":1825,"items_purged":["Decay","Doubt","Injury"],"score":519,"play_id":"0bc453c9-75e4-408f-ae52-ab9b5d3e2049","local_time":"20210131002029","is_ascension_mode":true,"campfire_choices":[{"data":"Neutralize","floor":6.0,"key":"SMITH"},{"data":"Catalyst","floor":8.0,"key":"SMITH"},{"floor":15.0,"key":"REST"},{"floor":23.0,"key":"REST"},{"data":"Noxious Fumes","floor":28.0,"key":"SMITH"},{"floor":32.0,"key":"REST"}],"circlet_count":0,"master_deck":["Survivor+1","Neutralize+1","Deadly Poison","Caltrops","Backflip+1","Catalyst+1","Deadly Poison","Noxious Fumes+1","Accuracy+1","All Out Attack+1","PiercingWail+1","Backflip","Crippling Poison","PiercingWail","Crippling Poison","Prepared","Burst","Bane","Venomology","Choke","Footwork+1","Bouncing Flask+1","Noxious Fumes+1","Deflect"],"relics":["Ring of the Snake","Lizard Tail","Ancient Tea Set","Bloody Idol","Vajra","Strange Spoon","Astrolabe","Frozen Egg 2","Centennial Puzzle","PreservedInsect","Pandora\u0027s Box","War Paint"],"acts_visited":["Exordium","TheCity","TheBeyond"],"potions_floor_usage":[39,39,39,39],"damage_taken":[{"damage":0.0,"enemies":"2 Louse","floor":1.0,"turns":3.0},{"damage":10.0,"enemies":"Small Slimes","floor":2.0,"turns":4.0},{"damage":2.0,"enemies":"Cultist","floor":3.0,"turns":4.0},{"damage":4.0,"enemies":"Red Slaver","floor":5.0,"turns":5.0},{"damage":16.0,"enemies":"3 Louse","floor":7.0,"turns":4.0},{"damage":13.0,"enemies":"3 Sentries","floor":11.0,"turns":3.0},{"damage":16.0,"enemies":"Large Slime","floor":14.0,"turns":8.0},{"damage":0.0,"enemies":"Slime Boss","floor":16.0,"turns":3.0},{"damage":22.0,"enemies":"2 Thieves","floor":18.0,"turns":5.0},{"damage":5.0,"enemies":"Spheric Guardian","floor":20.0,"turns":5.0},{"damage":18.0,"enemies":"Centurion and Healer","floor":21.0,"turns":8.0},{"damage":32.0,"enemies":"Book of Stabbing","floor":29.0,"turns":7.0},{"damage":12.0,"enemies":"Champ","floor":33.0,"turns":5.0},{"damage":33.0,"enemies":"Orb Walker","floor":35.0,"turns":5.0},{"damage":44.0,"enemies":"3 Darklings","floor":38.0,"turns":4.0},{"damage":52,"enemies":"Jaw Worm Horde","floor":39,"turns":5}],"seed_played":"4383795807504234852","potions_obtained":[{"floor":3.0,"key":"ColorlessPotion"},{"floor":7.0,"key":"Regen Potion"},{"floor":11.0,"key":"Fire Potion"},{"floor":14.0,"key":"Weak Potion"},{"floor":21.0,"key":"Strength Potion"},{"floor":29.0,"key":"Energy Potion"},{"floor":33.0,"key":"Fire Potion"},{"floor":35.0,"key":"Swift Potion"}],"is_trial":false,"path_per_floor":["M","M","M","$","M","R","M","R","T","?","E","?","$","M","R","B",null,"M","$","M","M","$","R","?","$","T","?","R","E","?","?","R","B",null,"M","$","?","M","M"],"character_chosen":"THE_SILENT","items_purchased":["Backflip","Strange Spoon","Backflip","Crippling Poison","Noxious Fumes+1","Deflect"],"campfire_rested":3,"item_purchase_floors":[4,13,19,25,36,36],"current_hp_per_floor":[70,60,58,58,54,54,38,38,38,38,37,37,37,21,42,42,70,48,48,43,25,25,46,46,46,51,51,51,24,24,24,45,38,70,42,42,42,40,0,0],"gold":50,"neow_bonus":"ONE_RARE_RELIC","is_daily":false,"chose_seed":false,"campfire_upgraded":3,"win_rate":0.0,"timestamp":1612020029,"path_taken":["M","M","M","$","M","R","M","R","T","?","E","?","$","M","R","BOSS","M","$","M","M","$","R","?","$","T","?","R","E","?","?","R","BOSS","M","$","?","?","M"],"items_purchased_type":["Card","Relic","Card","Card","Card","Card"],"build_version":"2020-12-22","purchased_purges":3,"victory":false,"max_hp_per_floor":[70,70,70,70,70,70,70,70,70,70,70,70,70,70,70,70,70,70,70,70,70,70,70,70,70,70,70,70,70,70,70,70,70,70,70,70,70,70,70,70],"card_choices":[{"not_picked":["Well Laid Plans","Backstab"],"picked":"Deadly Poison","floor":1.0},{"not_picked":["Sucker Punch","Cloak And Dagger"],"picked":"Caltrops","floor":2.0},{"not_picked":["Riddle With Holes","Dagger Spray","Outmaneuver"],"picked":"SKIP","floor":3.0},{"not_picked":["Expertise","Terror","Dagger Throw"],"picked":"SKIP","floor":5.0},{"not_picked":["Slice","Crippling Poison"],"picked":"Catalyst","floor":7.0},{"not_picked":["Endless Agony","Quick Slash"],"picked":"Deadly Poison","floor":11.0},{"not_picked":["Leg Sweep","Blade Dance"],"picked":"Noxious Fumes","floor":14.0},{"not_picked":["Prepared","Predator","Quick Slash+1"],"picked":"SKIP","floor":18.0},{"not_picked":["Skewer","Sucker Punch+1","Quick Slash+1"],"picked":"SKIP","floor":20.0},{"not_picked":["Blur+1","Poisoned Stab+1","Dagger Throw"],"picked":"SKIP","floor":21.0},{"not_picked":["Underhanded Strike","Cloak And Dagger","Accuracy+1"],"picked":"SKIP","floor":29.0},{"not_picked":["Sucker Punch","Deflect+1"],"picked":"Bouncing Flask+1","floor":35.0},{"not_picked":["Heel Hook+1","Deflect+1","Setup+1"],"picked":"SKIP","floor":38}],"player_experience":169542,"relics_obtained":[{"floor":9.0,"key":"Ancient Tea Set"},{"floor":11.0,"key":"Vajra"},{"floor":26.0,"key":"Frozen Egg 2"},{"floor":29.0,"key":"PreservedInsect"},{"floor":37.0,"key":"War Paint"}],"event_choices":[{"damage_healed":0.0,"max_hp_gain":0.0,"max_hp_loss":0.0,"gold_gain":0.0,"event_name":"Golden Idol","player_choice":"Take Wound","floor":10.0,"gold_loss":0.0,"damage_taken":0.0,"relics_obtained":["Golden Idol"],"cards_obtained":["Injury"]},{"damage_healed":0.0,"max_hp_gain":0.0,"max_hp_loss":0.0,"gold_gain":175.0,"event_name":"Liars Game","player_choice":"AGREE","floor":12.0,"gold_loss":0.0,"damage_taken":0.0,"cards_obtained":["Doubt"]},{"damage_healed":0.0,"max_hp_gain":0.0,"max_hp_loss":0.0,"gold_gain":0.0,"event_name":"Forgotten Altar","player_choice":"Gave Idol","floor":24.0,"relics_lost":["Golden Idol"],"gold_loss":0.0,"damage_taken":0.0,"relics_obtained":["Bloody Idol"]},{"damage_healed":0.0,"max_hp_gain":0.0,"max_hp_loss":0.0,"gold_gain":0.0,"event_name":"Addict","player_choice":"Obtained Relic","floor":27.0,"gold_loss":85.0,"damage_taken":0.0,"relics_obtained":["Centennial Puzzle"]},{"damage_healed":0.0,"max_hp_gain":0.0,"max_hp_loss":0.0,"gold_gain":0.0,"event_name":"The Library","player_choice":"Read","floor":30.0,"gold_loss":0.0,"damage_taken":0.0,"cards_obtained":["PiercingWail"]},{"damage_healed":0.0,"max_hp_gain":0.0,"max_hp_loss":0.0,"gold_gain":0.0,"event_name":"Cursed Tome","player_choice":"Ignored","floor":31.0,"gold_loss":0.0,"damage_taken":0.0},{"damage_healed":0.0,"max_hp_gain":0.0,"max_hp_loss":0.0,"gold_gain":0.0,"event_name":"Wheel of Change","player_choice":"Relic","floor":37.0,"gold_loss":0.0,"damage_taken":0.0}],"is_beta":false,"boss_relics":[{"not_picked":["Snecko Eye","SacredBark"],"picked":"Astrolabe"},{"not_picked":["Philosopher\u0027s Stone","Fusion Hammer"],"picked":"Pandora\u0027s Box"}],"items_purged_floors":[4,13,19],"is_endless":false,"potions_floor_spawned":[3,7,11,14,21,29,33,35],"killed_by":"Jaw Worm Horde","ascension_level":2}}