{"host":"m0bekkrd201b63ug","time":1612020172,"event":{"mods":["AchievementEnabler","BaseMod","Colored Powertips","Minty Spire (QoL Compilation)","Rare Cards Sparkle","StSLib","SuperFastMode","everything is the same but u backflip on backflip","slay the spire mod where everything is the same but ironclad has a cowboy hat"],"gold_per_floor":[117,68,78,33,33,58,70,70,70,90,13,46,46,59,59,138,138,148,168,168,93,103,103,103,103],"floor_reached":24,"language":"ENG","playtime":1166,"items_purged":["Outmaneuver"],"score":361,"play_id":"400b23fb-2aa9-42f6-a214-29f5b735d8c8","local_time":"20210130132252","is_ascension_mode":true,"campfire_choices":[{"floor":8.0,"key":"REST"},{"floor":13.0,"key":"REST"},{"data":"Footwork","floor":15.0,"key":"SMITH"},{"floor":23,"key":"REST"}],"circlet_count":0,"master_deck":["AscendersBane","Strike_G","Strike_G","Strike_G","Strike_G","Defend_G","Defend_G","Defend_G","Defend_G","Defend_G","Survivor","Neutralize","Dagger Throw","Underhanded Strike","PiercingWail","Prepared","All Out Attack","Backflip","Footwork+1","Poisoned Stab+1","Footwork","Burst","Footwork"],"relics":["Black Star","StrikeDummy","Nunchaku","Mummified Hand","Peace Pipe","Molten Egg 2","Cursed Key"],"acts_visited":["Exordium","TheCity"],"potions_floor_usage":[22],"damage_taken":[{"damage":6.0,"enemies":"Cultist","floor":1.0,"turns":6.0},{"damage":1.0,"enemies":"Small Slimes","floor":3.0,"turns":4.0},{"damage":51.0,"enemies":"3 Sentries","floor":6.0,"turns":15.0},{"damage":0.0,"enemies":"Jaw Worm","floor":7.0,"turns":3.0},{"damage":0.0,"enemies":"2 Fungi Beasts","floor":10.0,"turns":3.0},{"damage":3.0,"enemies":"Gremlin Nob","floor":12.0,"turns":3.0},{"damage":0.0,"enemies":"Large Slime","floor":14.0,"turns":6.0},{"damage":35.0,"enemies":"The Guardian","floor":16.0,"turns":13.0},{"damage":1.0,"enemies":"Chosen","floor":18.0,"turns":6.0},{"damage":6.0,"enemies":"3 Byrds","floor":19.0,"turns":6.0},{"damage":18,"enemies":"Cultist and Chosen","floor":22,"turns":6},{"damage":50,"enemies":"Slavers","floor":24,"turns":4}],"seed_played":"8827725705923686840","potions_obtained":[{"floor":7.0,"key":"Poison Potion"},{"floor":10.0,"key":"CunningPotion"},{"floor":16.0,"key":"SkillPotion"},{"floor":19.0,"key":"Swift Potion"}],"is_trial":false,"path_per_floor":["M","?","M","$","?","E","M","R","T","M","$","E","R","M","R","B",null,"M","M","?","$","M","R","E"],"character_chosen":"THE_SILENT","items_purchased":["PiercingWail","Footwork"],"campfire_rested":3,"item_purchase_floors":[4,11],"current_hp_per_floor":[53,53,52,52,52,1,1,20,20,20,20,17,36,36,36,1,50,49,43,43,43,25,44,0,0],"gold":103,"neow_bonus":"BOSS_RELIC","is_daily":false,"chose_seed":false,"campfire_upgraded":1,"win_rate":0.0,"timestamp":1612020172,"path_taken":["M","?","M","$","?","E","?","R","T","M","$","E","R","M","R","BOSS","M","M","?","$","M","R","E"],"items_purchased_type":["Card","Card"],"build_version":"2020-12-22","purchased_purges":1,"victory":false,"max_hp_per_floor":[66,66,66,66,66,66,66,66,66,66,66,66,66,66,66,66,66,66,66,66,66,66,66,66,66],"card_choices":[{"not_picked":["Flying Knee","Prepared"],"picked":"Dagger Throw","floor":1.0},{"not_picked":["Slice","Flying Knee"],"picked":"Underhanded Strike","floor":3.0},{"not_picked":["Venomology","Infinite Blades"],"picked":"Prepared","floor":6.0},{"not_picked":["Calculated Gamble","Backflip"],"picked":"All Out Attack","floor":7.0},{"not_picked":["Deflect","Flying Knee"],"picked":"Backflip","floor":10.0},{"not_picked":["Storm of Steel","Bane+1"],"picked":"Poisoned Stab+1","floor":12.0},{"not_picked":["Blade Dance","Bane+1"],"picked":"Footwork","floor":14.0},{"not_picked":["Storm of Steel","A Thousand Cuts"],"picked":"Burst","floor":16.0},{"not_picked":["Choke+1","Cloak And Dagger","Terror"],"picked":"SKIP","floor":18.0},{"not_picked":["Cloak And Dagger","Finisher+1"],"picked":"Footwork","floor":19.0},{"not_picked":["Deadly Poison","Noxious Fumes","Accuracy"],"picked":"SKIP","floor":22}],"player_experience":220077,"relics_obtained":[{"floor":6.0,"key":"StrikeDummy"},{"floor":6.0,"key":"Nunchaku"},{"floor":9.0,"key":"Mummified Hand"},{"floor":12.0,"key":"Peace Pipe"},{"floor":12.0,"key":"Molten Egg 2"}],"event_choices":[{"damage_healed":0.0,"max_hp_gain":0.0,"max_hp_loss":0.0,"gold_gain":0.0,"event_name":"World of Goop","player_choice":"Left Gold","floor":2.0,"gold_loss":49.0,"damage_taken":0.0},{"damage_healed":0.0,"max_hp_gain":0.0,"max_hp_loss":0.0,"gold_gain":0.0,"cards_transformed":["Strike_G"],"event_name":"Transmorgrifier","player_choice":"Transformed","floor":5.0,"gold_loss":0.0,"damage_taken":0.0,"cards_obtained":["Outmaneuver"]},{"damage_healed":0.0,"max_hp_gain":0.0,"max_hp_loss":0.0,"gold_gain":0.0,"event_name":"Ghosts","player_choice":"Ignored","floor":20.0,"gold_loss":0.0,"damage_taken":0.0}],"is_beta":false,"boss_relics":[{"not_picked":["Sozu","Runic Pyramid"],"picked":"Cursed Key"}],"items_purged_floors":[21],"is_endless":false,"potions_floor_spawned":[7,10,16,19],"killed_by":"Slavers","ascension_level":15}}