{"host":"9oshzrjkbi608dco","time":1612013676,"event":{"mods":["AchievementEnabler","BaseMod","Colored Powertips","Minty Spire (QoL Compilation)"],"gold_per_floor":[111,111,111,123,123,123,157,157,207,224,253,273,293,323,323,427,427,437,437,468,4,22,22,121,121,146,180,192,214,226,249,261,374,386,416,428,440,32,50,81,81,131,131,142,142,142,142,157,157,157,157,157,7,39,39,39],"floor_reached":55,"language":"ENG","playtime":4237,"items_purged":["Writhe"],"score":933,"play_id":"d17427f7-efc4-427e-908d-89671cd5834c","local_time":"20210131003436","is_ascension_mode":false,"campfire_choices":[{"floor":6,"key":"RECALL"},{"floor":15,"key":"REST"},{"floor":23,"key":"DIG"},{"floor":25,"key":"DIG"},{"floor":30,"key":"REST"},{"floor":32,"key":"REST"},{"floor":41,"key":"REST"},{"floor":45,"key":"DIG"},{"floor":47,"key":"DIG"},{"floor":49,"key":"REST"},{"floor":52,"key":"DIG"}],"circlet_count":0,"master_deck":["Strike_P","Strike_P+1","Strike_P","Strike_P","Defend_P","Defend_P+1","Defend_P","Defend_P","Eruption","Vigilance","CarveReality+1","FlyingSleeves","SignatureMove","ForeignInfluence","Swivel","Conclude","DeceiveReality","Meditate","CutThroughFate","Judgement","CurseOfTheBell","BowlingBash+1","SandsOfTime","Bandage Up","ClearTheMind","CarveReality+1","Evaluate+1","FlurryOfBlows+1","Tantrum+1","Devotion","Consecrate+1","Discovery","BattleHymn+1","Protect+1","WheelKick+1","Chrysalis+1","ForeignInfluence","PathToVictory+1"],"relics":["HolyWater","NeowsBlessing","Strawberry","Shovel","Thread and Needle","Torii","Calling Bell","Nunchaku","Pear","GoldenEye","Ancient Tea Set","Red Mask","Mango","White Beast Statue","Mummified Hand","Whetstone","MawBank","Ornamental Fan","Membership Card","Gambling Chip","PreservedInsect","Ginger","Prayer Wheel","Centennial Puzzle","Lizard Tail","Sundial","Vajra","War Paint","Bottled Lightning"],"acts_visited":["Exordium","TheCity","TheBeyond","TheEnding"],"potions_floor_usage":[7,14,14,14,16,20,27,31,33,40,40,42,42,44,48,50],"damage_taken":[{"damage":0,"enemies":"Small Slimes","floor":1,"turns":1},{"damage":0,"enemies":"Jaw Worm","floor":4,"turns":1},{"damage":0,"enemies":"2 Louse","floor":5,"turns":1},{"damage":0,"enemies":"Gremlin Nob","floor":7,"turns":2},{"damage":7,"enemies":"Blue Slaver","floor":10,"turns":3},{"damage":31,"enemies":"Lagavulin","floor":11,"turns":6},{"damage":2,"enemies":"2 Fungi Beasts","floor":12,"turns":3},{"damage":0,"enemies":"Lots of Slimes","floor":13,"turns":1},{"damage":0,"enemies":"3 Sentries","floor":14,"turns":4},{"damage":0,"enemies":"Slime Boss","floor":16,"turns":5},{"damage":0,"enemies":"Spheric Guardian","floor":18,"turns":2},{"damage":37,"enemies":"Masked Bandits","floor":20,"turns":6},{"damage":4,"enemies":"3 Byrds","floor":22,"turns":3},{"damage":38,"enemies":"Book of Stabbing","floor":27,"turns":7},{"damage":20,"enemies":"3 Cultists","floor":29,"turns":5},{"damage":18,"enemies":"Shelled Parasite and Fungi","floor":31,"turns":6},{"damage":27,"enemies":"Collector","floor":33,"turns":6},{"damage":62,"enemies":"3 Darklings","floor":35,"turns":7},{"damage":0,"enemies":"Orb Walker","floor":39,"turns":2},{"damage":1,"enemies":"Nemesis","floor":40,"turns":3},{"damage":17,"enemies":"Mind Bloom Boss Battle","floor":42,"turns":5},{"damage":7,"enemies":"Writhing Mass","floor":44,"turns":5},{"damage":1,"enemies":"Jaw Worm Horde","floor":48,"turns":4},{"damage":124,"enemies":"Donu and Deca","floor":50,"turns":10},{"damage":0,"enemies":"Shield and Spear","floor":54,"turns":3},{"damage":119,"enemies":"The Heart","floor":55,"turns":5}],"seed_played":"2179591258324739836","potions_obtained":[{"floor":4,"key":"Fire Potion"},{"floor":11,"key":"Strength Potion"},{"floor":12,"key":"BottledMiracle"},{"floor":13,"key":"Strength Potion"},{"floor":14,"key":"LiquidBronze"},{"floor":18,"key":"AttackPotion"},{"floor":27,"key":"FearPotion"},{"floor":29,"key":"LiquidBronze"},{"floor":31,"key":"Ambrosia"},{"floor":33,"key":"SteroidPotion"},{"floor":35,"key":"Explosive Potion"},{"floor":40,"key":"EssenceOfSteel"},{"floor":42,"key":"PowerPotion"},{"floor":44,"key":"DuplicationPotion"},{"floor":48,"key":"Ancient Potion"},{"floor":54,"key":"FearPotion"}],"is_trial":false,"path_per_floor":["M","?","?","M","M","R","E","?","T","M","E","M","M","E","R","B",null,"M","?","?","$","M","R","?","R","T","E","?","M","R","M","R","B",null,"M","?","?","$","M","E","R","?","T","M","R","?","R","M","R","B",null,"R","$","E","B"],"character_chosen":"WATCHER","items_purchased":["Bandage Up","Mango","PowerPotion","ClearTheMind","Membership Card","Gambling Chip","BlessingOfTheForge","Discovery","Vajra","War Paint"],"campfire_rested":5,"item_purchase_floors":[21,21,21,21,38,38,38,38,53,53],"current_hp_per_floor":[72,72,72,72,72,72,79,54,54,47,16,14,14,14,37,37,89,89,89,52,66,62,62,62,62,62,28,28,12,42,28,58,35,103,45,45,45,45,45,48,78,65,65,62,62,62,62,65,95,29,103,103,103,103,0,0],"gold":39,"neow_bonus":"THREE_ENEMY_KILL","is_daily":false,"chose_seed":false,"campfire_upgraded":0,"win_rate":0.0,"timestamp":1612013676,"path_taken":["M","?","?","?","M","R","E","?","T","M","E","M","M","E","R","BOSS","M","?","?","$","M","R","?","R","T","E","?","?","R","M","R","BOSS","M","?","?","$","?","E","R","?","T","M","R","?","R","M","R","BOSS","R","$","E","BOSS"],"items_purchased_type":["Card","Relic","Potion","Card","Relic","Relic","Potion","Card","Relic","Relic"],"build_version":"2020-12-22","purchased_purges":1,"victory":false,"max_hp_per_floor":[72,72,72,72,72,72,79,79,79,79,79,79,79,79,79,79,89,89,89,89,103,103,103,103,103,103,103,103,103,103,103,103,103,103,103,103,103,103,103,103,103,103,103,103,103,103,103,103,103,103,103,103,103,103,103,103],"card_choices":[{"not_picked":["ThirdEye","SashWhip"],"picked":"CarveReality","floor":1},{"not_picked":["SashWhip","FlurryOfBlows"],"picked":"FlyingSleeves","floor":4},{"not_picked":["Prostrate","WheelKick"],"picked":"SignatureMove","floor":5},{"not_picked":["Scrawl","SashWhip"],"picked":"ForeignInfluence","floor":7},{"not_picked":["MentalFortress","Perseverance"],"picked":"Swivel","floor":10},{"not_picked":["Halt","InnerPeace"],"picked":"Conclude","floor":11},{"not_picked":["SashWhip","Crescendo"],"picked":"DeceiveReality","floor":12},{"not_picked":["JustLucky","EmptyBody"],"picked":"Meditate","floor":13},{"not_picked":["EmptyBody","JustLucky"],"picked":"CutThroughFate","floor":14},{"not_picked":["MasterReality","Scrawl"],"picked":"Judgement","floor":16},{"not_picked":["Vengeance","JustLucky"],"picked":"BowlingBash+1","floor":18},{"not_picked":["FollowUp+1","Fasting2+1"],"picked":"SandsOfTime","floor":20},{"not_picked":["FollowUp","Consecrate"],"picked":"CarveReality+1","floor":22},{"not_picked":["Halt","BowlingBash+1"],"picked":"Evaluate+1","floor":27},{"not_picked":["MasterReality","CutThroughFate"],"picked":"FlurryOfBlows+1","floor":29},{"not_picked":["Evaluate","EmptyFist"],"picked":"Tantrum+1","floor":31},{"not_picked":["Establishment","Brilliance"],"picked":"Devotion","floor":33},{"not_picked":["WindmillStrike","BowlingBash"],"picked":"Consecrate+1","floor":35},{"not_picked":["Tantrum+1","FlyingSleeves+1"],"picked":"BattleHymn+1","floor":39},{"not_picked":["Pray","Indignation"],"picked":"Protect+1","floor":40},{"not_picked":["Adaptation","ReachHeaven"],"picked":"WheelKick+1","floor":42},{"not_picked":["EmptyBody+1","Crescendo","Protect+1"],"picked":"SKIP","floor":44},{"not_picked":["ConjureBlade","BowlingBash+1","Sanctity"],"picked":"SKIP","floor":44},{"not_picked":["Master of Strategy","PanicButton"],"picked":"Chrysalis","floor":46},{"not_picked":["Halt","CrushJoints"],"picked":"ForeignInfluence","floor":48},{"not_picked":["TalkToTheHand+1","Perseverance+1","Wallop"],"picked":"SKIP","floor":48},{"not_picked":["BattleHymn+1","EmptyBody+1"],"picked":"PathToVictory+1","floor":54}],"player_experience":75834,"relics_obtained":[{"floor":7,"key":"Strawberry"},{"floor":11,"key":"Thread and Needle"},{"floor":14,"key":"Torii"},{"floor":17,"key":"Nunchaku"},{"floor":17,"key":"Pear"},{"floor":17,"key":"GoldenEye"},{"floor":20,"key":"Red Mask"},{"floor":23,"key":"White Beast Statue"},{"floor":25,"key":"Mummified Hand"},{"floor":26,"key":"Whetstone"},{"floor":27,"key":"MawBank"},{"floor":40,"key":"PreservedInsect"},{"floor":42,"key":"Ginger"},{"floor":43,"key":"Prayer Wheel"},{"floor":45,"key":"Centennial Puzzle"},{"floor":47,"key":"Lizard Tail"},{"floor":52,"key":"Sundial"},{"floor":54,"key":"Bottled Lightning"}],"event_choices":[{"damage_healed":0,"gold_gain":0,"player_choice":"Leave","damage_taken":0,"max_hp_gain":0,"max_hp_loss":0,"event_name":"The Cleric","floor":2,"gold_loss":0},{"damage_healed":0,"gold_gain":0,"player_choice":"Ignored","damage_taken":0,"max_hp_gain":0,"max_hp_loss":0,"event_name":"Golden Wing","floor":3,"gold_loss":0},{"damage_healed":0,"gold_gain":0,"player_choice":"Success","damage_taken":25,"relics_obtained":["Shovel"],"max_hp_gain":0,"max_hp_loss":0,"event_name":"Scrap Ooze","floor":8,"gold_loss":0},{"damage_healed":0,"gold_gain":0,"player_choice":"Opened","damage_taken":0,"relics_obtained":["Ancient Tea Set"],"max_hp_gain":0,"max_hp_loss":0,"event_name":"The Mausoleum","floor":19,"gold_loss":0,"cards_obtained":["Writhe"]},{"damage_healed":0,"gold_gain":0,"player_choice":"Fought Bandits","damage_taken":0,"max_hp_gain":0,"max_hp_loss":0,"event_name":"Masked Bandits","floor":20,"gold_loss":0},{"damage_healed":0,"gold_gain":99,"player_choice":"Stole From Cult","damage_taken":0,"max_hp_gain":0,"max_hp_loss":0,"event_name":"Nest","floor":24,"gold_loss":0},{"damage_healed":0,"gold_gain":0,"player_choice":"Gave Potion","damage_taken":0,"relics_obtained":["Ornamental Fan"],"max_hp_gain":0,"max_hp_loss":0,"event_name":"WeMeetAgain","floor":28,"gold_loss":0},{"damage_healed":0,"gold_gain":0,"player_choice":"Ignored","damage_taken":0,"max_hp_gain":0,"max_hp_loss":0,"event_name":"Mysterious Sphere","floor":36,"gold_loss":0},{"damage_healed":0,"gold_gain":0,"player_choice":"Ignored","damage_taken":0,"max_hp_gain":0,"max_hp_loss":0,"event_name":"SecretPortal","floor":37,"gold_loss":0},{"damage_healed":0,"gold_gain":0,"player_choice":"Fight","damage_taken":0,"max_hp_gain":0,"max_hp_loss":0,"event_name":"MindBloom","floor":42,"gold_loss":0},{"damage_healed":0,"gold_gain":0,"player_choice":"Memory 1","damage_taken":0,"max_hp_gain":0,"max_hp_loss":0,"event_name":"SensoryStone","floor":46,"gold_loss":0}],"is_beta":false,"boss_relics":[{"not_picked":["Coffee Dripper","Fusion Hammer"],"picked":"Calling Bell"},{"not_picked":["Runic Dome","Astrolabe"],"picked":"HolyWater"}],"items_purged_floors":[38],"is_endless":false,"potions_floor_spawned":[4,11,12,13,14,18,27,29,31,33,35,39,40,42,44,48,54],"killed_by":"The Heart","ascension_level":0}}