{"host":"5kirneupyg4uzd3w","time":1612024341,"event":{"mods":["BaseMod","Colored Map","Custom Start","Minty Spire (QoL Compilation)","StSLib","SuperFastMode"],"gold_per_floor":[111,123,137,150,150,150,178,178,201,201,221,237,237,237],"floor_reached":13,"language":"KOR","playtime":435,"items_purged":[],"score":174,"play_id":"46c07441-942a-43eb-9450-47deb4d93d31","local_time":"20210131013221","is_ascension_mode":true,"campfire_choices":[{"data":"Searing Blow","floor":6,"key":"SMITH"},{"data":"Searing Blow+1","floor":8,"key":"SMITH"}],"circlet_count":0,"master_deck":["AscendersBane","Strike_R","Strike_R","Strike_R","Strike_R","Strike_R","Defend_R","Defend_R","Defend_R","Defend_R","Bash","Searing Blow+2","Rage","Shrug It Off","Second Wind","Battle Trance","Shrug It Off","Armaments"],"relics":["Burning Blood","Prayer Wheel","Regal Pillow","Blood Vial","FaceOfCleric"],"acts_visited":["Exordium"],"potions_floor_usage":[7,13,13],"damage_taken":[{"damage":18,"enemies":"Small Slimes","floor":1,"turns":4},{"damage":6,"enemies":"2 Louse","floor":2,"turns":3},{"damage":0,"enemies":"Cultist","floor":3,"turns":3},{"damage":11,"enemies":"Red Slaver","floor":4,"turns":5},{"damage":25,"enemies":"3 Sentries","floor":7,"turns":13},{"damage":20,"enemies":"Exordium Wildlife","floor":11,"turns":6},{"damage":0,"enemies":"Blue Slaver","floor":12,"turns":5},{"damage":43,"enemies":"Gremlin Nob","floor":13,"turns":4}],"seed_played":"-4529734685319336530","potions_obtained":[{"floor":1,"key":"PowerPotion"},{"floor":3,"key":"Swift Potion"},{"floor":7,"key":"SpeedPotion"},{"floor":12,"key":"Block Potion"}],"is_trial":false,"path_per_floor":["M","M","M","M","?","R","E","R","T","?","M","M","E"],"character_chosen":"IRONCLAD","items_purchased":[],"campfire_rested":0,"item_purchase_floors":[],"current_hp_per_floor":[38,38,44,39,39,39,20,20,20,20,9,18,0,0],"gold":237,"neow_bonus":"ONE_RARE_RELIC","is_daily":false,"chose_seed":false,"campfire_upgraded":2,"win_rate":0.0,"timestamp":1612024341,"path_taken":["M","M","M","M","?","R","E","R","T","?","M","M","E"],"items_purchased_type":[],"build_version":"2020-12-22","purchased_purges":0,"victory":false,"max_hp_per_floor":[75,75,75,75,75,75,75,75,75,75,76,77,77,77],"card_choices":[{"not_picked":["Shockwave","Sword Boomerang"],"picked":"Searing Blow","floor":1},{"not_picked":["Headbutt","Clothesline","Anger"],"picked":"SKIP","floor":1},{"not_picked":["Seeing Red","Iron Wave"],"picked":"Rage","floor":2},{"not_picked":["Havoc","Perfected Strike"],"picked":"Shrug It Off","floor":2},{"not_picked":["Clothesline","Clash"],"picked":"Second Wind","floor":3},{"not_picked":["Cleave","Iron Wave","Intimidate"],"picked":"SKIP","floor":3},{"not_picked":["Shrug It Off","Cleave"],"picked":"Battle Trance","floor":4},{"not_picked":["Cleave","Heavy Blade","Clash"],"picked":"SKIP","floor":4},{"not_picked":["Wild Strike","Reckless Charge"],"picked":"Shrug It Off","floor":7},{"not_picked":["Headbutt","Inflame"],"picked":"Armaments","floor":11},{"not_picked":["Pommel Strike","Brutality","Sentinel"],"picked":"SKIP","floor":11},{"not_picked":["Fire Breathing","Cleave","Iron Wave"],"picked":"SKIP","floor":12},{"not_picked":["Thunderclap","Body Slam","Heavy Blade"],"picked":"SKIP","floor":12}],"player_experience":285392,"relics_obtained":[{"floor":7,"key":"Regal Pillow"},{"floor":9,"key":"Blood Vial"}],"event_choices":[{"damage_healed":0,"gold_gain":0,"player_choice":"Ignored","damage_taken":0,"max_hp_gain":0,"max_hp_loss":0,"event_name":"Liars Game","floor":5,"gold_loss":0},{"damage_healed":0,"gold_gain":0,"player_choice":"Trade","damage_taken":0,"relics_obtained":["FaceOfCleric"],"max_hp_gain":0,"max_hp_loss":0,"event_name":"FaceTrader","floor":10,"gold_loss":0}],"is_beta":false,"boss_relics":[],"items_purged_floors":[],"is_endless":false,"potions_floor_spawned":[1,3,7,12],"killed_by":"Gremlin Nob","ascension_level":20}}