{"host":"zfh44j5h77tkupss","time":1612030513,"event":{"mods":["AchievementEnabler","BaseMod","Bestiary","Better Skull","Better Third Choice","Better Vampires","Colored Map","Colored Powertips","Highlight Path","Minty Spire (QoL Compilation)","Permanent Neow","Quick Restart","Rare Cards Sparkle","Relic Stats","StSLib"],"gold_per_floor":[215,25,25,100,50,50,25,25,25,43,67,86,130,130,130,249,249,264,264,201,126,149,149,193,193,193,212,124,137,137,137],"floor_reached":30,"language":"ENG","playtime":976,"items_purged":["Defend_R","Strike_R","Strike_R","Defend_R","Strike_R"],"score":246,"play_id":"63e8e050-a1d4-4eb8-8daa-f388ff676816","local_time":"20210130191513","is_ascension_mode":false,"campfire_choices":[{"data":"Bash","floor":6.0,"key":"SMITH"},{"data":"Defend_R","floor":15.0,"key":"SMITH"},{"floor":23.0,"key":"REST"},{"data":"Double Tap","floor":25.0,"key":"SMITH"}],"circlet_count":0,"master_deck":["Strike_R+1","Strike_R","Defend_R+1","Defend_R+1","Bash+1","Double Tap+1"],"relics":["Black Blood","Membership Card","Golden Idol","Pantograph","Kunai","Meat on the Bone","Question Card"],"acts_visited":["Exordium","TheCity"],"potions_floor_usage":[],"damage_taken":[{"damage":13.0,"enemies":"Jaw Worm","floor":1.0,"turns":3.0},{"damage":3.0,"enemies":"2 Louse","floor":10.0,"turns":4.0},{"damage":0.0,"enemies":"Cultist","floor":11.0,"turns":2.0},{"damage":5.0,"enemies":"Exordium Thugs","floor":12.0,"turns":4.0},{"damage":28.0,"enemies":"3 Sentries","floor":13.0,"turns":8.0},{"damage":75.0,"enemies":"The Guardian","floor":16.0,"turns":16.0},{"damage":16.0,"enemies":"Chosen","floor":18.0,"turns":5.0},{"damage":44.0,"enemies":"3 Byrds","floor":22.0,"turns":10.0},{"damage":24.0,"enemies":"Gremlin Leader","floor":24.0,"turns":7.0},{"damage":14.0,"enemies":"Snecko","floor":27.0,"turns":5.0},{"damage":25.0,"enemies":"Cultist and Chosen","floor":29.0,"turns":7.0},{"damage":57,"enemies":"Book of Stabbing","floor":30,"turns":5}],"seed_played":"-6186978002506638530","potions_obtained":[{"floor":10.0,"key":"LiquidBronze"},{"floor":12.0,"key":"SteroidPotion"},{"floor":16.0,"key":"BlessingOfTheForge"},{"floor":18.0,"key":"AttackPotion"},{"floor":22.0,"key":"Block Potion"}],"is_trial":false,"path_per_floor":["M","$","?","?","$","R","$","?","T","M","M","M","E","?","R","B",null,"M","?","$","$","M","R","E","R","T","M","$","M","E"],"character_chosen":"IRONCLAD","items_purchased":["Membership Card","Fire Potion"],"campfire_rested":1,"item_purchase_floors":[2,7],"current_hp_per_floor":[73,73,53,42,42,42,42,26,26,29,35,36,14,80,80,11,80,76,76,76,76,44,68,56,56,56,54,54,53,0,0],"gold":137,"neow_bonus":"HUNDRED_GOLD","is_daily":false,"chose_seed":false,"campfire_upgraded":3,"win_rate":0.0,"timestamp":1612030513,"path_taken":["M","$","?","?","$","R","$","?","T","M","?","M","E","?","R","BOSS","M","?","?","$","?","R","E","R","T","M","$","M","E"],"items_purchased_type":["Relic","Potion"],"build_version":"2020-12-22","purchased_purges":5,"victory":false,"max_hp_per_floor":[80,80,80,80,80,80,80,80,80,80,80,80,80,80,80,80,80,80,80,80,80,80,80,80,80,80,80,80,80,80,80],"relic_stats":{"counters":[12,76],"Golden Idol":70,"Pantograph":0,"Black Blood":96,"Kunai":[16],"Question Card":2,"obtain_stats":[{"Golden Idol":3,"Pantograph":9,"Black Blood":17,"Membership Card":2,"Kunai":13,"Question Card":26,"Burning Blood":0,"Meat on the Bone":24},{"Golden Idol":1,"Pantograph":1,"Black Blood":6,"Membership Card":1,"Kunai":5,"Question Card":9,"Burning Blood":0,"Meat on the Bone":9},{"Golden Idol":3,"Pantograph":3,"Black Blood":37,"Membership Card":3,"Kunai":21,"Question Card":59,"Burning Blood":0,"Meat on the Bone":59}],"Meat on the Bone":12},"card_choices":[{"not_picked":["Thunderclap","Havoc","Shrug It Off"],"picked":"SKIP","floor":1.0},{"not_picked":["Wild Strike","Headbutt","Combust"],"picked":"SKIP","floor":10.0},{"not_picked":["Sentinel","Fire Breathing","Carnage"],"picked":"SKIP","floor":11.0},{"not_picked":["Perfected Strike","Armaments","Havoc"],"picked":"SKIP","floor":12.0},{"not_picked":["Impervious","Armaments","Disarm"],"picked":"SKIP","floor":13.0},{"not_picked":["Intimidate","True Grit","Sentinel"],"picked":"SKIP","floor":18.0},{"not_picked":["Body Slam","Wild Strike","Shrug It Off"],"picked":"SKIP","floor":22.0},{"not_picked":["Heavy Blade","Headbutt"],"picked":"Double Tap","floor":24.0},{"not_picked":["Reckless Charge","Evolve+1","Clash+1","Sentinel"],"picked":"SKIP","floor":27.0},{"not_picked":["Clash","Hemokinesis","Evolve","Armaments"],"picked":"SKIP","floor":29.0}],"player_experience":319683,"relics_obtained":[{"floor":9.0,"key":"Pantograph"},{"floor":13.0,"key":"Kunai"},{"floor":24.0,"key":"Meat on the Bone"},{"floor":26.0,"key":"Question Card"}],"event_choices":[{"damage_healed":0.0,"max_hp_gain":0.0,"max_hp_loss":0.0,"gold_gain":0.0,"event_name":"Golden Idol","player_choice":"Take Damage","floor":3.0,"gold_loss":0.0,"damage_taken":20.0,"relics_obtained":["Golden Idol"]},{"damage_healed":0.0,"max_hp_gain":0.0,"max_hp_loss":0.0,"gold_gain":75.0,"event_name":"betterThird:BetterGoop","player_choice":"Gold","floor":4.0,"gold_loss":0.0,"damage_taken":11.0},{"damage_healed":42.0,"max_hp_gain":0.0,"max_hp_loss":80.0,"gold_gain":0.0,"event_name":"betterThird:BetterShining","player_choice":"Upgrade","floor":8.0,"gold_loss":0.0,"damage_taken":16.0,"cards_upgraded":["Defend_R","Strike_R"]},{"damage_healed":66.0,"max_hp_gain":0.0,"max_hp_loss":0.0,"gold_gain":0.0,"event_name":"Wheel of Change","player_choice":"Full Heal","floor":14.0,"gold_loss":0.0,"damage_taken":0.0},{"damage_healed":0.0,"max_hp_gain":0.0,"max_hp_loss":0.0,"gold_gain":0.0,"event_name":"The Woman in Blue","player_choice":"Bought 0 Potions","floor":19.0,"gold_loss":0.0,"damage_taken":0.0}],"is_beta":false,"boss_relics":[{"not_picked":["Astrolabe","Velvet Choker"],"picked":"Black Blood"}],"items_purged_floors":[2,5,20,21,28],"is_endless":false,"potions_floor_spawned":[10,12,16,18,22],"killed_by":"Book of Stabbing","ascension_level":0}}