{"host":"tetk82fuf8thwxol","time":1612047866,"event":{"mods":["AchievementEnabler","BaseMod","BetterRewards","GifTheSpireLib","Hermit","Minty Spire (QoL Compilation)","Permanent Neow","Quick Restart","Shop Mod","Spicy Shops","StSLib","The Bug Knight","The Cursed","The Runesmith"],"gold_per_floor":[212,9999,9999,9999,9999,9999,9999,9999,9999,9999,9999,9999,9999,9999,9999,10101,10101,10115,8957,8957,8976,8976,8976,9007,8057,8102,8131,8131,8172,8190,8225,8225,8331,8331,8344,8344,8362,7598,7612,7612,7639,7639,7689,7739,7754,7798,7798,7810,7810,7810,7810,7810,5764,5800,5800],"floor_reached":56,"language":"ENG","playtime":2268,"items_purged":["Strike_G","Strike_G","Defend_G","Strike_G","Defend_G"],"score":2130,"play_id":"4a03559c-d167-417f-8d3a-812b4d818853","local_time":"20210130170426","is_ascension_mode":true,"campfire_choices":[{"data":"Infinite Blades","floor":6,"key":"SMITH"},{"data":"Blade Dance","floor":10,"key":"SMITH"},{"floor":15,"key":"DIG"},{"data":"Accuracy","floor":23,"key":"SMITH"},{"floor":28,"key":"DIG"},{"floor":32,"key":"DIG"},{"floor":40,"key":"RECALL"},{"floor":42,"key":"DIG"},{"floor":47,"key":"DIG"},{"floor":49,"key":"DIG"},{"floor":52,"key":"DIG"}],"circlet_count":0,"master_deck":["AscendersBane","Strike_G+1","Strike_G","Defend_G","Defend_G+1","Defend_G","Survivor","Neutralize+1","Blade Dance+1","Deadly Poison+1","Blade Dance","Infinite Blades+1","Blade Dance","Accuracy","Noxious Fumes","Caltrops","Poisoned Stab","Accuracy+1","Apotheosis","Phantasmal Killer","Adrenaline","Cloak And Dagger","Envenom+1","Accuracy+1"],"relics":["Ring of the Snake","Runesmith:Nanobots","TwistedFunnel","Question Card","Boot","Runesmith:AutoHammer","Snake Skull","Mummified Hand","Happy Flower","HollowMod:PaleOreRelic","War Paint","Bird Faced Urn","Shovel","Blue Candle","Sozu","FossilizedHelix","Gremlin Horn","Singing Bowl","Calipers","Unceasing Top","Bag of Preparation","Anchor","CeramicFish","PreservedInsect","StrikeDummy","The Courier","Pantograph","Art of War","Fusion Hammer","Frozen Egg 2","HandDrill","Omamori","HollowMod:LifeEnderRelic","Juzu Bracelet","MealTicket","Molten Egg 2","Incense Burner","Akabeko","Lantern","White Beast Statue","HollowMod:StagPassRelic","Pen Nib","Ninja Scroll","Vajra","Whetstone","Orichalcum","Blood Vial","The Specimen","Nunchaku","Shuriken","Bag of Marbles","Oddly Smooth Stone","StoneCalendar","Bottled Tornado","Paper Crane"],"acts_visited":["Exordium","TheCity","TheBeyond","TheEnding"],"potions_floor_usage":[16,24],"damage_taken":[{"damage":4,"enemies":"Cultist","floor":1,"turns":6},{"damage":0,"enemies":"Small Slimes","floor":3,"turns":2},{"damage":0,"enemies":"Jaw Worm","floor":5,"turns":2},{"damage":7,"enemies":"Lagavulin","floor":7,"turns":3},{"damage":0,"enemies":"2 Fungi Beasts","floor":11,"turns":2},{"damage":0,"enemies":"Gremlin Nob","floor":12,"turns":2},{"damage":0,"enemies":"Looter","floor":14,"turns":2},{"damage":14,"enemies":"The Guardian","floor":16,"turns":6},{"damage":6,"enemies":"Shell Parasite","floor":18,"turns":3},{"damage":0,"enemies":"Chosen","floor":21,"turns":3},{"damage":19,"enemies":"Slavers","floor":24,"turns":3},{"damage":7,"enemies":"Gremlin Leader","floor":27,"turns":3},{"damage":0,"enemies":"Slavers","floor":29,"turns":2},{"damage":0,"enemies":"Snecko","floor":30,"turns":2},{"damage":0,"enemies":"HollowMod:Nosk","floor":31,"turns":2},{"damage":6,"enemies":"Collector","floor":33,"turns":3},{"damage":0,"enemies":"3 Darklings","floor":35,"turns":2},{"damage":0,"enemies":"Orb Walker","floor":37,"turns":1},{"damage":0,"enemies":"3 Darklings","floor":39,"turns":2},{"damage":0,"enemies":"Giant Head","floor":41,"turns":3},{"damage":0,"enemies":"2 Orb Walkers","floor":44,"turns":2},{"damage":16,"enemies":"4 Shapes","floor":45,"turns":3},{"damage":16,"enemies":"Nemesis","floor":46,"turns":3},{"damage":0,"enemies":"Jaw Worm Horde","floor":48,"turns":1},{"damage":37,"enemies":"Awakened One","floor":50,"turns":5},{"damage":0,"enemies":"Shield and Spear","floor":54,"turns":2},{"damage":78,"enemies":"The Heart","floor":55,"turns":5}],"seed_played":"8754639610985363693","potions_obtained":[{"floor":3,"key":"Strength Potion"},{"floor":7,"key":"Fire Potion"}],"is_trial":false,"path_per_floor":["M","$","M","$","M","R","E","T","T","R","M","E","?","M","R","B",null,"M","$","?","M","?","R","E","$","T","E","R","E","M","E","R","B",null,"M","?","M","$","M","R","E","R","T","?","M","E","R","M","R","B",null,"R","$","E","B",null],"character_chosen":"THE_SILENT","items_purchased":["Runesmith:Nanobots","TwistedFunnel","Question Card","Boot","Runesmith:AutoHammer","Deadly Poison","Infinite Blades","Snake Skull","Mummified Hand","Happy Flower","FossilizedHelix","Gremlin Horn","Singing Bowl","Caltrops","Poisoned Stab","Unceasing Top","Bag of Preparation","Anchor","Apotheosis","Frozen Egg 2","HandDrill","Omamori","HollowMod:LifeEnderRelic","Juzu Bracelet","Cloak And Dagger","Pen Nib","Ninja Scroll","Vajra","Whetstone","Orichalcum","Blood Vial","The Specimen","Nunchaku","Shuriken","Bag of Marbles","Oddly Smooth Stone","StoneCalendar","Bottled Tornado"],"campfire_rested":0,"item_purchase_floors":[2,2,2,2,2,2,4,4,4,4,19,19,19,19,19,25,25,25,25,38,38,38,38,38,38,53,53,53,53,53,53,53,53,53,53,53,53,53],"current_hp_per_floor":[59,59,59,59,59,59,52,52,52,52,54,58,63,67,67,59,71,71,71,71,77,77,77,62,62,62,65,65,75,83,85,85,79,84,87,84,89,89,91,91,93,93,93,95,81,75,75,87,87,62,90,90,99,99,25],"gold":5800,"neow_bonus":"HUNDRED_GOLD","is_daily":false,"chose_seed":false,"campfire_upgraded":3,"win_rate":0.0,"timestamp":1612047866,"path_taken":["M","$","M","$","M","R","E","?","T","R","M","E","?","M","R","BOSS","M","$","?","M","?","R","E","$","T","E","R","E","M","E","R","BOSS","M","?","M","$","M","R","E","R","T","?","M","E","R","M","R","BOSS","R","$","E","BOSS"],"items_purchased_type":["Relic","Relic","Relic","Relic","Relic","Card","Card","Relic","Relic","Relic","Relic","Relic","Relic","Card","Card","Relic","Relic","Relic","Card","Relic","Relic","Relic","Relic","Relic","Card","Relic","Relic","Relic","Relic","Relic","Relic","Relic","Relic","Relic","Relic","Relic","Relic","Relic"],"build_version":"2020-12-22","purchased_purges":5,"victory":true,"max_hp_per_floor":[70,70,70,70,70,70,70,70,70,70,70,70,75,75,75,75,75,75,75,75,77,77,77,79,79,79,81,81,81,83,85,85,85,85,87,87,89,89,91,91,93,93,93,95,97,97,97,99,99,99,99,99,99,99,99],"card_choices":[{"not_picked":["Calculated Gamble","Underhanded Strike"],"picked":"Blade Dance","floor":1},{"not_picked":["Deadly Poison","Flying Knee","Finisher"],"picked":"Blade Dance","floor":3},{"not_picked":["Dagger Throw","Slice","Underhanded Strike"],"picked":"Blade Dance","floor":5},{"not_picked":["Backflip","Wraith Form v2","Prepared","Eviscerate"],"picked":"SKIP","floor":7},{"not_picked":["Prepared","Escape Plan","Bane"],"picked":"Accuracy","floor":11},{"not_picked":["Acrobatics","Well Laid Plans","Sucker Punch"],"picked":"Noxious Fumes","floor":12},{"not_picked":["Expertise","Dagger Throw","Dagger Spray","Heel Hook"],"picked":"SKIP","floor":14},{"not_picked":["Concentrate+1","Bane","Flying Knee+1","Dodge and Roll"],"picked":"SKIP","floor":18},{"not_picked":["Flying Knee","Blade Dance+1","Dodge and Roll","Bane"],"picked":"Singing Bowl","floor":21},{"not_picked":["Quick Slash","Dodge and Roll+1","Deadly Poison","Prepared"],"picked":"Singing Bowl","floor":24},{"not_picked":["Blade Dance","Flechettes","Calculated Gamble","Underhanded Strike"],"picked":"Singing Bowl","floor":27},{"not_picked":["Riddle With Holes","Predator","Flying Knee"],"picked":"Phantasmal Killer","floor":29},{"not_picked":["Reflex","Dagger Throw","Prepared+1","Acrobatics"],"picked":"Singing Bowl","floor":30},{"not_picked":["Backstab","Reflex","Tools of the Trade","Dagger Spray"],"picked":"Singing Bowl","floor":31},{"not_picked":["Night Terror","Glass Knife","Storm of Steel"],"picked":"Adrenaline","floor":33},{"not_picked":["Acrobatics","Terror","Deflect+1","Underhanded Strike"],"picked":"Singing Bowl","floor":35},{"not_picked":["Blade Dance+1","Leg Sweep+1","Prepared","Endless Agony+1"],"picked":"Singing Bowl","floor":37},{"not_picked":["Bane+1","Deflect+1","Distraction","Dagger Throw+1"],"picked":"Singing Bowl","floor":39},{"not_picked":["Doppelganger","Flechettes+1","Masterful Stab+1","Prepared+1"],"picked":"Singing Bowl","floor":41},{"not_picked":["Prepared","Outmaneuver","Acrobatics","Bane+1"],"picked":"Singing Bowl","floor":44},{"not_picked":["Catalyst","Infinite Blades+1","Heel Hook+1","Flying Knee+1"],"picked":"Singing Bowl","floor":45},{"not_picked":["Poisoned Stab+1","Bane+1","Deadly Poison"],"picked":"Envenom+1","floor":46},{"not_picked":["Acrobatics+1","Deflect","Quick Slash+1","Flying Knee+1"],"picked":"Singing Bowl","floor":48},{"not_picked":["Terror","Tactician+1","All Out Attack+1"],"picked":"Accuracy+1","floor":54}],"player_experience":269831,"relics_obtained":[{"floor":7,"key":"HollowMod:PaleOreRelic"},{"floor":8,"key":"War Paint"},{"floor":9,"key":"Bird Faced Urn"},{"floor":12,"key":"Shovel"},{"floor":15,"key":"Blue Candle"},{"floor":24,"key":"Calipers"},{"floor":26,"key":"CeramicFish"},{"floor":27,"key":"PreservedInsect"},{"floor":28,"key":"StrikeDummy"},{"floor":29,"key":"The Courier"},{"floor":31,"key":"Pantograph"},{"floor":32,"key":"Art of War"},{"floor":41,"key":"MealTicket"},{"floor":42,"key":"Molten Egg 2"},{"floor":44,"key":"Incense Burner"},{"floor":46,"key":"Akabeko"},{"floor":47,"key":"Lantern"},{"floor":49,"key":"White Beast Statue"},{"floor":52,"key":"HollowMod:StagPassRelic"},{"floor":54,"key":"Paper Crane"}],"event_choices":[{"damage_healed":0,"gold_gain":0,"player_choice":"Donut","damage_taken":0,"max_hp_gain":5,"max_hp_loss":0,"event_name":"Big Fish","floor":13,"gold_loss":0},{"damage_healed":0,"gold_gain":0,"player_choice":"Ignored","damage_taken":0,"max_hp_gain":0,"max_hp_loss":0,"event_name":"Beggar","floor":20,"gold_loss":0},{"damage_healed":0,"gold_gain":0,"player_choice":"Read","damage_taken":0,"max_hp_gain":0,"max_hp_loss":0,"event_name":"The Library","floor":22,"gold_loss":0,"cards_obtained":["Accuracy"]},{"damage_healed":0,"gold_gain":0,"player_choice":"Punched","damage_taken":3,"max_hp_gain":0,"max_hp_loss":0,"event_name":"Designer","floor":36,"gold_loss":0},{"damage_healed":0,"gold_gain":0,"player_choice":"Fight","damage_taken":0,"max_hp_gain":0,"max_hp_loss":0,"event_name":"Mysterious Sphere","floor":44,"gold_loss":0}],"is_beta":false,"boss_relics":[{"not_picked":["Busted Crown","Cursed Key"],"picked":"Sozu"},{"not_picked":["Black Star","Philosopher\u0027s Stone"],"picked":"Fusion Hammer"}],"items_purged_floors":[2,2,4,19,25],"is_endless":false,"potions_floor_spawned":[3,7,11,27,31,33,39,41,44,46,54],"ascension_level":11}}