{"host":"o3b7ow6d1xe49css","time":1612048752,"event":{"mods":["Act Like it!","Aspiration","BaseMod","Bestiary","Better Altar","Better Match","Better Note","Better Sensory Stone","Better Skull","Better Third Choice","Colored Powertips","Conspire","Energized Spire","Force Act Four","GifTheSpireLib","Halation","Hermit","Hubris","Infinite Spire","Lobotomy","Minty Spire (QoL Compilation)","Quick Restart","Rare Cards Sparkle","Relic Filter Mod","Reliquary","Replay The Spire","Spicy Shops","Spikes Relics","Spire Arcade","StSLib","Stuff the Spire","The Blue Laboratory","Wandering Minibosses"],"gold_per_floor":[118,135,152,152,170,170,170],"floor_reached":6,"language":"ENG","playtime":203,"items_purged":[],"score":48,"play_id":"126140a6-1892-4429-8f8f-df3d9a181468","local_time":"20210130141912","daily_mods":["Heirloom","Flight"],"is_ascension_mode":true,"campfire_choices":[],"circlet_count":0,"master_deck":["Strike_P","Strike_P","Strike_P+1","Strike_P","Defend_P","Defend_P+1","Defend_P","Defend_P","Eruption","Vigilance","BowlingBash","OldLady","Protect"],"relics":["PureWater","Ring of Chaos","hubris:FunFungus","CogitoBucket"],"acts_visited":["Exordium"],"potions_floor_usage":[5],"damage_taken":[{"damage":0,"enemies":"Cultist","floor":1,"turns":2},{"damage":0,"enemies":"Small Slimes","floor":2,"turns":2},{"damage":1,"enemies":"Jaw Worm","floor":3,"turns":4},{"damage":12,"enemies":"Exordium Wildlife","floor":5,"turns":2},{"damage":0,"enemies":"Gremlin Nob","floor":6,"turns":2}],"seed_played":"-589822812531591045","potions_obtained":[{"floor":3,"key":"ColorlessPotion"}],"is_trial":true,"path_per_floor":["M","M","M","?","M","E"],"character_chosen":"WATCHER","items_purchased":[],"campfire_rested":0,"item_purchase_floors":[],"current_hp_per_floor":[72,72,71,57,45,45,45],"gold":170,"neow_bonus":"","is_daily":false,"chose_seed":false,"campfire_upgraded":0,"win_rate":0.0,"timestamp":1612048752,"path_taken":["M","M","M","?","M","E"],"items_purchased_type":[],"build_version":"2020-12-22","purchased_purges":0,"victory":false,"max_hp_per_floor":[72,72,72,72,72,72,72],"card_choices":[{"not_picked":["BeautyBeast","SpiderBud","Bloodbath"],"picked":"Singing Bowl","floor":1},{"not_picked":["MentalFortress","Swivel","EmptyFist"],"picked":"SKIP","floor":1},{"not_picked":["VoidDream","DreamingCurrent","Woodsman"],"picked":"Singing Bowl","floor":2},{"not_picked":["ThirdEye","SashWhip"],"picked":"BowlingBash","floor":2},{"not_picked":["WallGazer","SpiderBud","BeautyBeast"],"picked":"Singing Bowl","floor":3},{"not_picked":["Adaptation","EmptyBody","Study"],"picked":"SKIP","floor":3},{"not_picked":["OSAHOGD","LittlePrince"],"picked":"OldLady","floor":5},{"not_picked":["WaveOfTheHand","PathToVictory"],"picked":"Protect","floor":5}],"player_experience":1203273,"relics_obtained":[],"event_choices":[{"damage_healed":71,"gold_gain":0,"player_choice":"Upgrade","damage_taken":14,"max_hp_gain":0,"max_hp_loss":72,"event_name":"betterThird:BetterShining","floor":4,"gold_loss":0,"cards_upgraded":["Defend_P","Strike_P"]}],"is_beta":false,"boss_relics":[],"items_purged_floors":[],"is_endless":false,"potions_floor_spawned":[3],"killed_by":"Gremlin Nob","ascension_level":5}}