{"host":"vrsxkkch9ccrec7k","time":1612025452,"event":{"mods":["Act Like it!","BaseMod","Bestiary","Better Altar","Better Match","Better Note","Better Sensory Stone","Better Skull","Better Third Choice","Better Vampires","Downfall","Minty Spire (QoL Compilation)","Permanent Neow","Relic Stats","Spicy Shops","StSLib"],"gold_per_floor":[99,112,127,142,152,164,240,240,260,295,26,26,26,61,74,74,74,74],"floor_reached":16,"language":"ENG","playtime":1337,"items_purged":[],"score":160,"play_id":"b98e2b6d-e940-433d-aa8c-2edb03157747","local_time":"20210130115052","is_ascension_mode":true,"campfire_choices":[{"data":"hexamod:Float","floor":1,"key":"SMITH"},{"data":"hexamod:EmpoweredFlame","floor":8,"key":"SMITH"},{"floor":13,"key":"REST"}],"circlet_count":0,"master_deck":["hexamod:Strike","hexamod:Strike","hexamod:Strike","hexamod:Defend","hexamod:Defend","hexamod:Defend","hexamod:Defend","hexamod:Sear","hexamod:Float+1","hexamod:NightmareGuise","hexamod:StepThrough","hexamod:FastForward","hexamod:EmpoweredFlame+1","hexamod:GhostflameBarrier","hexamod:EmpoweredFlame+1","hexamod:FastForward","hexamod:FlamesFromBeyond","hexamod:Hexaguard"],"relics":["hexamod:SpiritBrand","Eternal Feather","WingedGreaves","Mummified Hand","Orichalcum"],"acts_visited":["Exordium"],"potions_floor_usage":[10,10],"damage_taken":[{"damage":0,"enemies":"Cultist","floor":2,"turns":3},{"damage":0,"enemies":"Small Slimes","floor":3,"turns":3},{"damage":0,"enemies":"Jaw Worm","floor":4,"turns":3},{"damage":10,"enemies":"Gremlin Gang","floor":5,"turns":6},{"damage":12,"enemies":"Exordium Wildlife","floor":6,"turns":6},{"damage":0,"enemies":"Exordium Thugs","floor":9,"turns":5},{"damage":14,"enemies":"Gremlin Nob","floor":10,"turns":5},{"damage":0,"enemies":"downfall:FleeingMerchant","floor":11,"turns":4},{"damage":8,"enemies":"Lagavulin","floor":14,"turns":6},{"damage":3,"enemies":"3 Louse","floor":15,"turns":4},{"damage":98,"enemies":"DF_ARCHETYPE_STREAMLINE","floor":16,"turns":14}],"seed_played":"7330479752303620989","potions_obtained":[{"floor":2,"key":"BlessingOfTheForge"},{"floor":3,"key":"CultistPotion"},{"floor":5,"key":"Weak Potion"},{"floor":10,"key":"FearPotion"}],"is_trial":false,"path_per_floor":["R","M","M","M","M","M","T","R","M","E","$","?","R","E","M","B"],"character_chosen":"THE_SPIRIT","items_purchased":["Mummified Hand"],"campfire_rested":1,"item_purchase_floors":[11],"current_hp_per_floor":[63,63,63,63,53,41,41,50,50,36,36,36,66,58,55,0,0,0],"gold":74,"neow_bonus":"TRANSFORM_CARD","is_daily":false,"chose_seed":false,"campfire_upgraded":2,"win_rate":0.0,"timestamp":1612025452,"path_taken":["R","M","M","?","M","M","T","R","M","E","$","?","R","E","M","BOSS"],"items_purchased_type":["Relic"],"build_version":"2020-12-22","purchased_purges":0,"victory":false,"max_hp_per_floor":[70,70,70,70,70,70,70,70,70,70,70,70,70,70,70,70,70,70],"relic_stats":{"counters":[11,59],"Mummified Hand":[5],"Eternal Feather":18,"Orichalcum":[0],"obtain_stats":[{"Mummified Hand":11,"Eternal Feather":7,"WingedGreaves":10,"Orichalcum":14,"hexamod:SpiritBrand":0},{"Mummified Hand":8,"Eternal Feather":5,"WingedGreaves":7,"Orichalcum":9,"hexamod:SpiritBrand":0},{"Mummified Hand":35,"Eternal Feather":21,"WingedGreaves":31,"Orichalcum":41,"hexamod:SpiritBrand":0}]},"card_choices":[{"not_picked":["hexamod:NightmareGuise","hexamod:SoulSteal"],"picked":"hexamod:StepThrough","floor":2},{"not_picked":["hexamod:Firestarter","hexamod:HeatShield"],"picked":"hexamod:FastForward","floor":3},{"not_picked":["hexamod:BurningTouch","hexamod:NightmareStrike"],"picked":"hexamod:EmpoweredFlame","floor":4},{"not_picked":["hexamod:BurningTouch","hexamod:GhostOfSpirePast"],"picked":"hexamod:GhostflameBarrier","floor":5},{"not_picked":["hexamod:Firestarter","hexamod:UnleashSpirits"],"picked":"hexamod:EmpoweredFlame","floor":6},{"not_picked":["hexamod:FlamesFromBeyond","hexamod:SuperheatedStrike","hexamod:HeatMetal"],"picked":"SKIP","floor":9},{"not_picked":["hexamod:SecondSeal","hexamod:ChargedBarrage"],"picked":"hexamod:FastForward","floor":10},{"not_picked":["hexamod:UnleashSpirits","hexamod:SoulSteal","hexamod:ThermalTransfer"],"picked":"SKIP","floor":11},{"not_picked":["hexamod:DynamicBlow","hexamod:InspiringFlames"],"picked":"hexamod:FlamesFromBeyond","floor":14},{"not_picked":["hexamod:HeatShield","hexamod:BacktrackSmack"],"picked":"hexamod:Hexaguard","floor":15}],"player_experience":1830077,"relics_obtained":[{"floor":7,"key":"Eternal Feather"},{"floor":10,"key":"WingedGreaves"},{"floor":14,"key":"Orichalcum"}],"event_choices":[{"damage_healed":0,"gold_gain":0,"player_choice":"Forge","damage_taken":0,"max_hp_gain":0,"max_hp_loss":0,"event_name":"Accursed Blacksmith","floor":12,"gold_loss":0,"cards_upgraded":["hexamod:EmpoweredFlame"]}],"is_beta":false,"boss_relics":[],"items_purged_floors":[],"is_endless":false,"potions_floor_spawned":[2,3,5,10],"killed_by":"DF_ARCHETYPE_STREAMLINE","ascension_level":8}}