{"host":"ysj15tgd1sneq0s0","time":1612018649,"event":{"mods":["AchievementEnabler","BaseMod","DeckTracker","Highlight Path","Minty Spire (QoL Compilation)","Permanent Neow","Quick Restart","StSLib","SuperFastMode","everything is the same but u backflip on backflip"],"gold_per_floor":[115,190,190,190,203,203,218,229,229,253,106,106,125,47,47,151,151,171,171,0,20,20,20,53,53,77,111,129,143,143,143],"floor_reached":30,"language":"KOR","playtime":823,"items_purged":["Strike_G","Strike_G"],"score":284,"play_id":"7dc8b34c-cfe3-4ce5-93b2-189d4dcf53ca","local_time":"20210130235729","is_ascension_mode":true,"campfire_choices":[{"floor":6,"key":"REST"},{"data":"Infinite Blades","floor":12,"key":"SMITH"},{"data":"Footwork","floor":15,"key":"SMITH"},{"floor":23,"key":"REST"},{"floor":25,"key":"REST"}],"circlet_count":0,"master_deck":["Strike_G","Strike_G","Defend_G","Defend_G","Defend_G","Defend_G","Defend_G","Survivor","Neutralize","Storm of Steel+1","Backflip+1","Accuracy","Infinite Blades+1","Accuracy","Footwork+1","A Thousand Cuts","Footwork","Blade Dance"],"relics":["Ring of the Snake","Mercury Hourglass","Art of War","SacredBark","Torii","Dream Catcher","Snake Skull","Bag of Marbles"],"acts_visited":["Exordium","TheCity"],"potions_floor_usage":[16,27,28,29],"damage_taken":[{"damage":9,"enemies":"Jaw Worm","floor":1,"turns":3},{"damage":0,"enemies":"Small Slimes","floor":5,"turns":2},{"damage":0,"enemies":"Cultist","floor":7,"turns":2},{"damage":7,"enemies":"Exordium Wildlife","floor":8,"turns":4},{"damage":6,"enemies":"Blue Slaver","floor":13,"turns":2},{"damage":29,"enemies":"The Guardian","floor":16,"turns":6},{"damage":12,"enemies":"Chosen","floor":18,"turns":4},{"damage":26,"enemies":"Shell Parasite","floor":21,"turns":4},{"damage":24,"enemies":"Book of Stabbing","floor":24,"turns":5},{"damage":17,"enemies":"Slavers","floor":27,"turns":6},{"damage":1,"enemies":"Shelled Parasite and Fungi","floor":28,"turns":3},{"damage":2,"enemies":"3 Cultists","floor":29,"turns":5},{"damage":24,"enemies":"Snake Plant","floor":30,"turns":1}],"seed_played":"237094024834275284","potions_obtained":[{"floor":8,"key":"SteroidPotion"},{"floor":13,"key":"Dexterity Potion"},{"floor":24,"key":"Block Potion"},{"floor":27,"key":"DistilledChaos"},{"floor":28,"key":"EssenceOfSteel"}],"is_trial":false,"path_per_floor":["M","?","?","?","M","R","M","M","T","T","$","R","M","$","R","B",null,"M","?","$","M","?","R","E","R","T","E","M","M","M"],"character_chosen":"THE_SILENT","items_purchased":["Accuracy","Footwork","Footwork"],"campfire_rested":3,"item_purchase_floors":[11,14,20],"current_hp_per_floor":[61,50,50,50,50,70,70,63,63,63,63,63,57,57,57,28,70,58,58,58,32,19,41,17,39,39,22,21,19,0,0],"gold":143,"neow_bonus":"TRANSFORM_CARD","is_daily":false,"chose_seed":false,"campfire_upgraded":2,"win_rate":0.0,"timestamp":1612018649,"path_taken":["M","?","?","?","M","R","?","M","T","?","$","R","M","?","R","BOSS","M","?","$","M","?","R","E","R","T","E","M","M","M"],"items_purchased_type":["Card","Card","Card"],"build_version":"2020-12-22","purchased_purges":2,"victory":false,"max_hp_per_floor":[70,70,70,70,70,70,70,70,70,70,70,70,70,70,70,70,70,70,70,70,70,75,75,75,75,75,75,75,75,75,75],"card_choices":[{"not_picked":["Poisoned Stab","Deflect"],"picked":"Backflip","floor":1},{"not_picked":["Sucker Punch","Terror","Bouncing Flask"],"picked":"SKIP","floor":5},{"not_picked":["Dash","Outmaneuver"],"picked":"Accuracy","floor":7},{"not_picked":["Flying Knee","Outmaneuver"],"picked":"Infinite Blades","floor":8},{"not_picked":["Dodge and Roll","Bouncing Flask","Slice"],"picked":"SKIP","floor":13},{"not_picked":["Glass Knife","Venomology"],"picked":"A Thousand Cuts","floor":16},{"not_picked":["Bouncing Flask","Quick Slash","Outmaneuver+1"],"picked":"SKIP","floor":18},{"not_picked":["Bane","Caltrops","Calculated Gamble"],"picked":"SKIP","floor":21},{"not_picked":["Outmaneuver+1","Bouncing Flask+1","Underhanded Strike"],"picked":"SKIP","floor":24},{"not_picked":["Backflip","Dagger Spray"],"picked":"Blade Dance","floor":27},{"not_picked":["Prepared","Caltrops+1","Leg Sweep"],"picked":"SKIP","floor":28},{"not_picked":["Dagger Throw+1","Blur+1","PiercingWail"],"picked":"SKIP","floor":29}],"player_experience":50686,"relics_obtained":[{"floor":9,"key":"Mercury Hourglass"},{"floor":10,"key":"Art of War"},{"floor":24,"key":"Dream Catcher"},{"floor":26,"key":"Snake Skull"},{"floor":27,"key":"Bag of Marbles"}],"event_choices":[{"damage_healed":0,"gold_gain":75,"player_choice":"Gather Gold","damage_taken":11,"max_hp_gain":0,"max_hp_loss":0,"event_name":"World of Goop","floor":2,"gold_loss":0},{"damage_healed":0,"gold_gain":0,"player_choice":"Grow","damage_taken":0,"max_hp_gain":0,"max_hp_loss":0,"event_name":"Living Wall","floor":3,"gold_loss":0,"cards_upgraded":["Storm of Steel"]},{"damage_healed":0,"gold_gain":0,"player_choice":"Upgraded","damage_taken":0,"max_hp_gain":0,"max_hp_loss":0,"event_name":"Upgrade Shrine","floor":4,"gold_loss":0,"cards_upgraded":["Backflip"]},{"damage_healed":0,"gold_gain":0,"player_choice":"Opened","damage_taken":0,"relics_obtained":["Torii"],"max_hp_gain":0,"max_hp_loss":0,"event_name":"The Mausoleum","floor":19,"gold_loss":0},{"damage_healed":0,"gold_gain":0,"player_choice":"Shed Blood","damage_taken":18,"max_hp_gain":5,"max_hp_loss":0,"event_name":"Forgotten Altar","floor":22,"gold_loss":0}],"is_beta":false,"boss_relics":[{"not_picked":["Velvet Choker","Snecko Eye"],"picked":"SacredBark"}],"items_purged_floors":[11,20],"is_endless":false,"potions_floor_spawned":[8,13,24,27,28],"killed_by":"Snake Plant","ascension_level":2}}