{"host":"y3h3n3f7seyagppx","time":1612047010,"event":{"mods":["AlwaysNeverKeys","BaseMod","Better Vampires","Colored Powertips","DeckTracker","Emptier Cage","Minty Spire (QoL Compilation)","Permanent Neow","Quick Restart","Rare Cards Sparkle","Relic Sorter","Relic Stats","StSLib","Transform Curses"],"gold_per_floor":[211,211,222,6,18,18,47,122,190,205,239,239,258,272,272,345,345,355,367,50,63,80,109,109,109,132,0,27,27,60,60,60,131,131,149,424,440,2,18,46,59,71,71,106,106,135,146,157,157,157,157,157,157,99,125,125],"floor_reached":57,"language":"ENG","playtime":6701,"items_purged":["Doubt","Regret"],"score":3003,"play_id":"0bfbe6f8-3d54-43fe-86b8-f8ba33a84b0f","local_time":"20210130175010","is_ascension_mode":true,"campfire_choices":[{"data":"Armaments","floor":6.0,"key":"SMITH"},{"data":"Uppercut","floor":12.0,"key":"SMITH"},{"data":"Immolate","floor":15.0,"key":"SMITH"},{"data":"Body Slam","floor":25.0,"key":"SMITH"},{"data":"Body Slam","floor":32.0,"key":"SMITH"},{"data":"Feel No Pain","floor":49,"key":"SMITH"},{"data":"Corruption","floor":53,"key":"SMITH"}],"circlet_count":0,"master_deck":["AscendersBane","Defend_R","Defend_R","Defend_R","Defend_R","Thunderclap","Armaments+1","Metallicize","Disarm","Uppercut+1","Body Slam+1","Immolate+1","Impervious+1","True Grit+1","Impervious+1","Shrug It Off+1","Body Slam+1","Bite","Bite","Bite","Bite","Spot Weakness+1","Flame Barrier+1","Fire Breathing","Flame Barrier+1","Corruption+1","True Grit+1","Feel No Pain+1","Sentinel+1","Shrug It Off+1","Dropkick","Reaper","Warcry+1","Discovery+1","Havoc+1","Dropkick+1","Shrug It Off+1","Barricade"],"relics":["Burning Blood","Chemical X","Toy Ornithopter","Toxic Egg 2","Bag of Marbles","Cursed Key","Pen Nib","Pantograph","Regal Pillow","Gremlin Horn","Nilry\u0027s Codex","Du-Vu Doll","Runic Pyramid","OrangePellets","Letter Opener","Bird Faced Urn","Sundial","Art of War"],"acts_visited":["Exordium","TheCity","TheBeyond","TheEnding"],"potions_floor_usage":[55,56],"damage_taken":[{"damage":9.0,"enemies":"Jaw Worm","floor":1.0,"turns":4.0},{"damage":10.0,"enemies":"2 Louse","floor":3.0,"turns":3.0},{"damage":4.0,"enemies":"Small Slimes","floor":5.0,"turns":4.0},{"damage":22.0,"enemies":"3 Sentries","floor":7.0,"turns":11.0},{"damage":9.0,"enemies":"3 Louse","floor":10.0,"turns":5.0},{"damage":7.0,"enemies":"Lagavulin","floor":11.0,"turns":10.0},{"damage":4.0,"enemies":"2 Fungi Beasts","floor":13.0,"turns":3.0},{"damage":2.0,"enemies":"Gremlin Gang","floor":14.0,"turns":5.0},{"damage":26.0,"enemies":"The Guardian","floor":16.0,"turns":13.0},{"damage":0.0,"enemies":"3 Byrds","floor":18.0,"turns":5.0},{"damage":19.0,"enemies":"Chosen","floor":19.0,"turns":4.0},{"damage":2.0,"enemies":"Snake Plant","floor":21.0,"turns":3.0},{"damage":4.0,"enemies":"Chosen and Byrds","floor":22.0,"turns":7.0},{"damage":32.0,"enemies":"Slavers","floor":23.0,"turns":7.0},{"damage":12.0,"enemies":"Gremlin Leader","floor":28.0,"turns":7.0},{"damage":33.0,"enemies":"Slavers","floor":30.0,"turns":6.0},{"damage":23.0,"enemies":"Automaton","floor":33.0,"turns":10.0},{"damage":9.0,"enemies":"3 Shapes","floor":35.0,"turns":5.0},{"damage":5.0,"enemies":"3 Darklings","floor":37.0,"turns":4.0},{"damage":0.0,"enemies":"Jaw Worm Horde","floor":39.0,"turns":1.0},{"damage":5.0,"enemies":"Giant Head","floor":40.0,"turns":5.0},{"damage":7.0,"enemies":"Writhing Mass","floor":41.0,"turns":5.0},{"damage":4.0,"enemies":"Transient","floor":42.0,"turns":6.0},{"damage":0,"enemies":"Nemesis","floor":44,"turns":5},{"damage":0,"enemies":"Giant Head","floor":46,"turns":4},{"damage":0,"enemies":"4 Shapes","floor":47,"turns":3},{"damage":10,"enemies":"Maw","floor":48,"turns":5},{"damage":8,"enemies":"Awakened One","floor":50,"turns":10},{"damage":46,"enemies":"Time Eater","floor":51,"turns":11},{"damage":56,"enemies":"Shield and Spear","floor":55,"turns":10},{"damage":23,"enemies":"The Heart","floor":56,"turns":10}],"seed_played":"-3284640985351647281","potions_obtained":[{"floor":3.0,"key":"Regen Potion"},{"floor":7.0,"key":"Dexterity Potion"},{"floor":10.0,"key":"Swift Potion"},{"floor":13.0,"key":"BloodPotion"},{"floor":19.0,"key":"AttackPotion"},{"floor":23.0,"key":"Fruit Juice"},{"floor":30.0,"key":"Dexterity Potion"},{"floor":39.0,"key":"Block Potion"},{"floor":41.0,"key":"ColorlessPotion"},{"floor":42.0,"key":"SpeedPotion"}],"is_trial":false,"path_per_floor":["M","?","M","$","M","R","E","?","T","M","E","R","M","M","R","B",null,"M","M","$","M","M","E","?","R","T","$","E","?","E","?","R","B",null,"M","?","M","$","M","E","M","M","T","E","?","E","M","M","R","B","B",null,"R","$","E","B",null],"character_chosen":"IRONCLAD","items_purchased":["Chemical X","Metallicize","Impervious+1","Pen Nib","AttackPotion","Feel No Pain","OrangePellets","Sentinel+1","Shrug It Off+1"],"campfire_rested":0,"item_purchase_floors":[4,4,20,20,27,38,38,38,54],"current_hp_per_floor":[65,65,61,61,63,63,62,51,51,48,52,52,54,58,58,38,66,72,75,75,75,75,49,49,49,49,49,56,35,16,16,16,43,54,57,57,57,57,57,57,62,62,62,62,52,62,62,62,62,62,62,62,62,62,36,62],"gold":125,"neow_bonus":"HUNDRED_GOLD","is_daily":false,"chose_seed":false,"campfire_upgraded":7,"win_rate":0.0,"timestamp":1612047010,"path_taken":["M","?","M","$","M","R","E","?","T","M","E","R","M","M","R","BOSS","M","M","$","M","M","E","?","R","T","$","E","?","E","?","R","BOSS","M","?","?","$","?","E","M","M","T","E","?","E","M","M","R","BOSS","BOSS","R","$","E","BOSS"],"items_purchased_type":["Relic","Card","Card","Relic","Potion","Card","Relic","Card","Card"],"build_version":"2020-12-22","purchased_purges":2,"victory":true,"max_hp_per_floor":[75,75,75,75,75,75,75,75,75,75,75,75,75,75,75,75,75,75,75,75,75,75,75,57,57,57,57,57,57,57,57,57,57,57,57,57,57,57,57,57,62,62,62,62,62,62,62,62,62,62,62,62,62,62,62,62],"relic_stats":{"Regal Pillow":0,"Gremlin Horn":[17,17],"counters":[31,191],"Pen Nib":[21],"Letter Opener":[193],"Cursed Key":1,"Burning Blood":113,"OrangePellets":[9],"Sundial":[2],"Pantograph":50,"Bird Faced Urn":[34],"Art of War":[1],"Chemical X":[1],"obtain_stats":[{"Regal Pillow":26,"Gremlin Horn":28,"Nilry\u0027s Codex":29,"Pen Nib":20,"Letter Opener":40,"Cursed Key":17,"Burning Blood":0,"Du-Vu Doll":30,"OrangePellets":38,"Sundial":46,"Pantograph":23,"Bird Faced Urn":44,"Bag of Marbles":11,"Art of War":55,"Chemical X":4,"Toxic Egg 2":9,"Toy Ornithopter":7,"Runic Pyramid":34},{"Regal Pillow":14,"Gremlin Horn":15,"Nilry\u0027s Codex":15,"Pen Nib":11,"Letter Opener":21,"Cursed Key":9,"Burning Blood":0,"Du-Vu Doll":16,"OrangePellets":19,"Sundial":25,"Pantograph":14,"Bird Faced Urn":24,"Bag of Marbles":6,"Art of War":30,"Chemical X":2,"Toxic Egg 2":4,"Toy Ornithopter":4,"Runic Pyramid":17},{"Regal Pillow":84,"Gremlin Horn":91,"Nilry\u0027s Codex":91,"Pen Nib":67,"Letter Opener":122,"Cursed Key":58,"Burning Blood":0,"Du-Vu Doll":97,"OrangePellets":116,"Sundial":142,"Pantograph":84,"Bird Faced Urn":138,"Bag of Marbles":37,"Art of War":181,"Chemical X":7,"Toxic Egg 2":22,"Toy Ornithopter":22,"Runic Pyramid":107}],"Toy Ornithopter":23},"card_choices":[{"not_picked":["Headbutt","Flex"],"picked":"Thunderclap","floor":1.0},{"not_picked":["Heavy Blade","Sever Soul"],"picked":"Armaments","floor":3.0},{"not_picked":["Flex","Fire Breathing"],"picked":"Disarm","floor":5.0},{"not_picked":["Armaments","Hemokinesis"],"picked":"Uppercut","floor":7.0},{"not_picked":["Clothesline","Dual Wield+1","Anger"],"picked":"SKIP","floor":10.0},{"not_picked":["Thunderclap","Pommel Strike"],"picked":"Body Slam","floor":11.0},{"not_picked":["Wild Strike","Headbutt","Body Slam"],"picked":"SKIP","floor":13.0},{"not_picked":["Wild Strike","Second Wind+1"],"picked":"Immolate","floor":14.0},{"not_picked":["Reaper","Immolate"],"picked":"Impervious+1","floor":16.0},{"not_picked":["Flex+1","Heavy Blade","Searing Blow"],"picked":"SKIP","floor":18.0},{"not_picked":["Sentinel+1","Flex+1"],"picked":"True Grit+1","floor":19.0},{"not_picked":["Cleave","Clothesline","Headbutt"],"picked":"SKIP","floor":21.0},{"not_picked":["Heavy Blade","Havoc+1"],"picked":"Shrug It Off+1","floor":22.0},{"not_picked":["Bloodletting+1","Clash"],"picked":"Body Slam","floor":23.0},{"not_picked":["Heavy Blade","Headbutt"],"picked":"Spot Weakness+1","floor":28.0},{"not_picked":["Spot Weakness+1","Thunderclap"],"picked":"Flame Barrier+1","floor":30.0},{"not_picked":["Reaper","Brutality"],"picked":"Corruption","floor":33.0},{"not_picked":["Body Slam","Clash"],"picked":"True Grit+1","floor":35.0},{"not_picked":["Searing Blow","Cleave+1","Heavy Blade+1"],"picked":"SKIP","floor":37.0},{"not_picked":["Reckless Charge","True Grit+1"],"picked":"Shrug It Off+1","floor":39.0},{"not_picked":["Pommel Strike","Twin Strike"],"picked":"Dropkick","floor":40.0},{"not_picked":["Clash","Anger","Reckless Charge"],"picked":"SKIP","floor":41.0},{"not_picked":["Shockwave+1","Headbutt"],"picked":"Reaper","floor":42.0},{"not_picked":["Body Slam","Cleave"],"picked":"Warcry+1","floor":44},{"not_picked":["Panache","Sadistic Nature"],"picked":"Discovery+1","floor":45},{"not_picked":["Perfected Strike","Evolve"],"picked":"Havoc+1","floor":46},{"not_picked":["Iron Wave","Twin Strike","Heavy Blade"],"picked":"SKIP","floor":47},{"not_picked":["Cleave","Inflame"],"picked":"Dropkick+1","floor":48},{"not_picked":["Warcry+1","Wild Strike"],"picked":"Barricade","floor":55}],"player_experience":21856692,"relics_obtained":[{"floor":7.0,"key":"Toy Ornithopter"},{"floor":9.0,"key":"Toxic Egg 2"},{"floor":11.0,"key":"Bag of Marbles"},{"floor":23.0,"key":"Pantograph"},{"floor":26.0,"key":"Regal Pillow"},{"floor":28.0,"key":"Gremlin Horn"},{"floor":29.0,"key":"Nilry\u0027s Codex"},{"floor":30.0,"key":"Du-Vu Doll"},{"floor":40.0,"key":"Letter Opener"},{"floor":44,"key":"Bird Faced Urn"},{"floor":46,"key":"Sundial"},{"floor":55,"key":"Art of War"}],"event_choices":[{"damage_healed":0.0,"max_hp_gain":0.0,"max_hp_loss":0.0,"gold_gain":0.0,"cards_transformed":["Strike_R"],"event_name":"Living Wall","player_choice":"Change","floor":2.0,"gold_loss":0.0,"damage_taken":0.0,"cards_obtained":["Rampage"]},{"damage_healed":0.0,"max_hp_gain":0.0,"max_hp_loss":0.0,"gold_gain":75.0,"event_name":"World of Goop","player_choice":"Gather Gold","floor":8.0,"gold_loss":0.0,"damage_taken":11.0},{"damage_healed":0.0,"max_hp_gain":0.0,"max_hp_loss":18.0,"gold_gain":0.0,"event_name":"Vampires","player_choice":"Became a vampire","floor":24.0,"gold_loss":0.0,"damage_taken":0.0,"cards_obtained":["Bite","Bite","Bite","Bite"]},{"damage_healed":0.0,"max_hp_gain":0.0,"max_hp_loss":0.0,"gold_gain":0.0,"event_name":"Cursed Tome","player_choice":"Obtained Book","floor":29.0,"gold_loss":0.0,"damage_taken":21.0},{"damage_healed":0.0,"max_hp_gain":0.0,"max_hp_loss":0.0,"gold_gain":0.0,"cards_transformed":["Bash","Rampage"],"event_name":"Drug Dealer","player_choice":"Became Test Subject","floor":31.0,"gold_loss":0.0,"damage_taken":0.0,"cards_obtained":["Fire Breathing","Flame Barrier"]},{"damage_healed":0.0,"max_hp_gain":0.0,"max_hp_loss":0.0,"gold_gain":275.0,"event_name":"Golden Shrine","player_choice":"Desecrate","floor":36.0,"gold_loss":0.0,"damage_taken":0.0,"cards_obtained":["Regret"]},{"damage_healed":0,"gold_gain":0,"player_choice":"Memory 3","damage_taken":10,"max_hp_gain":0,"max_hp_loss":0,"event_name":"SensoryStone","floor":45,"gold_loss":0}],"is_beta":false,"boss_relics":[{"not_picked":["Philosopher\u0027s Stone","Mark of Pain"],"picked":"Cursed Key"},{"not_picked":["Sozu","Busted Crown"],"picked":"Runic Pyramid"}],"items_purged_floors":[27,38],"is_endless":false,"potions_floor_spawned":[3,7,10,13,19,23,30,39,41,42,47],"ascension_level":20}}