{"host":"ymmeoa1x24ihslbm","time":1612029416,"event":{"mods":["AchievementEnabler","BaseMod","Colored Map","Colored Powertips","Defuse TimeMaze Blight","Highlight Path","Minty Spire (QoL Compilation)","Permanent Neow","Quick Restart","StSLib","Unceasing Turn Reminder"],"gold_per_floor":[110,110,126,301,311,341,341,371,437,475,437,25,43,59,59,134,134,145,60,72,91,91,91,129,129,129,160,174,198,217,233,233,314,314,328,362,362,60,86,86,128,128,128,128,153,31,48,68,68,68],"floor_reached":51,"language":"ENG","playtime":2870,"items_purged":[],"score":1421,"play_id":"15b5a893-2bf9-4053-ae6f-6faad727d9a3","local_time":"20210130185656","is_ascension_mode":true,"campfire_choices":[{"data":"Blade Dance","floor":7.0,"key":"SMITH"},{"data":"Accuracy","floor":15.0,"key":"SMITH"},{"data":"Neutralize","floor":23.0,"key":"SMITH"},{"floor":25.0,"key":"REST"},{"data":"Blur","floor":32.0,"key":"SMITH"},{"data":"Blade Dance","floor":40,"key":"SMITH"},{"data":"Blade Dance","floor":42,"key":"SMITH"},{"data":"Blind","floor":44,"key":"SMITH"},{"data":"Footwork","floor":49,"key":"SMITH"}],"circlet_count":0,"master_deck":["AscendersBane","Strike_G","Strike_G","Strike_G","Strike_G","Strike_G","Defend_G","Defend_G","Defend_G+1","Defend_G","Defend_G","Survivor","Neutralize+1","Blade Dance+1","Backflip","Footwork+1","Blade Dance+1","Accuracy+1","Adrenaline","Slice+1","After Image","Dagger Spray+1","Blur+1","Blade Dance+1","Endless Agony+1","Backstab+1","Bullet Time","Caltrops+1","Prepared+1","Blind+1","Prepared","Masterful Stab+1","Tools of the Trade+1"],"relics":["WristBlade","The Courier","MawBank","Bronze Scales","Bag of Preparation","Molten Egg 2","Kunai","Boot","CeramicFish","HornCleat","Toy Ornithopter","HoveringKite","Mango","War Paint","Blood Vial","Regal Pillow","Frozen Egg 2","StrikeDummy","Frozen Eye"],"acts_visited":["Exordium","TheCity","TheBeyond"],"potions_floor_usage":[39,41,45,50,50],"damage_taken":[{"damage":0.0,"enemies":"Jaw Worm","floor":1.0,"turns":7.0},{"damage":2.0,"enemies":"Small Slimes","floor":3.0,"turns":2.0},{"damage":0.0,"enemies":"2 Louse","floor":5.0,"turns":3.0},{"damage":10.0,"enemies":"3 Sentries","floor":6.0,"turns":10.0},{"damage":24.0,"enemies":"Lagavulin","floor":8.0,"turns":7.0},{"damage":0.0,"enemies":"3 Sentries","floor":10.0,"turns":6.0},{"damage":0.0,"enemies":"Blue Slaver","floor":13.0,"turns":2.0},{"damage":0.0,"enemies":"Exordium Wildlife","floor":14.0,"turns":3.0},{"damage":0.0,"enemies":"Hexaghost","floor":16.0,"turns":4.0},{"damage":0.0,"enemies":"Chosen","floor":18.0,"turns":4.0},{"damage":5.0,"enemies":"2 Thieves","floor":20.0,"turns":3.0},{"damage":11.0,"enemies":"Centurion and Healer","floor":21.0,"turns":6.0},{"damage":25.0,"enemies":"Slavers","floor":24.0,"turns":4.0},{"damage":1.0,"enemies":"Gremlin Leader","floor":27.0,"turns":7.0},{"damage":5.0,"enemies":"Cultist and Chosen","floor":28.0,"turns":5.0},{"damage":0.0,"enemies":"Snake Plant","floor":29.0,"turns":3.0},{"damage":1.0,"enemies":"Chosen and Byrds","floor":30.0,"turns":3.0},{"damage":0.0,"enemies":"Sentry and Sphere","floor":31.0,"turns":3.0},{"damage":1.0,"enemies":"Automaton","floor":33.0,"turns":7.0},{"damage":0.0,"enemies":"3 Darklings","floor":35.0,"turns":4.0},{"damage":0.0,"enemies":"Mind Bloom Boss Battle","floor":36.0,"turns":5.0},{"damage":0,"enemies":"3 Shapes","floor":39,"turns":2},{"damage":16,"enemies":"Giant Head","floor":41,"turns":7},{"damage":21,"enemies":"Reptomancer","floor":45,"turns":5},{"damage":0,"enemies":"Jaw Worm Horde","floor":47,"turns":3},{"damage":0,"enemies":"Spire Growth","floor":48,"turns":4},{"damage":33,"enemies":"Awakened One","floor":50,"turns":11}],"seed_played":"-502996091280532074","potions_obtained":[{"floor":1.0,"key":"DuplicationPotion"},{"floor":5.0,"key":"AttackPotion"},{"floor":8.0,"key":"SneckoOil"},{"floor":16.0,"key":"Weak Potion"},{"floor":24.0,"key":"Block Potion"},{"floor":27.0,"key":"DistilledChaos"},{"floor":30.0,"key":"Weak Potion"},{"floor":31.0,"key":"CultistPotion"},{"floor":37.0,"key":"DuplicationPotion"},{"floor":37.0,"key":"Energy Potion"},{"floor":37.0,"key":"Ancient Potion"},{"floor":39,"key":"SneckoOil"},{"floor":41,"key":"Block Potion"},{"floor":47,"key":"SpeedPotion"}],"is_trial":false,"path_per_floor":["M","?","M","?","M","E","R","E","T","E","?","$","M","M","R","B",null,"M","?","M","M","?","R","E","R","T","E","M","M","M","M","R","B",null,"M","?","?","$","M","R","E","R","T","R","E","$","M","M","R","B",null],"character_chosen":"THE_SILENT","items_purchased":["Molten Egg 2","Accuracy","Kunai","Prepared","Blind","War Paint","Blood Vial","Frozen Eye"],"campfire_rested":1,"item_purchase_floors":[12,12,12,38,38,38,38,46],"current_hp_per_floor":[59,64,62,62,62,52,52,28,28,28,28,28,28,28,28,28,60,60,60,55,44,28,28,3,24,24,23,18,18,17,22,22,26,60,65,79,79,79,85,85,74,74,74,74,60,60,62,64,64,43],"gold":68,"neow_bonus":"BOSS_RELIC","is_daily":false,"chose_seed":false,"campfire_upgraded":8,"win_rate":0.0,"timestamp":1612029416,"path_taken":["M","?","M","?","M","E","R","E","T","E","?","?","M","M","R","BOSS","M","?","M","M","?","R","E","R","T","E","M","M","M","?","R","BOSS","M","?","?","$","?","R","E","R","T","R","E","$","M","M","R","BOSS"],"items_purchased_type":["Relic","Card","Relic","Card","Card","Relic","Relic","Relic"],"build_version":"2020-12-22","purchased_purges":0,"victory":true,"max_hp_per_floor":[66,71,71,71,71,71,71,71,71,71,71,71,71,71,71,71,71,71,71,71,71,71,71,71,71,71,71,71,71,71,71,71,71,71,71,85,85,85,85,85,85,85,85,85,85,85,85,85,85,85],"card_choices":[{"not_picked":["Caltrops","Predator"],"picked":"Blade Dance","floor":1.0},{"not_picked":["Caltrops","Catalyst","Well Laid Plans"],"picked":"SKIP","floor":3.0},{"not_picked":["Bane","Flying Knee"],"picked":"Backflip","floor":5.0},{"not_picked":["Noxious Fumes","Terror","Well Laid Plans"],"picked":"SKIP","floor":6.0},{"not_picked":["Sucker Punch","Calculated Gamble"],"picked":"Footwork","floor":8.0},{"not_picked":["Acrobatics","Calculated Gamble"],"picked":"Blade Dance","floor":10.0},{"not_picked":["Poisoned Stab+1","Flying Knee+1"],"picked":"Adrenaline","floor":13.0},{"not_picked":["Poisoned Stab+1","Bane+1"],"picked":"Slice+1","floor":14.0},{"not_picked":["Die Die Die+1","Corpse Explosion"],"picked":"After Image","floor":16.0},{"not_picked":["Riddle With Holes+1","Cloak And Dagger","Footwork+1"],"picked":"SKIP","floor":18.0},{"not_picked":["Dash+1","Poisoned Stab+1"],"picked":"Dagger Spray+1","floor":20.0},{"not_picked":["Underhanded Strike+1","Catalyst"],"picked":"Blur","floor":21.0},{"not_picked":["Leg Sweep","All Out Attack+1"],"picked":"Blade Dance","floor":24.0},{"not_picked":["Deadly Poison","Underhanded Strike+1","Slice+1"],"picked":"SKIP","floor":27.0},{"not_picked":["Cloak And Dagger","PiercingWail","Blur"],"picked":"SKIP","floor":28.0},{"not_picked":["Underhanded Strike+1","Catalyst"],"picked":"Endless Agony+1","floor":29.0},{"not_picked":["Poisoned Stab+1","Noxious Fumes+1"],"picked":"Backstab+1","floor":30.0},{"not_picked":["Tactician","Underhanded Strike+1","Dagger Spray+1"],"picked":"SKIP","floor":31.0},{"not_picked":["After Image","Die Die Die+1"],"picked":"Bullet Time","floor":33.0},{"not_picked":["Outmaneuver","Quick Slash+1","Acrobatics"],"picked":"SKIP","floor":35.0},{"not_picked":["Bane+1","Flying Knee+1"],"picked":"Caltrops+1","floor":36.0},{"not_picked":["Accuracy","Caltrops+1"],"picked":"Prepared","floor":39},{"not_picked":["Leg Sweep","Dagger Throw+1"],"picked":"Masterful Stab+1","floor":41},{"not_picked":["Endless Agony+1","Quick Slash+1","Flying Knee+1"],"picked":"SKIP","floor":45},{"not_picked":["Dagger Spray+1","Outmaneuver","Masterful Stab+1"],"picked":"SKIP","floor":47},{"not_picked":["Distraction","Outmaneuver"],"picked":"Tools of the Trade+1","floor":48}],"player_experience":584746,"relics_obtained":[{"floor":6.0,"key":"The Courier"},{"floor":8.0,"key":"MawBank"},{"floor":9.0,"key":"Bronze Scales"},{"floor":10.0,"key":"Bag of Preparation"},{"floor":24.0,"key":"CeramicFish"},{"floor":26.0,"key":"HornCleat"},{"floor":27.0,"key":"Toy Ornithopter"},{"floor":36.0,"key":"Mango"},{"floor":41,"key":"Regal Pillow"},{"floor":43,"key":"Frozen Egg 2"},{"floor":45,"key":"StrikeDummy"}],"event_choices":[{"damage_healed":0.0,"max_hp_gain":5.0,"max_hp_loss":0.0,"gold_gain":0.0,"event_name":"Big Fish","player_choice":"Donut","floor":2.0,"gold_loss":0.0,"damage_taken":0.0},{"damage_healed":0.0,"max_hp_gain":0.0,"max_hp_loss":0.0,"gold_gain":175.0,"event_name":"Liars Game","player_choice":"AGREE","floor":4.0,"gold_loss":0.0,"damage_taken":0.0,"cards_obtained":["Doubt"]},{"cards_removed":["Doubt"],"damage_healed":0.0,"max_hp_gain":0.0,"max_hp_loss":0.0,"gold_gain":0.0,"event_name":"The Cleric","player_choice":"Card Removal","floor":11.0,"gold_loss":50.0,"damage_taken":0.0},{"damage_healed":0.0,"max_hp_gain":0.0,"max_hp_loss":0.0,"gold_gain":0.0,"event_name":"Addict","player_choice":"Obtained Relic","floor":19.0,"gold_loss":85.0,"damage_taken":0.0,"relics_obtained":["Boot"]},{"damage_healed":0.0,"max_hp_gain":0.0,"max_hp_loss":0.0,"gold_gain":0.0,"event_name":"Cursed Tome","player_choice":"Obtained Book","floor":22.0,"gold_loss":0.0,"damage_taken":16.0},{"damage_healed":0.0,"max_hp_gain":0.0,"max_hp_loss":0.0,"gold_gain":0.0,"event_name":"MindBloom","player_choice":"Fight","floor":36.0,"gold_loss":0.0,"damage_taken":0.0},{"damage_healed":0.0,"max_hp_gain":0.0,"max_hp_loss":0.0,"gold_gain":0.0,"event_name":"Lab","player_choice":"Got Potions","floor":37.0,"gold_loss":0.0,"damage_taken":0.0}],"is_beta":false,"boss_relics":[{"not_picked":["Fusion Hammer","Velvet Choker","Cursed Key"]},{"not_picked":["Pandora\u0027s Box","Philosopher\u0027s Stone"],"picked":"HoveringKite"}],"items_purged_floors":[],"is_endless":false,"potions_floor_spawned":[1,5,8,16,24,27,30,31,39,41,47],"ascension_level":14}}