{"host":"bxn2em57qlx5u4i0","time":1612011694,"event":{"mods":["BaseMod","Colored Map","Colored Powertips","Highlight Path","Minty Spire (QoL Compilation)","Random Character Button","Relic Sorter","Relic Stats","StSLib","SuperFastMode"],"gold_per_floor":[119,44,58,58,2,32,32,82,82,82,113,113,51,64,64,142,142,162,162,24,39,39,39,39,39],"floor_reached":24,"language":"ENG","playtime":436,"items_purged":["Strike_G"],"score":474,"play_id":"1643a136-5ce4-4eb8-8e36-24c72e2ea031","local_time":"20210130080134","is_ascension_mode":true,"campfire_choices":[{"data":"Phantasmal Killer","floor":7.0,"key":"SMITH"},{"data":"Deadly Poison","floor":10.0,"key":"SMITH"},{"data":"Corpse Explosion","floor":15.0,"key":"SMITH"},{"data":"Dagger Spray","floor":23.0,"key":"SMITH"}],"circlet_count":0,"master_deck":["AscendersBane","Strike_G+1","Strike_G+1","Strike_G+1","Defend_G+1","Defend_G+1","Defend_G+1","Defend_G+1","Defend_G+1","Survivor+1","Neutralize","Dagger Spray+1","Masterful Stab","Phantasmal Killer+1","Dagger Spray","All Out Attack","Deadly Poison+1","Leg Sweep+1","Corpse Explosion+1","Tools of the Trade"],"relics":["Ring of the Snake","NeowsBlessing","Sundial","Bottled Lightning","The Courier","Busted Crown","War Paint"],"acts_visited":["Exordium","TheCity"],"potions_floor_usage":[],"damage_taken":[{"damage":0.0,"enemies":"Small Slimes","floor":1.0,"turns":2.0},{"damage":0.0,"enemies":"Cultist","floor":3.0,"turns":1.0},{"damage":0.0,"enemies":"Gremlin Nob","floor":6.0,"turns":1.0},{"damage":12.0,"enemies":"Lagavulin","floor":8.0,"turns":4.0},{"damage":7.0,"enemies":"3 Sentries","floor":11.0,"turns":5.0},{"damage":1.0,"enemies":"2 Louse","floor":14.0,"turns":2.0},{"damage":8.0,"enemies":"The Guardian","floor":16.0,"turns":10.0},{"damage":22.0,"enemies":"2 Thieves","floor":18.0,"turns":3.0},{"damage":26.0,"enemies":"Spheric Guardian","floor":21.0,"turns":6.0},{"damage":0.0,"enemies":"Snecko","floor":22.0,"turns":4.0},{"damage":39,"enemies":"Book of Stabbing","floor":24,"turns":7}],"seed_played":"4175944485234667468","potions_obtained":[{"floor":6.0,"key":"ColorlessPotion"},{"floor":14.0,"key":"Regen Potion"},{"floor":16.0,"key":"FairyPotion"},{"floor":21.0,"key":"SmokeBomb"}],"is_trial":false,"path_per_floor":["M","$","M","?","$","E","R","E","T","R","E","?","$","M","R","B",null,"M","?","$","M","M","R","E"],"character_chosen":"THE_SILENT","items_purchased":["Dagger Spray","Corpse Explosion","War Paint"],"campfire_rested":0,"item_purchase_floors":[5,13,20],"current_hp_per_floor":[59,59,59,59,59,59,59,47,47,47,40,40,40,39,39,46,61,39,39,39,13,13,13,0,0],"gold":39,"neow_bonus":"THREE_ENEMY_KILL","is_daily":false,"chose_seed":false,"campfire_upgraded":4,"win_rate":0.0,"timestamp":1612011694,"path_taken":["M","$","M","?","?","E","R","E","T","R","E","?","?","M","R","BOSS","M","?","$","M","M","R","E"],"items_purchased_type":["Card","Card","Relic"],"build_version":"2020-12-22","purchased_purges":1,"victory":false,"max_hp_per_floor":[66,66,66,66,66,66,66,66,66,66,66,66,66,66,66,66,66,66,66,66,66,66,66,66,66],"relic_stats":{"Busted Crown":4,"counters":[11,45],"Sundial":[6],"War Paint":["Survivor","Leg Sweep"],"obtain_stats":[{"Busted Crown":17,"NeowsBlessing":0,"Sundial":6,"The Courier":11,"Bottled Lightning":8,"War Paint":20,"Ring of the Snake":0},{"Busted Crown":7,"NeowsBlessing":0,"Sundial":3,"The Courier":5,"Bottled Lightning":4,"War Paint":8,"Ring of the Snake":0},{"Busted Crown":25,"NeowsBlessing":0,"Sundial":4,"The Courier":13,"Bottled Lightning":8,"War Paint":28,"Ring of the Snake":0}],"Ring of the Snake":[22]},"card_choices":[{"not_picked":["Flying Knee","Sucker Punch"],"picked":"Dagger Spray","floor":1.0},{"not_picked":["Deflect","Bane"],"picked":"Masterful Stab","floor":3.0},{"not_picked":["Bane","Reflex"],"picked":"All Out Attack","floor":6.0},{"not_picked":["Acrobatics","Flying Knee"],"picked":"Deadly Poison","floor":8.0},{"not_picked":["Underhanded Strike","Burst"],"picked":"Leg Sweep","floor":11.0},{"not_picked":["Blade Dance","Infinite Blades","Skewer"],"picked":"SKIP","floor":14.0},{"not_picked":["Grand Finale","A Thousand Cuts"],"picked":"Tools of the Trade","floor":16.0},{"not_picked":["Prepared"],"picked":"SKIP","floor":18.0},{"not_picked":["Sucker Punch"],"picked":"SKIP","floor":21.0}],"player_experience":2970126,"relics_obtained":[{"floor":6.0,"key":"Sundial"},{"floor":8.0,"key":"Bottled Lightning"},{"floor":11.0,"key":"The Courier"}],"event_choices":[{"damage_healed":0.0,"max_hp_gain":0.0,"max_hp_loss":0.0,"gold_gain":0.0,"cards_transformed":["Strike_G"],"event_name":"Transmorgrifier","player_choice":"Transformed","floor":4.0,"gold_loss":0.0,"damage_taken":0.0,"cards_obtained":["Phantasmal Killer"]},{"damage_healed":0.0,"max_hp_gain":0.0,"max_hp_loss":0.0,"gold_gain":0.0,"event_name":"Liars Game","player_choice":"Ignored","floor":12.0,"gold_loss":0.0,"damage_taken":0.0},{"damage_healed":0.0,"max_hp_gain":0.0,"max_hp_loss":0.0,"gold_gain":0.0,"event_name":"Back to Basics","player_choice":"Simplicity","floor":19.0,"gold_loss":0.0,"damage_taken":0.0,"cards_upgraded":["Strike_G","Strike_G","Strike_G","Defend_G","Defend_G","Defend_G","Defend_G","Defend_G"]}],"is_beta":false,"boss_relics":[{"not_picked":["Astrolabe","WristBlade"],"picked":"Busted Crown"}],"items_purged_floors":[2],"is_endless":false,"potions_floor_spawned":[6,14,16,21],"killed_by":"Book of Stabbing","ascension_level":20}}