{"host":"px2oznrenyeljk7o","time":1612044785,"event":{"mods":["100% Spire Juice","A Penny For Your Troubles","AchievementEnabler","Act Like it!","Arknights","Aspiration","Astrologer","BaseMod","Better Altar","Better Match","Better Note","Better Sensory Stone","Better Skull","Better Third Choice","BetterRewards","ChefMod","Colored Map","Conspire","Curses Come First","Elementarium","Energized Spire","Evolution","Fireblade Mod","Fox Events","Gensokyo","GifTheSpireLib","GungeonMod","Hermit","KinomotoSakuraMod(????)","Koishi","Lobotomy","LobotomyExtend","Luminous","Marisa????????","Menagerie","Minty Spire (QoL Compilation)","Nova Terra(??·??)","Poor People Problems","Potionbrewer","Random Character Button","Rare Cards Sparkle","Reimu??????","Reliquary","Replay The Spire","Robot Space Explorer","Shade Mod","Small Relic Pack","Somnambulant","Spicy Shops","StSLib","Stuff the Spire","The Administrix","The Alterego","The Animator","The Blackbeard","The Blue Laboratory","The Bug Knight","The Clintock","The Construct","The Cursed","The Death Knight","The Disciple","The Florist","The Gatherer","The Hayseed","The Hierophant","The Jungle","The Marked","The Mystic","The Runesmith","The Servant 0.9.4","TheFirefly","TheWitcher","WarShipGirlsR/????R mod","Wide Potions","Yakumo Yukari mod","Yuri Mod","everything is the same but u backflip on backflip","slay the spire mod where everything is the same but ironclad has a cowboy hat","??????REMEMod"],"gold_per_floor":[114,127,127,36,55,55,90,90,117,8,24,24,24,39,39,142,142,153,153,171,51,68,68,146,146,173,46,57,123,148,148,148,148,148,148],"floor_reached":33,"language":"ENG","playtime":3876,"items_purged":[],"score":392,"play_id":"7d4faaa0-8f61-4922-b2cf-d0ce3734a6f7","local_time":"20210130231305","is_ascension_mode":false,"campfire_choices":[{"data":"StuffTheSpire:MirrorStance","floor":6,"key":"SMITH"},{"floor":8,"key":"REST"},{"data":"blackbeard:Anchor","floor":12,"key":"SMITH"},{"floor":15,"key":"REST"},{"floor":23,"key":"REST"},{"floor":32,"key":"REST"}],"circlet_count":0,"master_deck":["blackbeard:BlackbeardStrike","blackbeard:BlackbeardStrike","blackbeard:BlackbeardStrike","blackbeard:IntimidatingStrike","blackbeard:BlackbeardDefend","blackbeard:BlackbeardDefend","blackbeard:BlackbeardDefend","blackbeard:Cutlass","blackbeard:WiseDefense","blackbeard:PirateHook","blackbeard:Anchor+1","blackbeard:CannonballSupply","blackbeard:Dagger","StuffTheSpire:MirrorStance+1","Flying Knee","Outmaneuver","blackbeard:BlindAttacks","blackbeard:ArmorUp","blackbeard:GoldenDefense","blackbeard:Toast","blackbeard:BrownPants","blackbeard:Revenge","blackbeard:Boarding","blackbeard:CloakAndCannonball","blackbeard:PiratesWill","blackbeard:WiseDefense","blackbeard:Lifeboat","blackbeard:Halberd","blackbeard:FieryDefense","blackbeard:PowderKeg+1","blackbeard:FishingNets","blackbeard:DelayedPain","Dramatic Entrance","blackbeard:Sword+1","blackbeard:FieryDefense","blackbeard:Fencing+1","blackbeard:Recklessness"],"relics":["blackbeard:LoadTheCannons","EVO:Axolotl","REME_ComplimentaryCards","Pondfish Scales","LetterFromLob","HollowMod:PaleOreRelic","Regal Pillow","relicPack:KazumaCape","Gensokyo:DemonMask","blackbeard:Penknife"],"acts_visited":["Exordium","Menagerie:Menagerie"],"potions_floor_usage":[16,18,20,22,24,24,28,30],"damage_taken":[{"damage":0,"enemies":"Menagerie:2_RABBITS","floor":1,"turns":4},{"damage":0,"enemies":"Menagerie:WhisperingWraith","floor":2,"turns":3},{"damage":0,"enemies":"Menagerie:StygianBoar","floor":5,"turns":2},{"damage":28,"enemies":"Menagerie:MaskedSummoner","floor":7,"turns":7},{"damage":0,"enemies":"Menagerie:MENAGERIE_WILDLIFE","floor":11,"turns":4},{"damage":7,"enemies":"Menagerie:RedMage","floor":14,"turns":3},{"damage":10,"enemies":"Menagerie:Chimera","floor":16,"turns":13},{"damage":8,"enemies":"Gensokyo:Chomper","floor":18,"turns":5},{"damage":0,"enemies":"Gensokyo:2_Gloops","floor":20,"turns":3},{"damage":7,"enemies":"Gensokyo:Slime_Group","floor":22,"turns":6},{"damage":30,"enemies":"Gensokyo:Tenshi","floor":24,"turns":5},{"damage":13,"enemies":"Gensokyo:Wraith","floor":28,"turns":6},{"damage":28,"enemies":"Gensokyo:Swordslinger","floor":29,"turns":3},{"damage":0,"enemies":"Gensokyo:Slime_Group","floor":30,"turns":2},{"damage":96,"enemies":"Gensokyo:Eternal_Rivals","floor":33,"turns":7}],"seed_played":"2691971531611843398","potions_obtained":[{"floor":7,"key":"potionbrewer:DiscountPotion"},{"floor":16,"key":"Reflective Coating"},{"floor":18,"key":"potionbrewer:ToxicPotion"},{"floor":20,"key":"potionbrewer:CleansingPotion"},{"floor":22,"key":"blueLaboratory:BottleOfVodka"}],"is_trial":false,"path_per_floor":["M","M","?","$","M","R","E","R","T","$","M","R","M","M","R","B",null,"M","?","M","?","M","R","E","?","T","$","M","M","M","?","R","B"],"character_chosen":"BLACKBEARD_CLASS","items_purchased":["Pondfish Scales","blackbeard:WiseDefense","blackbeard:BlindAttacks","blackbeard:ArmorUp","blackbeard:Revenge","blackbeard:Boarding","Dramatic Entrance"],"campfire_rested":4,"item_purchase_floors":[0,0,4,4,10,10,27],"current_hp_per_floor":[75,75,75,75,75,75,47,69,69,69,69,69,69,62,75,65,75,67,67,67,67,60,75,45,57,57,57,44,16,16,16,53,0,0,0],"gold":148,"neow_bonus":"","is_daily":false,"chose_seed":false,"campfire_upgraded":2,"win_rate":0.0,"timestamp":1612044785,"path_taken":["M","M","?","$","M","R","E","R","T","?","M","R","M","M","R","BOSS","M","?","M","?","M","R","E","?","T","$","M","M","M","?","R","BOSS"],"items_purchased_type":["Relic","Card","Card","Card","Card","Card","Card"],"build_version":"2020-12-22","purchased_purges":0,"victory":false,"max_hp_per_floor":[75,75,75,75,75,75,75,75,75,75,75,75,75,75,75,75,75,75,75,75,75,75,75,75,75,75,75,75,75,75,75,75,75,75,75],"card_choices":[{"not_picked":["blackbeard:CannonBarrage","blackbeard:DoubleBottom"],"picked":"blackbeard:Anchor","floor":1},{"not_picked":["blackbeard:CloakAndCannonball","blackbeard:BeatUp"],"picked":"blackbeard:Dagger","floor":2},{"not_picked":["blackbeard:Sharpening","blackbeard:WiseDefense"],"picked":"blackbeard:GoldenDefense","floor":5},{"not_picked":["blackbeard:InfiniteBarrage","blackbeard:RearmingStrike"],"picked":"blackbeard:BrownPants","floor":7},{"not_picked":["blackbeard:Dagger","blackbeard:Intoxication"],"picked":"blackbeard:PiratesWill","floor":11},{"not_picked":["blackbeard:GoldenStrike","blackbeard:CannonballSupply"],"picked":"blackbeard:WiseDefense","floor":14},{"not_picked":["blackbeard:GoldenRain","blackbeard:GoldenGuillotine"],"picked":"blackbeard:Halberd","floor":16},{"not_picked":["blackbeard:GoldenStrike","blackbeard:DangerousBlow"],"picked":"blackbeard:PowderKeg+1","floor":18},{"not_picked":["blackbeard:SwordDance","blackbeard:SmithingHammer"],"picked":"blackbeard:FishingNets","floor":20},{"not_picked":["blackbeard:CloakAndCannonball","blackbeard:GoldenDefense"],"picked":"blackbeard:DeadlyArsenal+1","floor":22},{"not_picked":["blackbeard:Dagger","blackbeard:CannonBarrage"],"picked":"blackbeard:DelayedPain","floor":24},{"not_picked":["blackbeard:PiratesWill","blackbeard:DangerousBlow"],"picked":"blackbeard:Sword+1","floor":28},{"not_picked":["blackbeard:Toast","blackbeard:Sword"],"picked":"blackbeard:FieryDefense","floor":29},{"not_picked":["blackbeard:PirateHook","blackbeard:FieryDefense"],"picked":"blackbeard:Fencing+1","floor":30}],"player_experience":576087,"relics_obtained":[{"floor":1,"key":"LetterFromLob"},{"floor":7,"key":"HollowMod:PaleOreRelic"},{"floor":9,"key":"Regal Pillow"},{"floor":24,"key":"blackbeard:Penknife"}],"event_choices":[],"is_beta":false,"boss_relics":[{"not_picked":["Velvet Choker","reliquary:Ember"],"picked":"relicPack:KazumaCape"}],"items_purged_floors":[],"is_endless":false,"potions_floor_spawned":[7,11,16,18,20,22],"killed_by":"Gensokyo:Eternal_Rivals","ascension_level":0}}