{"host":"h3ybbam5olp21xet","time":1612045121,"event":{"mods":["BaseMod","Downfall","Hermit","Hubris","Infinite Spire","Minty Spire (QoL Compilation)","StSLib","The Bug Knight"],"gold_per_floor":[99,118,20,33,52,72,97,97,109,127,127,146,146,156,174,278,328,328,338,351,351,110,110,161,161,174,6,6,18,31,31,48,48,48,48],"floor_reached":33,"language":"ENG","playtime":2042,"items_purged":[],"score":295,"play_id":"f7a5b222-09dc-48cc-a906-90d5a8149e48","local_time":"20210130161841","is_ascension_mode":false,"campfire_choices":[{"data":"Slimebound:Split","floor":1,"key":"SMITH"},{"floor":11,"key":"REST"},{"floor":13,"key":"REST"},{"data":"Slimebound:MinionMaster","floor":18,"key":"SMITH"},{"floor":23,"key":"REST"}],"circlet_count":0,"master_deck":["hermit:Showdown+1","Slimebound:Tackle","Slimebound:Defend_Slimebound+1","Slimebound:Defend_Slimebound","Slimebound:Defend_Slimebound","Slimebound:Defend_Slimebound+1","Slimebound:Split+1","Slimebound:CorrosiveSpit","Slimebound:SlimeBarrage","Slimebound:FinishingTackle","Slimebound:SlimeBrawl","Slimebound:SplitLeeching","Slimebound:SplitSpecialist+1","Slimebound:PressTheAttack","Slimebound:GoopSpray","Slimebound:LeechEnergy","Slimebound:ItLooksTasty","Slimebound:SplitLeeching","Slimebound:SamplingLick","Slimebound:ItLooksTasty","Slimebound:MinionMaster+1","Slimebound:PressTheAttack","Slimebound:Repurpose+1","Slimebound:SplitLeeching","Slimebound:Prepare","expansioncontent:DashGenerateEvil","Slimebound:RollThrough","Bite","Bite","Bite","Bite","Bite","Slimebound:Prepare","Slimebound:RejuvenatingLick","Slimebound:CheckThePlaybook","downfall:Icky","Slimebound:SplitMire","Slimebound:SlimeSlap","Slimebound:SlimeBrawl"],"relics":["Slimebound:AbsorbEndCombat","hubris:ToyBattleship","Tiny House","War Paint","Slimebound:AggressiveSlimeRelic","hubris:SphereOfDissonance"],"acts_visited":["Exordium","TheCity"],"potions_floor_usage":[33,33,33,33,33],"damage_taken":[{"damage":11,"enemies":"Jaw Worm","floor":2,"turns":3},{"damage":0,"enemies":"downfall:FleeingMerchant","floor":3,"turns":4},{"damage":0,"enemies":"Cultist","floor":4,"turns":2},{"damage":6,"enemies":"2 Louse","floor":5,"turns":2},{"damage":23,"enemies":"Exordium Thugs","floor":6,"turns":4},{"damage":3,"enemies":"2 Fungi Beasts","floor":9,"turns":2},{"damage":7,"enemies":"Blue Slaver","floor":10,"turns":2},{"damage":14,"enemies":"Large Slime","floor":12,"turns":2},{"damage":9,"enemies":"Exordium Thugs","floor":14,"turns":3},{"damage":13,"enemies":"Lots of Slimes","floor":15,"turns":4},{"damage":24,"enemies":"IC_STATUS_ARCHETYPE","floor":16,"turns":5},{"damage":10,"enemies":"Chosen","floor":19,"turns":4},{"damage":30,"enemies":"3 Byrds","floor":20,"turns":5},{"damage":15,"enemies":"downfall:FleeingMerchant","floor":22,"turns":4},{"damage":10,"enemies":"Snecko","floor":26,"turns":4},{"damage":10,"enemies":"downfall:FleeingMerchant","floor":27,"turns":4},{"damage":29,"enemies":"Snake Plant","floor":29,"turns":4},{"damage":2,"enemies":"Chosen and Byrds","floor":30,"turns":5},{"damage":0,"enemies":"Snecko","floor":32,"turns":2},{"damage":63,"enemies":"SI_MIRROR_ARCHETYPE","floor":33,"turns":8}],"seed_played":"5612902757461684064","potions_obtained":[{"floor":2,"key":"SpeedPotion"},{"floor":9,"key":"SpeedPotion"},{"floor":10,"key":"EntropicBrew"},{"floor":12,"key":"BlessingOfTheForge"},{"floor":14,"key":"Slimebound:SlimedPotion"},{"floor":19,"key":"Regen Potion"},{"floor":32,"key":"SteroidPotion"}],"is_trial":false,"path_per_floor":["R","M","$","M","M","M","T","?","M","M","R","M","R","M","M","B",null,"R","M","M","?","$","R","T","?","M","$","?","M","M","T","M","B"],"character_chosen":"SLIMEBOUND","items_purchased":["Slimebound:SlimeBrawl","Slimebound:SplitLeeching","expansioncontent:DashGenerateEvil","Slimebound:RollThrough","Slimebound:AggressiveSlimeRelic"],"campfire_rested":3,"item_purchase_floors":[3,3,22,22,27],"current_hp_per_floor":[71,60,62,64,58,39,39,39,36,31,52,40,61,56,47,29,76,76,74,52,52,45,67,67,53,45,49,49,30,36,36,40,0,0,0],"gold":48,"neow_bonus":"TEN_PERCENT_HP_BONUS","is_daily":false,"chose_seed":false,"campfire_upgraded":2,"win_rate":0.0,"timestamp":1612045121,"path_taken":["R","M","$","M","M","M","T","?","?","M","R","?","R","M","M","BOSS","R","M","M","?","?","R","T","?","M","$","?","M","M","?","M","BOSS"],"items_purchased_type":["Card","Card","Card","Card","Relic"],"build_version":"2020-12-22","purchased_purges":0,"victory":false,"max_hp_per_floor":[71,71,71,71,71,71,71,71,71,71,71,71,71,71,71,71,76,76,76,76,76,76,76,76,53,53,53,53,53,53,53,53,53,53,53],"card_choices":[{"not_picked":["Slimebound:Prepare","Slimebound:RejuvenatingLick"],"picked":"Slimebound:SlimeBarrage","floor":2},{"not_picked":["Slimebound:DivideAndConquer","Slimebound:HauntingLick"],"picked":"Slimebound:FinishingTackle","floor":3},{"not_picked":["Slimebound:DivideAndConquer","Slimebound:LeechEnergy"],"picked":"Slimebound:SplitSpecialist","floor":4},{"not_picked":["Slimebound:LevelUp","Slimebound:SlimeSpikes"],"picked":"Slimebound:PressTheAttack","floor":5},{"not_picked":["Slimebound:FinishingTackle","Slimebound:FlameTackle"],"picked":"Slimebound:GoopSpray","floor":6},{"not_picked":["Slimebound:GoopSpray","Slimebound:Grow"],"picked":"Slimebound:LeechEnergy","floor":9},{"not_picked":["Slimebound:GoopTackle","Slimebound:LeechingTouch"],"picked":"Slimebound:ItLooksTasty","floor":10},{"not_picked":["Slimebound:Grow","Slimebound:MegaLick"],"picked":"Slimebound:SplitLeeching","floor":12},{"not_picked":["Slimebound:HungryTackle","Slimebound:ComboTackle"],"picked":"Slimebound:SamplingLick","floor":14},{"not_picked":["Slimebound:LivingWall","Slimebound:ForwardTackle"],"picked":"Slimebound:ItLooksTasty","floor":15},{"not_picked":["Slimebound:OneTwoCombo","Slimebound:OozeBath"],"picked":"Slimebound:MinionMaster","floor":16},{"not_picked":["Slimebound:LevelUp","Slimebound:FinishingTackle"],"picked":"Slimebound:PressTheAttack","floor":17},{"not_picked":["Slimebound:AcidTongue","Slimebound:DisruptingSlam"],"picked":"Slimebound:Repurpose","floor":19},{"not_picked":["Slimebound:Chomp","Slimebound:AcidTongue"],"picked":"Slimebound:SplitLeeching","floor":20},{"not_picked":["Slimebound:LivingWall","Slimebound:GoopTackle"],"picked":"Slimebound:Prepare","floor":22},{"not_picked":["Slimebound:LivingWall+1","Slimebound:ProtectTheBoss"],"picked":"Slimebound:Prepare","floor":26},{"not_picked":["Slimebound:Recollect+1","Slimebound:SplitAcid"],"picked":"Slimebound:RejuvenatingLick","floor":27},{"not_picked":["Slimebound:Replication","Slimebound:GoopTackle"],"picked":"Slimebound:SplitMire","floor":29},{"not_picked":["Slimebound:HauntingLick","Slimebound:SamplingLick"],"picked":"Slimebound:SlimeSlap","floor":30},{"not_picked":["Slimebound:Schlurp","Slimebound:RollThrough"],"picked":"Slimebound:SlimeBrawl","floor":32}],"player_experience":604145,"relics_obtained":[{"floor":7,"key":"hubris:ToyBattleship"},{"floor":24,"key":"War Paint"},{"floor":31,"key":"hubris:SphereOfDissonance"}],"event_choices":[{"damage_healed":0,"gold_gain":0,"player_choice":"Ignored","damage_taken":0,"max_hp_gain":0,"max_hp_loss":0,"event_name":"NoteForYourself","floor":21,"gold_loss":0},{"damage_healed":0,"gold_gain":0,"player_choice":"Became a vampire","damage_taken":0,"max_hp_gain":0,"max_hp_loss":23,"event_name":"Vampires","floor":25,"gold_loss":0,"cards_obtained":["Bite","Bite","Bite","Bite","Bite"]}],"is_beta":false,"boss_relics":[{"not_picked":["Runic Pyramid","Runic Dome"],"picked":"Tiny House"}],"items_purged_floors":[],"is_endless":false,"potions_floor_spawned":[2,9,10,12,14,16,19,29,30,32],"killed_by":"SI_MIRROR_ARCHETYPE","ascension_level":0}}