{"host":"bebwmhhch11ak7yk","time":1612013268,"event":{"mods":["Act Like it!","Arknights The Spire","Aspiration","BaseMod","Better Skull","Better Third Choice","Colored Powertips","Elementarium","Fiend Mod","Hermit","Hunter ??","Kratos Character Expansion","Luminous","Minty Spire (QoL Compilation)","Replay The Spire","SIMod","StSLib","The Animator","The Blackbeard","The Bladedancer","The Bug Knight","The Cursed","The Necromancer","The Servant 0.9.4","The Vixen"],"gold_per_floor":[116,127,14,14,14,14,25,51,51,51,6,21,33,63,63,166,166,184,194,204,223,5,33,33,33,33,46,46,63,96,196,196,301,301,315,315,329,73,92,126,126,126,126,145,161,200,226,237,237,237,237,237,25,51,51,51],"floor_reached":55,"language":"ENG","playtime":8338,"items_purged":[],"score":654,"play_id":"ae8ab6ef-2b65-4361-b924-14aaa00d6c14","local_time":"20210130142748","is_ascension_mode":false,"campfire_choices":[{"data":"ats:Shell Defense","floor":6,"key":"SMITH"},{"data":"ats:Composite Medical Shells","floor":10,"key":"SMITH"},{"data":"ats:Shadow Assault","floor":15,"key":"SMITH"},{"data":"ats:Part Time Job","floor":25,"key":"SMITH"},{"data":"ats:Part Time Job","floor":28,"key":"SMITH"},{"floor":32,"key":"RECALL"},{"data":"ats:Serious Mode","floor":42,"key":"SMITH"},{"data":"ats:Thorns","floor":49,"key":"SMITH"},{"data":"ats:Armor Crushing Shot","floor":52,"key":"SMITH"}],"circlet_count":0,"master_deck":["ats:Strike C","ats:Strike V","ats:Armor Crushing Shot+1","ats:Defend","ats:Defend","ats:Defend","ats:Defend","ats:Emotion Absorption+1","ats:Explosion Area Strengthen","ats:Shell Defense+1","ats:Song Of Battle","ats:Revitalization","ats:Calcification+1","ats:Composite Medical Shells+1","ats:Serious Mode+1","ats:Apocalypse","ats:Shadow Assault+1","ats:Rapid Magazine","ats:Consecutive Shot Auto","ats:Calcification","ats:Shell Defense","ats:Apocalypse","ats:Part Time Job+1","ats:Part Time Job+1","ats:Ambush","ats:Healing Drone+1","ats:Revitalization","ats:Consecutive Shot Auto+1","ats:Counter Healing Mode","ats:Calcification","ats:Apocalypse","ats:Apocalypse+1","ats:Sword Rain+1","ats:Mental Burst+1","Swift Strike","ats:Thorns+1","ats:Healing Strengthening+1","ats:Powerful Strike+1","ats:Blood Oath+1","Panache","ats:Dogmatic Field"],"relics":["ats:Sanity","ats:Originium","aspiration:ChemicalBlood","Replay:Rubber Ducky","Painkiller Herb","aspiration:Nostalgia","Vampire_Amulet","Ginger","InkBottle","Bottled Tornado","CaptainsWheel","Sundial","Elementarium:ElementariumTrophy","ats:Omniscience","ats:Bonebreaker","Garlic","Torii","Ornamental Fan"],"acts_visited":["Exordium","Exordium","TheBeyond","TheEnding"],"potions_floor_usage":[12,13,14,16,18,19,20,20,23,23,23,23,27,27,31,31,31,31,33,33,37,39,44,44,45,45,47,50,50,50,54,54,54,54,54,55,55,55,55,55,55,55,55],"damage_taken":[{"damage":7,"enemies":"Small Slimes","floor":1,"turns":4},{"damage":5,"enemies":"Jaw Worm","floor":2,"turns":4},{"damage":5,"enemies":"Cultist","floor":7,"turns":7},{"damage":10,"enemies":"Replay:BlueRogue","floor":8,"turns":8},{"damage":25,"enemies":"Gremlin Gang","floor":12,"turns":5},{"damage":17,"enemies":"Exordium Thugs","floor":13,"turns":4},{"damage":13,"enemies":"HollowMod:MossKnight","floor":14,"turns":12},{"damage":17,"enemies":"Slime Boss","floor":16,"turns":7},{"damage":0,"enemies":"Elementarium:2_ELEMENTALS","floor":18,"turns":4},{"damage":2,"enemies":"Elementarium:Cyclone","floor":19,"turns":7},{"damage":0,"enemies":"Elementarium:3_ELEMENTALS","floor":20,"turns":4},{"damage":13,"enemies":"Elementarium:RubyGolem","floor":21,"turns":8},{"damage":77,"enemies":"Elementarium:FIRE_NOBILITY","floor":23,"turns":8},{"damage":0,"enemies":"Elementarium:CYCLONE_AND_LIVING_STORMCLOUD","floor":27,"turns":7},{"damage":8,"enemies":"Elementarium:3_ELEMENTALS","floor":29,"turns":5},{"damage":27,"enemies":"Elementarium:ElementalPortal","floor":30,"turns":7},{"damage":6,"enemies":"Elementarium:FIRE_SANCTUM_HERALD","floor":31,"turns":7},{"damage":47,"enemies":"Elementarium:FIRE_SANCTUM_FIRELORD","floor":31,"turns":6},{"damage":25,"enemies":"Elementarium:GoldenDragon","floor":33,"turns":13},{"damage":0,"enemies":"Orb Walker","floor":35,"turns":6},{"damage":27,"enemies":"3 Darklings","floor":37,"turns":7},{"damage":14,"enemies":"Maw","floor":39,"turns":9},{"damage":25,"enemies":"Nemesis","floor":40,"turns":9},{"damage":39,"enemies":"Transient","floor":44,"turns":5},{"damage":0,"enemies":"4 Shapes","floor":45,"turns":3},{"damage":26,"enemies":"Reptomancer","floor":47,"turns":5},{"damage":0,"enemies":"3 Darklings","floor":48,"turns":6},{"damage":36,"enemies":"Replay:Hell Engine","floor":50,"turns":11},{"damage":81,"enemies":"Shield and Spear","floor":54,"turns":8},{"damage":255,"enemies":"The Heart","floor":55,"turns":12}],"seed_played":"-5681473719472963783","potions_obtained":[{"floor":13,"key":"Dexterity Potion"},{"floor":14,"key":"Regen Potion"},{"floor":16,"key":"Reflective Coating"},{"floor":19,"key":"EntropicBrew"},{"floor":21,"key":"BlessingOfTheForge"},{"floor":23,"key":"Block Potion"},{"floor":29,"key":"FearPotion"},{"floor":31,"key":"Regen Potion"},{"floor":39,"key":"Explosive Potion"},{"floor":40,"key":"LiquidBronze"},{"floor":46,"key":"Death Potion"},{"floor":46,"key":"Doom Potion"},{"floor":55,"key":"Milkshake"}],"is_trial":false,"path_per_floor":["M","M","$","?","?","R","M","E","T","R","$","M","M","E","R","B",null,"?","?","?","?","T","E","T","T","T","?","T","?","E","?","T","B",null,"?","?","?","T","?","E","?","T","T","?","?","?","E","?","T","B",null,"T","T","E","B"],"character_chosen":"DOCTOR_CLASS","items_purchased":["ats:Song Of Battle","ats:Revitalization","ats:Apocalypse","ats:Part Time Job","aspiration:Nostalgia","ats:Bonebreaker","ats:Blood Oath+1","Panache"],"campfire_rested":0,"item_purchase_floors":[3,3,11,22,22,38,53,53],"current_hp_per_floor":[72,67,67,67,67,67,77,79,79,79,79,65,60,79,79,79,79,79,78,79,79,79,79,79,79,79,79,79,79,79,79,79,79,79,79,79,79,79,79,62,62,62,62,43,75,56,73,79,79,79,79,79,79,79,0,0],"gold":51,"neow_bonus":"TEN_PERCENT_HP_BONUS","is_daily":false,"chose_seed":false,"campfire_upgraded":8,"win_rate":0.0,"timestamp":1612013268,"path_taken":["M","M","$","?","?","R","M","E","T","R","?","M","M","E","R","BOSS","?","?","?","?","T","E","T","T","T","?","T","?","E","?","T","BOSS","?","?","?","T","?","E","?","T","T","?","?","?","E","?","T","BOSS","T","T","E","BOSS"],"items_purchased_type":["Card","Card","Card","Card","Relic","Relic","Card","Card"],"build_version":"2020-12-22","purchased_purges":0,"victory":false,"max_hp_per_floor":[79,79,79,79,79,79,79,79,79,79,79,79,79,79,79,79,79,79,79,79,79,79,79,79,79,79,79,79,79,79,79,79,79,79,79,79,79,79,79,79,79,79,79,79,79,79,79,79,79,79,79,79,79,79,79,79],"card_choices":[{"not_picked":["ats:Poison Spread","ats:Cat Scratch"],"picked":"ats:Explosion Area Strengthen","floor":1},{"not_picked":["ats:Soul Absorption","ats:Cat Scratch"],"picked":"ats:Shell Defense","floor":2},{"not_picked":["ats:Revitalization","ats:Song Of Battle"],"picked":"ats:Composite Medical Shells","floor":7},{"not_picked":["ats:Curse Doll","ats:Guard Mode"],"picked":"ats:Serious Mode","floor":8},{"not_picked":["ats:Curse Doll","ats:Hook Shot"],"picked":"ats:Shadow Assault","floor":12},{"not_picked":["ats:Very Hot Blade","ats:Absolute Focus"],"picked":"ats:Rapid Magazine","floor":13},{"not_picked":["ats:Explosion Area Strengthen","ats:Directed Diagnosis"],"picked":"ats:Consecutive Shot Auto","floor":14},{"not_picked":["ats:Fractured Body","ats:Wolf Pack"],"picked":"ats:Calcification","floor":16},{"not_picked":["ats:Curse Doll","ats:Very Hot Blade"],"picked":"ats:Shell Defense","floor":18},{"not_picked":["ats:Burning Ground","ats:Spore Proliferation","ats:Encircling Forest"],"picked":"SKIP","floor":19},{"not_picked":["ats:Very Hot Blade","ats:Shell Defense+1"],"picked":"ats:Apocalypse","floor":20},{"not_picked":["ats:Absolute Focus","ats:Support Order"],"picked":"ats:Part Time Job","floor":21},{"not_picked":["ats:Revitalization","ats:Explosion Area Strengthen"],"picked":"ats:Ambush","floor":23},{"not_picked":["ats:Sword Rain","ats:Leaping Hammer+1"],"picked":"ats:Healing Drone+1","floor":27},{"not_picked":["ats:Leaping Hammer+1","ats:Assault Order+1"],"picked":"ats:Revitalization","floor":29},{"not_picked":["ats:Durian","ats:Closed Bolt Burst Fire"],"picked":"ats:Consecutive Shot Auto+1","floor":30},{"not_picked":["ats:Charging Defense","ats:Powerful Strike+1"],"picked":"ats:Counter Healing Mode","floor":31},{"not_picked":["ats:Nebulous Foxfire","ats:Roar Of Ursus"],"picked":"ats:Calcification","floor":33},{"not_picked":["ats:Beaten Up","ats:Flexible Camouflage+1"],"picked":"ats:Apocalypse","floor":35},{"not_picked":["ats:Leaping Hammer+1","ats:Composite Medical Shells"],"picked":"ats:Apocalypse+1","floor":37},{"not_picked":["ats:Steam Pump+1","ats:Absolute Focus"],"picked":"ats:Sword Rain+1","floor":39},{"not_picked":["ats:Closed Bolt Burst Fire","ats:Ignite+1"],"picked":"ats:Mental Burst+1","floor":40},{"not_picked":["ReplayTheSpireMod:Trickstab","Transmutation"],"picked":"Swift Strike","floor":41},{"not_picked":["ats:Overload+1","ats:Encircling Forest"],"picked":"ats:Thorns","floor":44},{"not_picked":["ats:Revitalization","ats:Closed Bolt Burst Fire"],"picked":"ats:Healing Strengthening+1","floor":45},{"not_picked":["ats:Defend Order","ats:Poison Spread"],"picked":"ats:Powerful Strike+1","floor":47},{"not_picked":["ats:Flexible Camouflage","ats:Charging Defense+1","ats:Volcano"],"picked":"SKIP","floor":48},{"not_picked":["ats:Consecutive Shot Auto+1","ats:Literary Storm"],"picked":"ats:Dogmatic Field","floor":54}],"player_experience":346187,"relics_obtained":[{"floor":8,"key":"ats:Originium"},{"floor":8,"key":"aspiration:ChemicalBlood"},{"floor":14,"key":"ats:Originium"},{"floor":14,"key":"Replay:Rubber Ducky"},{"floor":23,"key":"ats:Originium"},{"floor":23,"key":"Ginger"},{"floor":26,"key":"InkBottle"},{"floor":30,"key":"ats:Originium"},{"floor":30,"key":"Bottled Tornado"},{"floor":31,"key":"CaptainsWheel"},{"floor":31,"key":"Sundial"},{"floor":40,"key":"Garlic"},{"floor":43,"key":"Torii"},{"floor":47,"key":"Ornamental Fan"}],"event_choices":[{"damage_healed":0,"gold_gain":0,"player_choice":"Grow","damage_taken":0,"max_hp_gain":0,"max_hp_loss":0,"event_name":"Living Wall","floor":4,"gold_loss":0,"cards_upgraded":["ats:Emotion Absorption"]},{"damage_healed":0,"gold_gain":0,"player_choice":"Fight","damage_taken":0,"max_hp_gain":0,"max_hp_loss":0,"event_name":"Elementarium:FireSanctum","floor":31,"gold_loss":0},{"damage_healed":0,"gold_gain":0,"player_choice":"Confrontation","damage_taken":0,"max_hp_gain":0,"max_hp_loss":0,"event_name":"Elementarium:FireSanctum","floor":31,"gold_loss":0},{"cards_removed":["ats:Strike G"],"damage_healed":0,"gold_gain":0,"player_choice":"Removed Attack","damage_taken":0,"max_hp_gain":0,"max_hp_loss":0,"event_name":"Falling","floor":36,"gold_loss":0},{"damage_healed":0,"gold_gain":0,"player_choice":"Memory 1","damage_taken":0,"max_hp_gain":0,"max_hp_loss":0,"event_name":"SensoryStone","floor":41,"gold_loss":0}],"is_beta":false,"boss_relics":[{"not_picked":["Busted Crown","Pandora\u0027s Box"],"picked":"Painkiller Herb"},{"not_picked":["Coffee Dripper","aspiration:WatcherSkillbook"],"picked":"ats:Omniscience"}],"items_purged_floors":[],"is_endless":false,"potions_floor_spawned":[13,14,16,19,21,23,29,31,39,40,47],"killed_by":"The Heart","ascension_level":0}}