{"host":"684z1xpuwaoqmmh1","time":1612039005,"event":{"mods":["BaseMod","Downfall","Hermit","Jorbs\u0027s Wanderer Trilogy","Marisa????????","Minty Spire (QoL Compilation)","Robot Space Explorer","Shade Mod","StSLib","The Bug Knight","The Cursed","The Dragon Tamer","The Hayseed","The Hierophant","The Marked","The Mystic","The Runesmith","The Senshi"],"gold_per_floor":[112,122,122,142,67,67,96,96,96,124,124,70,82,96,96,194,194,206,223,223,223,240,240,275,275,275,275,302,320,351,381,381,381,381],"floor_reached":33,"language":"ENG","playtime":2355,"items_purged":["theMarked:Strike"],"score":490,"play_id":"601320df-b574-400a-9ba8-2dde112569d0","local_time":"20210130223645","is_ascension_mode":true,"campfire_choices":[{"data":"theMarked:LightningStrikesTwice","floor":6,"key":"SMITH"},{"floor":8,"key":"REST"},{"data":"theMarked:SoldierOfQuellstein","floor":15,"key":"SMITH"},{"floor":23,"key":"REST"},{"data":"theMarked:TakeOffHeels","floor":25,"key":"SMITH"},{"data":"theMarked:Generate","floor":27,"key":"SMITH"},{"floor":32,"key":"REST"}],"circlet_count":0,"master_deck":["theMarked:Strike","theMarked:Strike","theMarked:Strike","theMarked:Strike","theMarked:Defend","theMarked:Defend","theMarked:Defend","theMarked:Defend","theMarked:SoldierOfQuellstein+1","theMarked:LightningStrikesTwice+1","theMarked:Standoff","theMarked:TakeCover","theMarked:Friction","theMarked:TunnelVision+1","theMarked:EnhanceMovement","theMarked:TwofoldDefense","theMarked:TakeOffHeels+1","theMarked:BanishingStrike+1","theMarked:Generate+1","theMarked:OneWithTheBlade","theMarked:Levitate","theMarked:TakeCover","theMarked:Seal+1","theMarked:WardOff"],"relics":["theMarked:ArtifactOfAir","PreservedInsect","Sundial","Toy Ornithopter","Runesmith:Nanobots","Anchor","Akabeko","Black Star","MutagenicStrength","bronze:BronzeIdol","Blue Candle","Frozen Egg 2","Matryoshka","Bag of Marbles","Runesmith:AutoHammer","theSenshi:SpiralHeartMoonRodRelic","Red Mask"],"acts_visited":["Exordium","TheCity"],"potions_floor_usage":[7,24,30],"damage_taken":[{"damage":1,"enemies":"Small Slimes","floor":1,"turns":3},{"damage":1,"enemies":"Cultist","floor":2,"turns":3},{"damage":0,"enemies":"2 Louse","floor":4,"turns":3},{"damage":39,"enemies":"HollowMod:MossKnight","floor":7,"turns":16},{"damage":5,"enemies":"Lagavulin","floor":10,"turns":3},{"damage":0,"enemies":"2 Fungi Beasts","floor":13,"turns":1},{"damage":0,"enemies":"Large Slime","floor":14,"turns":4},{"damage":7,"enemies":"The Guardian","floor":16,"turns":15},{"damage":0,"enemies":"Chosen","floor":18,"turns":2},{"damage":5,"enemies":"2 Thieves","floor":19,"turns":3},{"damage":23,"enemies":"Sentry and Sphere","floor":22,"turns":4},{"damage":0,"enemies":"Gremlin Leader","floor":24,"turns":3},{"damage":30,"enemies":"Slavers","floor":28,"turns":8},{"damage":0,"enemies":"Centurion and Healer","floor":29,"turns":4},{"damage":0,"enemies":"Book of Stabbing","floor":30,"turns":2},{"damage":0,"enemies":"Masked Bandits","floor":31,"turns":3},{"damage":46,"enemies":"Collector","floor":33,"turns":6}],"seed_played":"-1468872397500970900","potions_obtained":[{"floor":1,"key":"hexamod:SoulburnPotion"},{"floor":10,"key":"Swift Potion"},{"floor":18,"key":"AttackPotion"},{"floor":24,"key":"hexamod:SoulburnPotion"},{"floor":29,"key":"LiquidMemories"}],"is_trial":false,"path_per_floor":["M","M","?","M","$","R","E","R","T","E","?","?","M","M","R","B",null,"M","M","?","?","M","R","E","R","T","R","E","M","E","?","R","B"],"character_chosen":"THE_DEFAULT","items_purchased":[],"campfire_rested":3,"item_purchase_floors":[],"current_hp_per_floor":[62,61,49,49,49,49,10,31,31,26,26,26,26,26,26,19,57,57,52,52,39,16,38,43,43,43,43,13,13,18,24,46,0,0],"gold":381,"neow_bonus":"RANDOM_COMMON_RELIC","is_daily":false,"chose_seed":false,"campfire_upgraded":4,"win_rate":0.0,"timestamp":1612039005,"path_taken":["M","M","?","M","$","R","E","R","T","E","?","?","M","?","R","BOSS","M","M","?","?","M","R","E","R","T","R","E","M","E","?","R","BOSS"],"items_purchased_type":[],"build_version":"2020-12-22","purchased_purges":1,"victory":false,"max_hp_per_floor":[70,70,70,70,70,70,70,70,70,70,70,70,70,70,70,70,70,70,70,70,75,75,75,75,75,75,75,75,75,75,75,75,75,75],"card_choices":[{"not_picked":["theMarked:Pokerface","theMarked:Frustration"],"picked":"theMarked:LightningStrikesTwice","floor":1},{"not_picked":["theMarked:KeepCalmAndFight","theMarked:ChainLightning"],"picked":"theMarked:Standoff","floor":2},{"not_picked":["theMarked:TwofoldDefense","theMarked:Electrocute"],"picked":"theMarked:TakeCover","floor":4},{"not_picked":["theMarked:ChainLightning","theMarked:ChannelForce"],"picked":"theMarked:Friction","floor":7},{"not_picked":["theMarked:Indomitable","theMarked:TakeCover"],"picked":"theMarked:TunnelVision","floor":10},{"not_picked":["theMarked:MuscleMemory","theMarked:ChannelForce"],"picked":"theMarked:EnhanceMovement","floor":13},{"not_picked":["theMarked:EmpowerWeapon","theMarked:Seal"],"picked":"theMarked:TwofoldDefense","floor":14},{"not_picked":["theMarked:DispelDoubt","theMarked:EternalStudent"],"picked":"theMarked:TakeOffHeels","floor":16},{"not_picked":["theMarked:EmpowerWeapon+1","theMarked:WardOff"],"picked":"theMarked:BanishingStrike+1","floor":18},{"not_picked":["theMarked:ContemptForTheProud","theMarked:WardOff"],"picked":"theMarked:Generate","floor":19},{"not_picked":["theMarked:EmpowerWeapon","theMarked:ResourceFulStrike","theMarked:ElectricStrings"],"picked":"SKIP","floor":22},{"not_picked":["theMarked:MuscleMemory+1","theMarked:ResourceFulStrike+1"],"picked":"theMarked:OneWithTheBlade","floor":24},{"not_picked":["theMarked:TurnInvisible","theMarked:ElectricStrings"],"picked":"theMarked:Levitate","floor":28},{"not_picked":["theMarked:Improvise","theMarked:Generate"],"picked":"theMarked:TakeCover","floor":29},{"not_picked":["theMarked:Aftermath","theMarked:AttractMetal+1"],"picked":"theMarked:Seal+1","floor":30},{"not_picked":["theMarked:Panic","theMarked:BanishingStrike+1"],"picked":"theMarked:WardOff","floor":31}],"player_experience":3016702,"relics_obtained":[{"floor":7,"key":"Toy Ornithopter"},{"floor":9,"key":"Runesmith:Nanobots"},{"floor":10,"key":"Anchor"},{"floor":24,"key":"bronze:BronzeIdol"},{"floor":24,"key":"Blue Candle"},{"floor":26,"key":"Frozen Egg 2"},{"floor":28,"key":"Matryoshka"},{"floor":28,"key":"Bag of Marbles"},{"floor":30,"key":"Runesmith:AutoHammer"},{"floor":30,"key":"theSenshi:SpiralHeartMoonRodRelic"},{"floor":31,"key":"Red Mask"}],"event_choices":[{"damage_healed":0,"gold_gain":0,"player_choice":"Success","damage_taken":12,"relics_obtained":["Sundial"],"max_hp_gain":0,"max_hp_loss":0,"event_name":"Scrap Ooze","floor":3,"gold_loss":0},{"damage_healed":0,"gold_gain":0,"player_choice":"Grow","damage_taken":0,"max_hp_gain":0,"max_hp_loss":0,"event_name":"Living Wall","floor":11,"gold_loss":0,"cards_upgraded":["theMarked:TunnelVision"]},{"damage_healed":0,"gold_gain":0,"player_choice":"Paid Gold","damage_taken":0,"relics_obtained":["Akabeko"],"max_hp_gain":0,"max_hp_loss":0,"event_name":"WeMeetAgain","floor":12,"gold_loss":54},{"damage_healed":0,"gold_gain":0,"player_choice":"Inject Mutagens","damage_taken":0,"relics_obtained":["MutagenicStrength"],"max_hp_gain":0,"max_hp_loss":0,"event_name":"Drug Dealer","floor":20,"gold_loss":0},{"damage_healed":0,"gold_gain":0,"player_choice":"Shed Blood","damage_taken":18,"max_hp_gain":5,"max_hp_loss":0,"event_name":"Forgotten Altar","floor":21,"gold_loss":0},{"damage_healed":0,"gold_gain":0,"player_choice":"Fought Bandits","damage_taken":0,"max_hp_gain":0,"max_hp_loss":0,"event_name":"Masked Bandits","floor":31,"gold_loss":0}],"is_beta":false,"boss_relics":[{"not_picked":["theMarked:BronzeBlade","Pandora\u0027s Box"],"picked":"Black Star"}],"items_purged_floors":[5],"is_endless":false,"potions_floor_spawned":[1,10,18,24,29],"killed_by":"Collector","ascension_level":7}}