{"host":"vex7walpoxzv48nx","time":1612040981,"event":{"mods":["AchievementEnabler","BaseMod","Bestiary","Minty Spire (QoL Compilation)","Permanent Neow","Quick Restart","Relic Stats","UnlockEverythingMod"],"gold_per_floor":[117,12,30,48,59,59,88,88,88,88,104,104,138,149,149,149,149],"floor_reached":16,"language":"ENG","playtime":1856,"items_purged":["Shame"],"score":204,"play_id":"f8fce4c4-5e6c-4d65-afd8-b38c70d0200e","local_time":"20210130220941","is_ascension_mode":true,"campfire_choices":[{"data":"Havoc","floor":6.0,"key":"SMITH"},{"data":"Havoc","floor":8.0,"key":"SMITH"},{"data":"Feel No Pain","floor":12.0,"key":"SMITH"},{"floor":15,"key":"REST"}],"circlet_count":0,"master_deck":["AscendersBane","Strike_R","Strike_R","Strike_R","Strike_R","Strike_R","Defend_R","Defend_R","Defend_R","Defend_R","Bash","Secret Technique","Havoc+1","Sword Boomerang","Pommel Strike","Havoc+1","Shrug It Off","Thunderclap","Feel No Pain+1","Havoc","Infernal Blade","Anger"],"relics":["Burning Blood","Odd Mushroom","InkBottle","Thread and Needle"],"acts_visited":["Exordium"],"potions_floor_usage":[13,16],"damage_taken":[{"damage":12.0,"enemies":"Small Slimes","floor":1.0,"turns":4.0},{"damage":1.0,"enemies":"Cultist","floor":3.0,"turns":3.0},{"damage":9.0,"enemies":"Jaw Worm","floor":4.0,"turns":3.0},{"damage":23.0,"enemies":"2 Fungi Beasts","floor":5.0,"turns":4.0},{"damage":14.0,"enemies":"The Mushroom Lair","floor":7.0,"turns":6.0},{"damage":4.0,"enemies":"3 Louse","floor":11.0,"turns":3.0},{"damage":14,"enemies":"Gremlin Nob","floor":13,"turns":3},{"damage":26,"enemies":"Exordium Wildlife","floor":14,"turns":5},{"damage":36,"enemies":"The Guardian","floor":16,"turns":12}],"seed_played":"-15249822820965141","potions_obtained":[{"floor":5.0,"key":"Block Potion"},{"floor":11.0,"key":"Explosive Potion"},{"floor":13,"key":"GamblersBrew"}],"is_trial":false,"path_per_floor":["M","$","M","M","M","R","?","R","T","?","M","R","E","M","R","B"],"character_chosen":"IRONCLAD","items_purchased":["Sword Boomerang"],"campfire_rested":1,"item_purchase_floors":[2],"current_hp_per_floor":[62,62,67,64,47,47,39,39,39,39,41,41,33,13,35,0,0],"gold":149,"neow_bonus":"RANDOM_COLORLESS_2","is_daily":false,"chose_seed":false,"campfire_upgraded":3,"win_rate":0.0,"timestamp":1612040981,"path_taken":["M","$","M","M","M","R","?","R","T","?","M","R","E","M","R","BOSS"],"items_purchased_type":["Card"],"build_version":"2020-12-22","purchased_purges":1,"victory":false,"max_hp_per_floor":[75,75,75,75,75,75,75,75,75,75,75,75,75,75,75,75,75],"relic_stats":{"counters":[9,43],"obtain_stats":[{"Thread and Needle":13,"Odd Mushroom":7,"Burning Blood":0,"InkBottle":9},{"Thread and Needle":7,"Odd Mushroom":5,"Burning Blood":0,"InkBottle":5},{"Thread and Needle":26,"Odd Mushroom":20,"Burning Blood":0,"InkBottle":20}],"Burning Blood":48,"InkBottle":[9]},"card_choices":[{"not_picked":["Metamorphosis","Mayhem"],"picked":"Secret Technique","floor":0.0},{"not_picked":["Body Slam","Seeing Red"],"picked":"Havoc","floor":1.0},{"not_picked":["Sentinel","True Grit"],"picked":"Pommel Strike","floor":3.0},{"not_picked":["True Grit","Flex"],"picked":"Havoc","floor":4.0},{"not_picked":["Twin Strike","Perfected Strike"],"picked":"Shrug It Off","floor":5.0},{"not_picked":["Dark Embrace","Juggernaut"],"picked":"Havoc","floor":11.0},{"not_picked":["Perfected Strike","Body Slam"],"picked":"Infernal Blade","floor":13},{"not_picked":["Sword Boomerang","Metallicize"],"picked":"Anger","floor":14}],"player_experience":221243,"relics_obtained":[{"floor":7.0,"key":"Odd Mushroom"},{"floor":9.0,"key":"InkBottle"},{"floor":13,"key":"Thread and Needle"}],"event_choices":[{"damage_healed":0.0,"max_hp_gain":0.0,"max_hp_loss":0.0,"gold_gain":0.0,"event_name":"Mushrooms","player_choice":"Fought Mushrooms","floor":7.0,"gold_loss":0.0,"damage_taken":0.0},{"damage_healed":0.0,"max_hp_gain":0.0,"max_hp_loss":0.0,"gold_gain":0.0,"event_name":"Match and Keep!","player_choice":"2 cards matched","floor":10.0,"gold_loss":0.0,"damage_taken":0.0,"cards_obtained":["Thunderclap","Feel No Pain"]}],"is_beta":false,"boss_relics":[],"items_purged_floors":[2],"is_endless":false,"potions_floor_spawned":[5,11,13],"killed_by":"The Guardian","ascension_level":20}}