{"host":"627up2rvtmm0cf0r","time":1612020499,"event":{"mods":["ATMod(阿瑾Mod)","Act Like it!","BaseMod","Better Vampires","CapriCore","Card Filter","Card Forge","Colored Powertips","DeckTracker","Dota2Spire","Downfall","Energized Spire","Friendly Minions","Highlight Path","Infinite Spire","Jedi Mod","Minty Spire (QoL Compilation)","MostiFishMod","Permanent Neow","Practice Mode","Quick Restart","Relic Stats","Reliquary","Shop Mod","Spicy Shops","StSLib","SuperFastMode","TestMod","【遗物卡牌】REMEMod","篝火指南"],"gold_per_floor":[99,117,129,129,149,161,184,284,384,417,435,449,469,496,509,610,610,127,146,146,146,146,173,173,173,185,170,170,201,201,226,245,344,344,344,361,361,361,492,505,531,573,673,731,748,804,91,107,149,149],"floor_reached":51,"language":"ZHS","playtime":2533,"items_purged":["hexamod:Strike","hexamod:Strike"],"score":1120,"play_id":"7465f0a9-8f0c-48f1-9b97-376be7cb79f0","local_time":"20210130232819","is_ascension_mode":true,"campfire_choices":[{"data":"AT_Dispersion","floor":1,"key":"SMITH"},{"data":"hexamod:GhostflameInferno","floor":25,"key":"SMITH"},{"data":"hexamod:Sear","floor":28,"key":"SMITH"},{"floor":30,"key":"REST"},{"data":"hexamod:ForkedFlame","floor":35,"key":"SMITH"}],"circlet_count":0,"master_deck":["hexamod:Strike","hexamod:Defend","hexamod:Defend","hexamod:Defend","hexamod:Sear+1","hexamod:Float+1","AT_Dispersion+1","hexamod:Hexaguard","hexamod:SoulSteal+1","hexamod:ExtraCrispy","hexamod:GhostflameInferno+1","hexamod:ForkedFlame+1","hexamod:HexaLevel"],"relics":["hexamod:SpiritBrand","Hammer of Thor","Seething Fire","Anvil of the Gods","DaveBox","testmod-TestBox","REME_ComplimentaryCards","AT_ATBox","Vajra","testmod-Hope","The Courier","reliquary:Boomerang","downfall:GremlinWheel","reliquary:Buckler","AT_RedTearstoneRing","testmod-NegativeEmotionEnhancer","Boot","testmod-RealStoneCalender","infinitespire:FocusingShard","Nilry\u0027s Codex","testmod-CasingShield","testmod-Justice","infinitespire:PuzzleCube","Dota2Spire:BattleFury","Art of War","reliquary:RedCape","Happy Flower","Dota2Spire:HandOfMidas","Toy Ornithopter","AT_GuinsooRageblade","reliquary:PurpleTingedLeaf","Shuriken","testmod-EqualTreatment","infinitespire:EmpoweringShard"],"acts_visited":["Exordium","TheCity","TheBeyond"],"potions_floor_usage":[14,16,29,31],"damage_taken":[{"damage":0,"enemies":"Small Slimes","floor":2,"turns":4},{"damage":0,"enemies":"Cultist","floor":3,"turns":3},{"damage":0,"enemies":"2 Louse","floor":5,"turns":4},{"damage":1,"enemies":"Large Slime","floor":6,"turns":4},{"damage":27,"enemies":"Large Slime","floor":9,"turns":6},{"damage":6,"enemies":"Lagavulin","floor":10,"turns":8},{"damage":5,"enemies":"Exordium Thugs","floor":11,"turns":3},{"damage":0,"enemies":"Gremlin Gang","floor":12,"turns":3},{"damage":0,"enemies":"Red Slaver","floor":13,"turns":3},{"damage":1,"enemies":"Gremlin Nob","floor":14,"turns":4},{"damage":0,"enemies":"Blue Slaver","floor":15,"turns":3},{"damage":29,"enemies":"WA_ARCHETYPE_RETAIN","floor":16,"turns":9},{"damage":1,"enemies":"Chosen","floor":19,"turns":3},{"damage":13,"enemies":"Slavers","floor":23,"turns":3},{"damage":0,"enemies":"3 Byrds","floor":26,"turns":4},{"damage":0,"enemies":"downfall:FleeingMerchant","floor":27,"turns":4},{"damage":17,"enemies":"Gremlin Leader","floor":29,"turns":5},{"damage":9,"enemies":"Book of Stabbing","floor":31,"turns":5},{"damage":3,"enemies":"Snecko","floor":32,"turns":4},{"damage":35,"enemies":"DF_ARCHETYPE_CLAW","floor":33,"turns":6},{"damage":1,"enemies":"Orb Walker","floor":36,"turns":3},{"damage":10,"enemies":"downfall:FleeingMerchant","floor":39,"turns":4},{"damage":3,"enemies":"3 Darklings","floor":40,"turns":3},{"damage":0,"enemies":"Transient","floor":42,"turns":5},{"damage":0,"enemies":"downfall:LadyInBlue","floor":43,"turns":3},{"damage":21,"enemies":"Nemesis","floor":44,"turns":5},{"damage":0,"enemies":"Jaw Worm Horde","floor":45,"turns":1},{"damage":0,"enemies":"Giant Head","floor":46,"turns":5},{"damage":0,"enemies":"Spire Growth","floor":48,"turns":3},{"damage":0,"enemies":"4 Shapes","floor":49,"turns":2},{"damage":34,"enemies":"SI_POISON_ARCHETYPE","floor":50,"turns":4}],"seed_played":"-2648562119292932484","potions_obtained":[{"floor":5,"key":"Dexterity Potion"},{"floor":6,"key":"Dota2Spire:Clarity"},{"floor":11,"key":"champ:CounterPotion"},{"floor":15,"key":"ColorlessPotion"},{"floor":19,"key":"jedi:StrikingPotion"},{"floor":31,"key":"BlessingOfTheForge"},{"floor":40,"key":"SpeedPotion"},{"floor":43,"key":"testmod-TestPotion"}],"is_trial":false,"path_per_floor":["R","M","M","?","M","M","T","?","?","E","M","M","M","E","M","B",null,"R","M","?","?","AVR","E","T","R","M","$","R","E","R","E","M","B",null,"R","M","?","?","$","M","T","M","?","E","M","E","$","M","M","B",null],"character_chosen":"THE_SPIRIT","items_purchased":["Boot","testmod-RealStoneCalender","infinitespire:FocusingShard","Happy Flower","Shuriken","testmod-EqualTreatment","infinitespire:EmpoweringShard"],"campfire_rested":1,"item_purchase_floors":[18,18,18,39,47,47,47],"current_hp_per_floor":[70,70,70,70,70,69,69,69,42,36,31,31,31,30,30,1,70,70,71,55,42,42,77,77,77,78,79,79,66,80,73,72,41,83,83,84,84,84,76,80,80,82,84,65,90,91,91,92,93,64],"gold":149,"neow_bonus":"RANDOM_COMMON_RELIC","is_daily":false,"chose_seed":false,"campfire_upgraded":4,"win_rate":0.0,"timestamp":1612020499,"path_taken":["R","M","M","?","?","M","T","?","?","E","M","?","?","E","M","BOSS","R","M","?","?","AVR","E","T","R","M","$","R","E","R","E","M","BOSS","R","M","?","?","?","M","T","M","?","E","?","E","$","M","M","BOSS"],"items_purchased_type":["Relic","Relic","Relic","Relic","Relic","Relic","Relic"],"build_version":"2020-12-22","purchased_purges":2,"victory":true,"max_hp_per_floor":[70,70,70,70,70,70,70,70,70,70,70,70,70,70,70,70,70,70,71,71,76,76,77,77,77,78,79,79,80,80,81,82,83,83,83,84,84,84,85,86,86,87,88,89,90,91,91,92,93,94],"relic_stats":{"Happy Flower":[10],"counters":[31,126],"Shuriken":[1],"Art of War":[5],"Boot":[32],"obtain_stats":[{"AT_ATBox":0,"reliquary:Boomerang":7,"DaveBox":0,"Nilry\u0027s Codex":20,"Vajra":0,"testmod-EqualTreatment":47,"Hammer of Thor":0,"testmod-NegativeEmotionEnhancer":17,"reliquary:RedCape":34,"Boot":18,"testmod-CasingShield":22,"downfall:GremlinWheel":9,"reliquary:Buckler":10,"AT_GuinsooRageblade":44,"hexamod:SpiritBrand":0,"Dota2Spire:HandOfMidas":41,"AT_RedTearstoneRing":14,"testmod-TestBox":0,"Happy Flower":39,"The Courier":0,"infinitespire:FocusingShard":18,"Dota2Spire:BattleFury":29,"Seething Fire":0,"testmod-Justice":23,"testmod-RealStoneCalender":18,"Anvil of the Gods":0,"Shuriken":47,"testmod-Hope":0,"Art of War":31,"infinitespire:EmpoweringShard":47,"infinitespire:PuzzleCube":24,"Toy Ornithopter":43,"reliquary:PurpleTingedLeaf":46,"REME_ComplimentaryCards":0},{"AT_ATBox":0,"reliquary:Boomerang":4,"DaveBox":0,"Nilry\u0027s Codex":13,"Vajra":0,"testmod-EqualTreatment":28,"Hammer of Thor":0,"testmod-NegativeEmotionEnhancer":12,"reliquary:RedCape":20,"Boot":12,"testmod-CasingShield":13,"downfall:GremlinWheel":5,"reliquary:Buckler":6,"AT_GuinsooRageblade":26,"hexamod:SpiritBrand":0,"Dota2Spire:HandOfMidas":23,"AT_RedTearstoneRing":10,"testmod-TestBox":0,"Happy Flower":22,"The Courier":0,"infinitespire:FocusingShard":12,"Dota2Spire:BattleFury":17,"Seething Fire":0,"testmod-Justice":14,"testmod-RealStoneCalender":12,"Anvil of the Gods":0,"Shuriken":28,"testmod-Hope":0,"Art of War":18,"infinitespire:EmpoweringShard":28,"infinitespire:PuzzleCube":14,"Toy Ornithopter":25,"reliquary:PurpleTingedLeaf":28,"REME_ComplimentaryCards":0},{"AT_ATBox":0,"reliquary:Boomerang":15,"DaveBox":0,"Nilry\u0027s Codex":57,"Vajra":0,"testmod-EqualTreatment":117,"Hammer of Thor":0,"testmod-NegativeEmotionEnhancer":54,"reliquary:RedCape":88,"Boot":54,"testmod-CasingShield":57,"downfall:GremlinWheel":21,"reliquary:Buckler":29,"AT_GuinsooRageblade":111,"hexamod:SpiritBrand":0,"Dota2Spire:HandOfMidas":98,"AT_RedTearstoneRing":42,"testmod-TestBox":0,"Happy Flower":95,"The Courier":0,"infinitespire:FocusingShard":54,"Dota2Spire:BattleFury":73,"Seething Fire":0,"testmod-Justice":60,"testmod-RealStoneCalender":54,"Anvil of the Gods":0,"Shuriken":117,"testmod-Hope":0,"Art of War":78,"infinitespire:EmpoweringShard":117,"infinitespire:PuzzleCube":60,"Toy Ornithopter":106,"reliquary:PurpleTingedLeaf":117,"REME_ComplimentaryCards":0}],"Toy Ornithopter":0},"card_choices":[{"not_picked":["hexamod:HeatMetal","hexamod:GhostOfSpirePast"],"picked":"hexamod:Hexaguard","floor":2},{"not_picked":["hexamod:Haunt","hexamod:ChargedBarrage","hexamod:GhostShield"],"picked":"SKIP","floor":3},{"not_picked":["hexamod:HauntingEcho","hexamod:Haunt"],"picked":"hexamod:SoulSteal","floor":5},{"not_picked":["hexamod:SwordOfDarkness","hexamod:Haunt","hexamod:ThermalTransfer"],"picked":"SKIP","floor":6},{"not_picked":["hexamod:CatchUp","hexamod:Hexaguard","hexamod:AdvancingGuard"],"picked":"SKIP","floor":10},{"not_picked":["hexamod:NightmareGuise","hexamod:GhostLash","hexamod:ShieldOfDarkness"],"picked":"SKIP","floor":11},{"not_picked":["hexamod:FastForward","hexamod:InspiringFlames","hexamod:PhantomFireball"],"picked":"SKIP","floor":12},{"not_picked":["hexamod:EtherealExpedition","hexamod:SoulSteal"],"picked":"hexamod:ExtraCrispy","floor":13},{"not_picked":["hexamod:SpectralAdrenaline","hexamod:HeatShield","hexamod:EtherealExpedition"],"picked":"SKIP","floor":14},{"not_picked":["hexamod:ShieldOfDarkness","hexamod:GhostShield","hexamod:FastForward"],"picked":"SKIP","floor":15},{"not_picked":["hexamod:TurnItUp","hexamod:UnleashSpirits"],"picked":"hexamod:GhostflameInferno","floor":16},{"not_picked":["hexamod:PhantomFireball","hexamod:FourthSeal","hexamod:HauntingEcho+1"],"picked":"SKIP","floor":19},{"not_picked":["hexamod:Rewind","hexamod:SkipABeat+1","hexamod:SpectersWail"],"picked":"SKIP","floor":23},{"not_picked":["hexamod:NightmareGuise+1","hexamod:HeatCrush+1","hexamod:HeatMetal"],"picked":"SKIP","floor":26},{"not_picked":["hexamod:BurningTouch","hexamod:HeatShield","hexamod:SkipABeat"],"picked":"SKIP","floor":27},{"not_picked":["hexamod:TimeWarp","hexamod:SpectersWail","hexamod:NightmareStrike"],"picked":"SKIP","floor":29},{"not_picked":["hexamod:NightmareStrike","hexamod:SpectralAdrenaline+1","hexamod:HeatMetal"],"picked":"SKIP","floor":31},{"not_picked":["hexamod:PhantomFireball","hexamod:SkipABeat"],"picked":"hexamod:ForkedFlame","floor":32},{"not_picked":["hexamod:CatchUp","hexamod:InspiringFlames","hexamod:GhostOfSpireFuture"],"picked":"SKIP","floor":36},{"not_picked":["hexamod:HeatMetal","hexamod:InspiringFlames+1","hexamod:FlamesFromBeyond"],"picked":"SKIP","floor":39},{"not_picked":["hexamod:RecurringNightmare+1","hexamod:NightmareGuise+1","hexamod:AdvancingGuard+1"],"picked":"SKIP","floor":40},{"not_picked":["hexamod:GhostShield","hexamod:FourthSeal","hexamod:GhostOfSpireFuture+1"],"picked":"SKIP","floor":42},{"not_picked":["hexamod:NightmareStrike","hexamod:FourthSeal"],"picked":"hexamod:HexaLevel","floor":43},{"not_picked":["hexamod:ThirdSeal","hexamod:BacktrackSmack","hexamod:GhostOfSpirePast+1"],"picked":"SKIP","floor":44},{"not_picked":["hexamod:SpectersWail","hexamod:Rewind","hexamod:GhostLash+1"],"picked":"SKIP","floor":45},{"not_picked":["hexamod:FastForward+1","hexamod:Firestarter","hexamod:ThermalTransfer+1"],"picked":"SKIP","floor":46},{"not_picked":["hexamod:SkipABeat+1","hexamod:SpectersWail","hexamod:ThermalTransfer+1"],"picked":"SKIP","floor":48},{"not_picked":["hexamod:BurningTouch+1","hexamod:GhostOfSpirePast","hexamod:BacktrackSmack+1"],"picked":"SKIP","floor":49}],"player_experience":122814,"relics_obtained":[{"floor":7,"key":"reliquary:Boomerang"},{"floor":9,"key":"downfall:GremlinWheel"},{"floor":10,"key":"reliquary:Buckler"},{"floor":14,"key":"AT_RedTearstoneRing"},{"floor":20,"key":"Nilry\u0027s Codex"},{"floor":23,"key":"testmod-Justice"},{"floor":24,"key":"infinitespire:PuzzleCube"},{"floor":29,"key":"Dota2Spire:BattleFury"},{"floor":31,"key":"Art of War"},{"floor":41,"key":"Dota2Spire:HandOfMidas"},{"floor":43,"key":"Toy Ornithopter"},{"floor":44,"key":"AT_GuinsooRageblade"},{"floor":46,"key":"reliquary:PurpleTingedLeaf"}],"event_choices":[{"cards_removed":["hexamod:Strike"],"damage_healed":0,"gold_gain":0,"player_choice":"Card Removal","damage_taken":0,"max_hp_gain":0,"max_hp_loss":0,"event_name":"Wheel of Change","floor":18,"gold_loss":0},{"damage_healed":0,"gold_gain":0,"player_choice":"Ignored","damage_taken":0,"max_hp_gain":0,"max_hp_loss":0,"event_name":"给自己的盒子","floor":37,"gold_loss":0}],"is_beta":false,"boss_relics":[{"not_picked":["jedi:hotpepper","reliquary:RedPaperclip"],"picked":"testmod-NegativeEmotionEnhancer"},{"not_picked":["REME_DuelDisc","testmod-StringDisintegrator"],"picked":"reliquary:RedCape"}],"items_purged_floors":[39,47],"is_endless":false,"potions_floor_spawned":[5,6,11,12,13,15,19,26,31,40,43,44,45,48],"ascension_level":1}}