{"host":"39erygfi9n0tobyn","time":1612026231,"event":{"mods":["2.2 Compatiblity","BaseMod","Bestiary","Colored Map","Colored Powertips","Curses Come First","Highlight Path","Keyboard Shortcuts","Minty Spire (QoL Compilation)","Relic Stats","StSLib","SuperFastMode"],"gold_per_floor":[117,130,130,145,159,192,204,8,56,56,29,29,63,82,82,181,181,195,195,195,205,205,234,1,27,27,46,64,75,75,90,90,90,90],"floor_reached":33,"language":"ENG","playtime":1385,"items_purged":[],"score":324,"play_id":"e0ecd108-6274-4180-9b5d-2946b92dfc97","local_time":"20210130140351","is_ascension_mode":false,"campfire_choices":[{"floor":12,"key":"REST"},{"floor":15,"key":"REST"},{"floor":30,"key":"REST"},{"floor":32,"key":"REST"}],"circlet_count":0,"master_deck":["Strike_G","Strike_G","Strike_G","Strike_G","Strike_G","Defend_G","Defend_G","Defend_G","Defend_G","Survivor","Neutralize","Poisoned Stab","Bane","All Out Attack","Deflect","A Thousand Cuts","PiercingWail","Dagger Throw","Writhe","Tools of the Trade","Slice","Dagger Spray+1","Endless Agony+1","Envenom","Poisoned Stab","Writhe","Outmaneuver","Underhanded Strike","Dramatic Entrance","Bouncing Flask","Parasite","Bane+1","Dagger Throw+1","Noxious Fumes+1","Dash"],"relics":["Velvet Choker","Bag of Preparation","Ancient Tea Set","PreservedInsect","Paper Crane","Cursed Key","Strawberry","Turnip","Whetstone","Centennial Puzzle","Mercury Hourglass"],"acts_visited":["Exordium","TheCity"],"potions_floor_usage":[23,25,31,33,33,33],"damage_taken":[{"damage":1,"enemies":"Cultist","floor":1,"turns":4},{"damage":4,"enemies":"2 Louse","floor":2,"turns":3},{"damage":3,"enemies":"Jaw Worm","floor":4,"turns":3},{"damage":6,"enemies":"3 Louse","floor":5,"turns":2},{"damage":14,"enemies":"3 Sentries","floor":6,"turns":9},{"damage":1,"enemies":"Exordium Thugs","floor":7,"turns":5},{"damage":4,"enemies":"Gremlin Nob","floor":13,"turns":3},{"damage":4,"enemies":"Large Slime","floor":14,"turns":5},{"damage":27,"enemies":"Hexaghost","floor":16,"turns":11},{"damage":1,"enemies":"Chosen","floor":18,"turns":4},{"damage":32,"enemies":"2 Thieves","floor":21,"turns":4},{"damage":9,"enemies":"Gremlin Leader","floor":23,"turns":6},{"damage":10,"enemies":"Book of Stabbing","floor":25,"turns":5},{"damage":19,"enemies":"Shelled Parasite and Fungi","floor":27,"turns":4},{"damage":12,"enemies":"Sentry and Sphere","floor":28,"turns":4},{"damage":0,"enemies":"Cultist and Chosen","floor":29,"turns":4},{"damage":24,"enemies":"Snake Plant","floor":31,"turns":3},{"damage":48,"enemies":"Automaton","floor":33,"turns":6}],"seed_played":"4964745061580427387","potions_obtained":[{"floor":2,"key":"ColorlessPotion"},{"floor":4,"key":"Dexterity Potion"},{"floor":6,"key":"Dexterity Potion"},{"floor":13,"key":"CultistPotion"},{"floor":20,"key":"Fire Potion"},{"floor":20,"key":"PowerPotion"},{"floor":23,"key":"PowerPotion"},{"floor":25,"key":"LiquidMemories"},{"floor":27,"key":"DistilledChaos"},{"floor":31,"key":"EssenceOfSteel"}],"is_trial":false,"path_per_floor":["M","M","?","M","M","E","M","$","T","?","$","R","E","M","R","B",null,"M","?","?","M","?","E","$","E","T","M","M","M","R","M","R","B"],"character_chosen":"THE_SILENT","items_purchased":["Ancient Tea Set","Dagger Throw","Slice","Dramatic Entrance","Whetstone"],"campfire_rested":4,"item_purchase_floors":[8,8,11,24,24],"current_hp_per_floor":[69,65,58,55,49,35,34,34,34,34,34,55,51,47,68,41,70,69,76,76,44,69,60,60,50,50,31,19,19,42,18,41,0,0],"gold":90,"neow_bonus":"BOSS_RELIC","is_daily":false,"chose_seed":false,"campfire_upgraded":0,"win_rate":0.0,"timestamp":1612026231,"path_taken":["M","?","?","M","M","E","M","$","T","?","$","R","E","?","R","BOSS","M","?","?","?","?","E","?","E","T","?","M","M","R","M","R","BOSS"],"items_purchased_type":["Relic","Card","Card","Card","Relic"],"build_version":"2020-12-22","purchased_purges":0,"victory":false,"max_hp_per_floor":[70,70,70,70,70,70,70,70,70,70,70,70,70,70,70,70,70,70,77,77,77,77,77,77,77,77,77,77,77,77,77,77,77,77],"relic_stats":{"Centennial Puzzle":[13],"counters":[18,85],"PreservedInsect":105,"Turnip":[5],"Bag of Preparation":[26],"Whetstone":["Dagger Spray","Endless Agony"],"Cursed Key":1,"obtain_stats":[{"Centennial Puzzle":25,"Strawberry":19,"Velvet Choker":0,"PreservedInsect":9,"Turnip":23,"Bag of Preparation":6,"Whetstone":24,"Paper Crane":13,"Ancient Tea Set":8,"Cursed Key":17,"Ring of the Snake":0,"Mercury Hourglass":26},{"Centennial Puzzle":13,"Strawberry":10,"Velvet Choker":0,"PreservedInsect":6,"Turnip":12,"Bag of Preparation":5,"Whetstone":12,"Paper Crane":7,"Ancient Tea Set":6,"Cursed Key":9,"Ring of the Snake":0,"Mercury Hourglass":13},{"Centennial Puzzle":64,"Strawberry":49,"Velvet Choker":0,"PreservedInsect":26,"Turnip":59,"Bag of Preparation":21,"Whetstone":59,"Paper Crane":29,"Ancient Tea Set":26,"Cursed Key":45,"Ring of the Snake":0,"Mercury Hourglass":64}],"Mercury Hourglass":[69]},"card_choices":[{"not_picked":["Dash","Escape Plan"],"picked":"Poisoned Stab","floor":1},{"not_picked":["Flechettes","Backflip"],"picked":"Bane","floor":2},{"not_picked":["Prepared","Poisoned Stab"],"picked":"All Out Attack","floor":4},{"not_picked":["Quick Slash","Unload"],"picked":"Deflect","floor":5},{"not_picked":["Terror","Backflip"],"picked":"A Thousand Cuts","floor":6},{"not_picked":["Slice","Dagger Throw"],"picked":"PiercingWail","floor":7},{"not_picked":["Eviscerate","Choke"],"picked":"Dagger Spray","floor":13},{"not_picked":["Blade Dance","Prepared"],"picked":"Endless Agony","floor":14},{"not_picked":["Tools of the Trade","Die Die Die"],"picked":"Envenom","floor":16},{"not_picked":["Bane","Well Laid Plans"],"picked":"Poisoned Stab","floor":18},{"not_picked":["Infinite Blades+1","Well Laid Plans"],"picked":"Outmaneuver","floor":21},{"not_picked":["Skewer","Eviscerate"],"picked":"Underhanded Strike","floor":23},{"not_picked":["Bullet Time","Dagger Throw"],"picked":"Bouncing Flask","floor":25},{"not_picked":["Distraction","Prepared"],"picked":"Bane+1","floor":27},{"not_picked":["Bane","Infinite Blades"],"picked":"Dagger Throw+1","floor":28},{"not_picked":["Bane+1","Sucker Punch+1"],"picked":"Noxious Fumes+1","floor":29},{"not_picked":["Heel Hook+1","Well Laid Plans"],"picked":"Dash","floor":31}],"player_experience":69129,"relics_obtained":[{"floor":6,"key":"Bag of Preparation"},{"floor":9,"key":"PreservedInsect"},{"floor":13,"key":"Paper Crane"},{"floor":23,"key":"Turnip"},{"floor":25,"key":"Centennial Puzzle"},{"floor":26,"key":"Mercury Hourglass"}],"event_choices":[{"cards_removed":["Defend_G"],"damage_healed":0,"gold_gain":0,"player_choice":"Card Removal","damage_taken":7,"max_hp_gain":0,"max_hp_loss":0,"event_name":"Golden Wing","floor":3,"gold_loss":0},{"damage_healed":0,"gold_gain":0,"player_choice":"2 cards matched","damage_taken":0,"max_hp_gain":0,"max_hp_loss":0,"event_name":"Match and Keep!","floor":10,"gold_loss":0,"cards_obtained":["Writhe","Tools of the Trade"]},{"damage_healed":0,"gold_gain":0,"player_choice":"Opened","damage_taken":0,"relics_obtained":["Strawberry"],"max_hp_gain":0,"max_hp_loss":0,"event_name":"The Mausoleum","floor":19,"gold_loss":0,"cards_obtained":["Writhe"]},{"damage_healed":0,"gold_gain":0,"player_choice":"Got Potions","damage_taken":0,"max_hp_gain":0,"max_hp_loss":0,"event_name":"Lab","floor":20,"gold_loss":0},{"damage_healed":25,"gold_gain":0,"player_choice":"Heal","damage_taken":0,"max_hp_gain":0,"max_hp_loss":0,"event_name":"The Library","floor":22,"gold_loss":0}],"is_beta":false,"boss_relics":[{"not_picked":["WristBlade","Ectoplasm"],"picked":"Cursed Key"}],"items_purged_floors":[],"is_endless":false,"potions_floor_spawned":[2,4,6,13,14,23,25,27,29,31],"killed_by":"Automaton","ascension_level":0}}