{"host":"r10yh36zs2k9z1sa","time":1612037837,"event":{"mods":["AchievementEnabler","Act Like it!","Aspiration","Astrologer","BaseMod","Colored Map","Conspire","Decade(¤ý¤p©ú)","Gensokyo","Hermit","Highlight Path","KinomotoSakuraMod(¤ì¤§¥»?)","Koishi","Marisa¡]Ãú«B¡@Å]²z¨F¡^","Minty Spire (QoL Compilation)","Permanent Neow","Quick Restart","Reimu¡]³Õ???¡^","Remilia¡]Á¢¦Ì²ú?¡^","StSLib","SuperFastMode","The Administrix","The Blackbeard","The Bug Knight","The Cursed","The Gatherer","The Mystic","The Saiyan","The Senshi","The Servant 0.9.4","Youmu¡]»î¾z§¯?¡^","Yuri Mod","Yuyuko"],"gold_per_floor":[92,42,76,141,174,174,210,222,247,266,266,266,276,310,310,419,419,441,461,461,481,481],"floor_reached":21,"language":"ZHS","playtime":8692,"items_purged":[],"score":241,"play_id":"e3f9fb7d-a433-47ec-a680-c70d3f63581d","local_time":"20210131041717","is_ascension_mode":false,"campfire_choices":[{"data":"Saiyan:KaioKen","floor":6,"key":"SMITH"},{"data":"Saiyan:MonkeyTail","floor":11,"key":"SMITH"},{"data":"Saiyan:HyperTimeChamber","floor":15,"key":"SMITH"}],"circlet_count":0,"master_deck":["Saiyan:SAIYA_Strike","Saiyan:SAIYA_Strike","Saiyan:SAIYA_Strike","Saiyan:SAIYA_Defend","Saiyan:SAIYA_Defend","Saiyan:SAIYA_Defend","Saiyan:SAIYA_Defend","Saiyan:EnergyBlast","Saiyan:KaioKen+1","Saiyan:RuthlessBlow","Saiyan:SpiritSword","conspire:SpireCoStock","Saiyan:BigBangAttack","Saiyan:MeteorDash","Saiyan:MonkeyTail+1","Saiyan:Quickening","Saiyan:SuperSaiyanForm","Saiyan:BigBangAttack","Saiyan:HyperTimeChamber+1","Saiyan:SenzuBean","Saiyan:SuperSaiyanForm"],"relics":["SaiyanSoul","SaiyanHeart","Bag of Preparation","RuthlessExorcism:ReiMu","theSenshi:FeatherClipsRelic","aspiration:RitualDagger","Pen Nib","Bronze Scales"],"acts_visited":["Exordium","TheCity"],"potions_floor_usage":[14],"damage_taken":[{"damage":0,"enemies":"Small Slimes","floor":1,"turns":2},{"damage":0,"enemies":"2 Louse","floor":3,"turns":2},{"damage":12,"enemies":"conspire:MimicChest","floor":4,"turns":8},{"damage":0,"enemies":"Cultist","floor":5,"turns":3},{"damage":15,"enemies":"3 Sentries","floor":7,"turns":9},{"damage":3,"enemies":"Looter","floor":8,"turns":3},{"damage":0,"enemies":"Exordium Thugs","floor":10,"turns":2},{"damage":0,"enemies":"Exordium Wildlife","floor":13,"turns":3},{"damage":0,"enemies":"Lagavulin","floor":14,"turns":5},{"damage":8,"enemies":"The Guardian","floor":16,"turns":12},{"damage":50,"enemies":"3 Byrds","floor":18,"turns":11},{"damage":101,"enemies":"Spheric Guardian","floor":19,"turns":11},{"damage":31,"enemies":"Snake Plant","floor":21,"turns":3}],"seed_played":"-7186371029888495842","potions_obtained":[{"floor":4,"key":"Ancient Potion"},{"floor":8,"key":"BlessingOfTheForge"},{"floor":10,"key":"Explosive Potion"},{"floor":14,"key":"GamblersBrew"}],"is_trial":false,"path_per_floor":["M","?","M","?","M","R","E","M","T","M","R","?","M","E","R","B",null,"M","M","?","M"],"character_chosen":"SAIYAJIN","items_purchased":[],"campfire_rested":0,"item_purchase_floors":[],"current_hp_per_floor":[62,62,63,53,54,54,40,38,38,39,39,39,41,42,42,41,73,30,21,21,0,0],"gold":481,"neow_bonus":"REMOVE_CARD","is_daily":false,"chose_seed":false,"campfire_upgraded":3,"win_rate":0.0,"timestamp":1612037837,"path_taken":["M","?","M","?","M","R","E","?","T","M","R","?","?","E","R","BOSS","M","M","?","M"],"items_purchased_type":[],"build_version":"2020-12-22","purchased_purges":0,"victory":false,"max_hp_per_floor":[62,62,63,65,66,66,67,68,68,69,69,69,71,72,72,73,73,74,76,76,76,76],"card_choices":[{"not_picked":["Saiyan:SaiyanHubris","Saiyan:Scouter"],"picked":"Saiyan:SpiritSword","floor":1},{"not_picked":["Saiyan:SaiyanHubris","Saiyan:Pacing","Saiyan:PlotArmor"],"picked":"SKIP","floor":3},{"not_picked":["Saiyan:ExtremeSpeed","Saiyan:Flurry"],"picked":"Saiyan:BigBangAttack","floor":4},{"not_picked":["Saiyan:PressOn","Saiyan:Flurry"],"picked":"Saiyan:MeteorDash","floor":5},{"not_picked":["Saiyan:Kienzan","Saiyan:SpiritSword"],"picked":"Saiyan:MonkeyTail","floor":7},{"not_picked":["Saiyan:ThirstForFight","Saiyan:SaiyanHubris"],"picked":"Saiyan:Quickening","floor":8},{"not_picked":["Saiyan:FingerParry","Saiyan:Flurry"],"picked":"Saiyan:SuperSaiyanForm","floor":10},{"not_picked":["Saiyan:KameHameHa","Saiyan:WarmUp"],"picked":"Saiyan:BigBangAttack","floor":13},{"not_picked":["Saiyan:Planning","Saiyan:MeteorDash"],"picked":"Saiyan:HyperTimeChamber","floor":14},{"not_picked":["Saiyan:GenkiDama","Saiyan:Rekindle"],"picked":"Saiyan:SenzuBean","floor":16},{"not_picked":["Saiyan:PowerPole","Saiyan:BackAttack","Saiyan:PlotArmor"],"picked":"SKIP","floor":18},{"not_picked":["Saiyan:ExtremeSpeed","Saiyan:PressOn","Saiyan:ReverberatingForce+1"],"picked":"SKIP","floor":19}],"player_experience":391098,"relics_obtained":[{"floor":7,"key":"Bag of Preparation"},{"floor":9,"key":"RuthlessExorcism:ReiMu"},{"floor":14,"key":"theSenshi:FeatherClipsRelic"},{"floor":18,"key":"Pen Nib"},{"floor":19,"key":"Bronze Scales"}],"event_choices":[{"damage_healed":0,"gold_gain":0,"player_choice":"Invest 1","damage_taken":0,"max_hp_gain":0,"max_hp_loss":0,"event_name":"conspire:Investor","floor":2,"gold_loss":0},{"damage_healed":0,"gold_gain":0,"player_choice":"Bought 0 Potions","damage_taken":0,"max_hp_gain":0,"max_hp_loss":0,"event_name":"The Woman in Blue","floor":12,"gold_loss":0},{"damage_healed":0,"gold_gain":0,"player_choice":"Read","damage_taken":0,"max_hp_gain":0,"max_hp_loss":0,"event_name":"The Library","floor":20,"gold_loss":0,"cards_obtained":["Saiyan:SuperSaiyanForm"]}],"is_beta":false,"boss_relics":[{"not_picked":["SlaversCollar","aspiration:PoetsPen_weak"],"picked":"aspiration:RitualDagger"}],"items_purged_floors":[],"is_endless":false,"potions_floor_spawned":[4,8,10,14],"killed_by":"Snake Plant","ascension_level":0}}