{"host":"qxeepl7ydvsgmfdb","time":1612012441,"event":{"mods":["AchievementEnabler","BaseMod","Colored Powertips","Minty Spire (QoL Compilation)","Quick Restart","slay the spire mod where everything is the same but ironclad has a cowboy hat"],"gold_per_floor":[118,43,8,8,25,54,68,68,143,143,169,169,199,212,212,309,309,320,2,0,15,28,28,59,59,59,59,59,72,87,107,107,107,107],"floor_reached":33,"language":"ENG","playtime":1211,"items_purged":["Strike_G"],"score":506,"play_id":"9b73cc99-ef8e-4030-ad46-979a6e81b1db","local_time":"20210130081401","is_ascension_mode":true,"campfire_choices":[{"data":"Distraction","floor":8.0,"key":"SMITH"},{"data":"Noxious Fumes","floor":10.0,"key":"SMITH"},{"floor":15.0,"key":"REST"},{"floor":23.0,"key":"REST"},{"floor":25,"key":"REST"},{"floor":27,"key":"REST"},{"floor":32,"key":"REST"}],"circlet_count":0,"master_deck":["AscendersBane","Strike_G","Strike_G","Strike_G","Strike_G","Defend_G","Defend_G","Defend_G","Defend_G","Defend_G","Survivor","Neutralize","Noxious Fumes+1","Distraction+1","Sucker Punch","Dagger Spray","Neutralize","Discovery","Deadly Poison","Poisoned Stab","Phantasmal Killer","Poisoned Stab","Cloak And Dagger","Backstab"],"relics":["Ring of the Snake","NeowsBlessing","Toy Ornithopter","Singing Bowl","Bottled Lightning","Mummified Hand","InkBottle","SacredBark","Snake Skull","Blood Vial","Sundial"],"acts_visited":["Exordium","TheCity"],"potions_floor_usage":[24,30,33],"damage_taken":[{"damage":0.0,"enemies":"2 Louse","floor":1.0,"turns":1.0},{"damage":0.0,"enemies":"Small Slimes","floor":5.0,"turns":1.0},{"damage":0.0,"enemies":"Gremlin Nob","floor":6.0,"turns":1.0},{"damage":0.0,"enemies":"Cultist","floor":7.0,"turns":5.0},{"damage":10.0,"enemies":"3 Sentries","floor":11.0,"turns":6.0},{"damage":31.0,"enemies":"Gremlin Nob","floor":13.0,"turns":5.0},{"damage":14.0,"enemies":"Large Slime","floor":14.0,"turns":4.0},{"damage":62.0,"enemies":"Slime Boss","floor":16.0,"turns":10.0},{"damage":40.0,"enemies":"Spheric Guardian","floor":18.0,"turns":6.0},{"damage":3.0,"enemies":"2 Thieves","floor":21.0,"turns":4.0},{"damage":9.0,"enemies":"3 Cultists","floor":22.0,"turns":4.0},{"damage":15,"enemies":"Book of Stabbing","floor":24,"turns":5},{"damage":18,"enemies":"Snecko","floor":29,"turns":5},{"damage":12,"enemies":"Chosen and Byrds","floor":30,"turns":4},{"damage":53,"enemies":"Shelled Parasite and Fungi","floor":31,"turns":6},{"damage":55,"enemies":"Champ","floor":33,"turns":5}],"seed_played":"-7520773053893243122","potions_obtained":[{"floor":1.0,"key":"Fruit Juice"},{"floor":6.0,"key":"PowerPotion"},{"floor":13.0,"key":"Regen Potion"},{"floor":14.0,"key":"Weak Potion"},{"floor":21.0,"key":"BlessingOfTheForge"},{"floor":28,"key":"Poison Potion"}],"is_trial":false,"path_per_floor":["M","$","?","?","M","E","M","R","T","R","E","?","E","M","R","B",null,"M","$","?","M","M","R","E","R","T","R","?","M","M","M","R","B"],"character_chosen":"THE_SILENT","items_purchased":["Distraction","Snake Skull","SkillPotion","Block Potion"],"campfire_rested":5,"item_purchase_floors":[2,19,19,19],"current_hp_per_floor":[68,68,75,68,68,70,70,70,70,70,67,67,36,22,45,7,61,21,21,21,25,18,42,34,59,59,84,84,67,62,13,39,0,0],"gold":107,"neow_bonus":"THREE_ENEMY_KILL","is_daily":false,"chose_seed":false,"campfire_upgraded":2,"win_rate":0.0,"timestamp":1612012441,"path_taken":["M","$","?","?","M","E","M","R","T","R","E","?","E","M","R","BOSS","M","$","?","M","M","R","E","R","T","R","?","?","M","M","R","BOSS"],"items_purchased_type":["Card","Relic","Potion","Potion"],"build_version":"2020-12-22","purchased_purges":1,"victory":false,"max_hp_per_floor":[75,75,75,75,75,77,77,77,77,77,79,79,79,79,79,79,79,79,79,79,81,83,83,85,85,85,85,85,85,85,87,87,87,87],"card_choices":[{"not_picked":["Prepared","Dodge and Roll"],"picked":"Noxious Fumes","floor":1.0},{"not_picked":["Prepared","Backflip"],"picked":"Sucker Punch","floor":5.0},{"not_picked":["Wraith Form v2","Riddle With Holes","Sucker Punch"],"picked":"Singing Bowl","floor":6.0},{"not_picked":["Cloak And Dagger","All Out Attack"],"picked":"Dagger Spray","floor":7.0},{"not_picked":["Crippling Poison","Riddle With Holes","Flying Knee"],"picked":"Singing Bowl","floor":11.0},{"not_picked":["Bane","Outmaneuver"],"picked":"Deadly Poison","floor":13.0},{"not_picked":["Endless Agony","Underhanded Strike"],"picked":"Poisoned Stab","floor":14.0},{"not_picked":["Venomology","Corpse Explosion"],"picked":"Phantasmal Killer","floor":16.0},{"not_picked":["Prepared","Slice"],"picked":"Poisoned Stab","floor":18.0},{"not_picked":["Bane","Sucker Punch","Escape Plan+1"],"picked":"Singing Bowl","floor":21.0},{"not_picked":["PiercingWail","Dagger Spray","Expertise"],"picked":"Singing Bowl","floor":22.0},{"not_picked":["PiercingWail+1","Dagger Spray","Infinite Blades"],"picked":"Singing Bowl","floor":24},{"not_picked":["Flying Knee+1","PiercingWail"],"picked":"Cloak And Dagger","floor":29},{"not_picked":["Glass Knife","Leg Sweep"],"picked":"Backstab","floor":30},{"not_picked":["Bane","Finisher+1","Acrobatics"],"picked":"Singing Bowl","floor":31}],"player_experience":253878,"relics_obtained":[{"floor":6.0,"key":"Singing Bowl"},{"floor":9.0,"key":"Bottled Lightning"},{"floor":11.0,"key":"Mummified Hand"},{"floor":13.0,"key":"InkBottle"},{"floor":24,"key":"Blood Vial"},{"floor":26,"key":"Sundial"}],"event_choices":[{"damage_healed":18.0,"max_hp_gain":0.0,"max_hp_loss":0.0,"gold_gain":0.0,"event_name":"The Cleric","player_choice":"Healed","floor":3.0,"gold_loss":35.0,"damage_taken":0.0},{"damage_healed":0.0,"max_hp_gain":0.0,"max_hp_loss":0.0,"gold_gain":0.0,"event_name":"Scrap Ooze","player_choice":"Success","floor":4.0,"gold_loss":0.0,"damage_taken":7.0,"relics_obtained":["Toy Ornithopter"]},{"damage_healed":0.0,"max_hp_gain":0.0,"max_hp_loss":0.0,"gold_gain":0.0,"event_name":"Match and Keep!","player_choice":"2 cards matched","floor":12.0,"gold_loss":0.0,"damage_taken":0.0,"cards_obtained":["Neutralize","Discovery"]},{"damage_healed":0.0,"max_hp_gain":0.0,"max_hp_loss":0.0,"gold_gain":0.0,"event_name":"Masked Bandits","player_choice":"Paid Fearfully","floor":20.0,"gold_loss":2.0,"damage_taken":0.0},{"damage_healed":0,"gold_gain":0,"player_choice":"Got Potions","damage_taken":0,"max_hp_gain":0,"max_hp_loss":0,"event_name":"Lab","floor":28,"gold_loss":0}],"is_beta":false,"boss_relics":[{"not_picked":["Fusion Hammer","Sozu"],"picked":"SacredBark"}],"items_purged_floors":[19],"is_endless":false,"potions_floor_spawned":[1,6,13,14,21,29],"killed_by":"Champ","ascension_level":11}}