{"host":"w924i0yq27q3vki2","time":1612038076,"event":{"mods":["Aspiration","BaseMod","Downfall","GifTheSpireLib","Minty Spire (QoL Compilation)","Replay The Spire","StSLib"],"gold_per_floor":[117,1,1,1,20,52,22,22,49,49,83,98,128,141,234,234,234],"floor_reached":16,"language":"ENG","playtime":1033,"items_purged":[],"score":124,"play_id":"d21c4629-566b-41eb-bbc8-7f8abd11c5da","local_time":"20210130212116","is_ascension_mode":true,"campfire_choices":[{"floor":8,"key":"REST"},{"data":"Terror","floor":10,"key":"SMITH"}],"circlet_count":0,"master_deck":["Strike_G","Strike_G","Strike_G","Strike_G","Strike_G","Defend_G","Defend_G","Defend_G","Defend_G","Defend_G","Survivor","Neutralize+1","ReplayTheSpireMod:The Works","Flying Knee","Escape Plan","Terror+1","Expertise","ReplayTheSpireMod:IOU","ReplayTheSpireMod:IOU","Deflect","Slice","Slice","Sucker Punch","Footwork","Riddle With Holes","Cloak And Dagger"],"relics":["Ring of the Snake","Replay:Wax Seal","MawBank","Matryoshka","aspiration:Lifesprig","Omamori","Girya","aspiration:ChemicalBlood","Mirror","ReplayTheSpireMod:Lightbulb"],"acts_visited":["Exordium"],"potions_floor_usage":[14],"damage_taken":[{"damage":0,"enemies":"Cultist","floor":1,"turns":6},{"damage":0,"enemies":"Jaw Worm","floor":5,"turns":5},{"damage":31,"enemies":"Lagavulin","floor":6,"turns":7},{"damage":18,"enemies":"Gremlin Nob","floor":11,"turns":5},{"damage":0,"enemies":"Small Slimes","floor":12,"turns":3},{"damage":13,"enemies":"Lagavulin","floor":13,"turns":6},{"damage":24,"enemies":"Gremlin Gang","floor":14,"turns":5},{"damage":2,"enemies":"Hexaghost","floor":16,"turns":9}],"seed_played":"4235005044587274837","potions_obtained":[{"floor":5,"key":"Swift Potion"},{"floor":11,"key":"Strength Potion"},{"floor":12,"key":"champ:CounterPotion"},{"floor":13,"key":"BlessingOfTheForge"}],"is_trial":false,"path_per_floor":["M","$","?","?","M","E","$","R","T","R","E","M","E","M","R","B"],"character_chosen":"THE_SILENT","items_purchased":["Flying Knee","Escape Plan","Matryoshka"],"campfire_rested":1,"item_purchase_floors":[2,2,7],"current_hp_per_floor":[77,77,65,65,65,34,34,57,57,57,39,39,26,2,2,0,0],"gold":234,"neow_bonus":"TEN_PERCENT_HP_BONUS","is_daily":false,"chose_seed":false,"campfire_upgraded":1,"win_rate":0.0,"timestamp":1612038076,"path_taken":["M","$","?","?","M","E","$","R","T","R","E","M","E","M","R","BOSS"],"items_purchased_type":["Card","Card","Relic"],"build_version":"2020-12-22","purchased_purges":0,"victory":false,"max_hp_per_floor":[77,77,77,77,77,77,77,77,77,77,77,77,77,77,77,77,77],"card_choices":[{"not_picked":["Dagger Throw","Dagger Spray"],"picked":"ReplayTheSpireMod:The Works","floor":1},{"not_picked":["Acrobatics","Flying Knee"],"picked":"Terror","floor":5},{"not_picked":["Bane","Dagger Throw"],"picked":"Expertise","floor":6},{"not_picked":["Hidden Blade","Crippling Poison"],"picked":"Deflect","floor":11},{"not_picked":["Die Die Die","Backflip"],"picked":"Slice","floor":12},{"not_picked":["Deflect","Sucker Punch"],"picked":"Slice","floor":13},{"not_picked":["Bane","PiercingWail"],"picked":"Sucker Punch","floor":14},{"not_picked":["Underhanded Strike","Slice"],"picked":"Footwork","floor":15},{"not_picked":["PiercingWail","Blade Dance"],"picked":"Riddle With Holes","floor":15},{"not_picked":["Blade Dance","Hidden Blade"],"picked":"Cloak And Dagger","floor":15}],"player_experience":196819,"relics_obtained":[{"floor":6,"key":"MawBank"},{"floor":9,"key":"aspiration:Lifesprig"},{"floor":9,"key":"Omamori"},{"floor":11,"key":"Girya"},{"floor":13,"key":"aspiration:ChemicalBlood"},{"floor":15,"key":"Mirror"},{"floor":15,"key":"ReplayTheSpireMod:Lightbulb"}],"event_choices":[{"damage_healed":0,"gold_gain":0,"player_choice":"Success","damage_taken":12,"relics_obtained":["Replay:Wax Seal"],"max_hp_gain":0,"max_hp_loss":0,"event_name":"Scrap Ooze","floor":3,"gold_loss":0},{"damage_healed":0,"gold_gain":0,"player_choice":"Grow","damage_taken":0,"max_hp_gain":0,"max_hp_loss":0,"event_name":"Living Wall","floor":4,"gold_loss":0,"cards_upgraded":["Neutralize"]}],"is_beta":false,"boss_relics":[],"items_purged_floors":[],"is_endless":false,"potions_floor_spawned":[5,11,12,13],"killed_by":"Hexaghost","ascension_level":1}}