{"host":"3zb3nk4wvq0dtbuh","time":1612001735,"event":{"mods":["AchievementEnabler","BaseMod","Lobotomy","Minty Spire (QoL Compilation)","Quick Restart","Relic Filter Mod","StSLib","SuperFastMode","The Blackbeard"],"gold_per_floor":[114,189,139,158,158,168,168,168,191,191,206,241,241,264,264,369,396,416,169,169,196,196,227,246,246,246,257,37,37,37,56,56,163,163,163],"floor_reached":34,"language":"ZHS","playtime":367,"items_purged":[],"score":445,"play_id":"15c61b54-6404-4c71-85af-91343c14e883","local_time":"20210130181535","is_ascension_mode":false,"campfire_choices":[{"data":"Bash","floor":7.0,"key":"SMITH"},{"data":"Carnage","floor":13,"key":"SMITH"},{"data":"Armaments","floor":15,"key":"SMITH"},{"data":"Dual Wield","floor":25,"key":"SMITH"},{"data":"Dual Wield","floor":29,"key":"SMITH"},{"data":"Violence","floor":32,"key":"SMITH"}],"circlet_count":0,"master_deck":["Bash+1","Feed+1","Sentinel","Carnage+1","Second Wind","Fiend Fire+1","Armaments+1","Bludgeon+1","Havoc+1","Pommel Strike+1","Violence+1","Uppercut","Dual Wield+1","Thunderclap+1","Dual Wield+1","Double Tap"],"relics":["Pandora\u0027s Box","CeramicFish","Nunchaku","Astrolabe","MealTicket","Incense Burner","Whetstone"],"acts_visited":["Exordium","TheCity","TheBeyond"],"potions_floor_usage":[],"damage_taken":[{"damage":8.0,"enemies":"Small Slimes","floor":1.0,"turns":2.0},{"damage":8.0,"enemies":"2 Louse","floor":4.0,"turns":4.0},{"damage":0.0,"enemies":"Cultist","floor":6.0,"turns":2.0},{"damage":0,"enemies":"Large Slime","floor":11,"turns":4},{"damage":9,"enemies":"3 Sentries","floor":12,"turns":6},{"damage":7,"enemies":"3 Louse","floor":14,"turns":4},{"damage":44,"enemies":"The Guardian","floor":16,"turns":7},{"damage":7,"enemies":"3 Byrds","floor":18,"turns":5},{"damage":3,"enemies":"Shell Parasite","floor":21,"turns":4},{"damage":36,"enemies":"Gremlin Leader","floor":23,"turns":5},{"damage":5,"enemies":"Chosen and Byrds","floor":24,"turns":4},{"damage":0,"enemies":"Snecko","floor":27,"turns":3},{"damage":16,"enemies":"Snake Plant","floor":31,"turns":4},{"damage":0,"enemies":"Collector","floor":33,"turns":4}],"seed_played":"-4984490994725846749","potions_obtained":[{"floor":4.0,"key":"Swift Potion"},{"floor":6.0,"key":"ColorlessPotion"},{"floor":12,"key":"Ancient Potion"}],"is_trial":false,"path_per_floor":["M","?","?","M","?","M","R","?","T","?","M","E","R","M","R","B",null,"M","$","?","M","?","E","M","R","T","M","$","R","?","M","R","B",null],"character_chosen":"IRONCLAD","items_purchased":["Violence","Uppercut","Dual Wield","Whetstone"],"campfire_rested":0,"item_purchase_floors":[19,19,28,28],"current_hp_per_floor":[75,64,64,59,42,42,42,35,35,27,31,85,85,98,98,98,98,102,102,102,102,102,102,102,102,102,102,102,102,102,102,102,102,102,102],"gold":163,"neow_bonus":"BOSS_RELIC","is_daily":false,"chose_seed":false,"campfire_upgraded":6,"win_rate":0.0,"timestamp":1612001735,"path_taken":["M","?","?","M","?","M","R","?","T","?","M","E","R","?","R","BOSS","M","$","?","M","?","E","M","R","T","M","?","R","?","?","R","BOSS"],"items_purchased_type":["Card","Card","Card","Relic"],"build_version":"2020-12-22","purchased_purges":0,"victory":false,"max_hp_per_floor":[83,83,83,86,86,86,86,86,86,86,90,94,94,98,98,98,98,102,102,102,102,102,102,102,102,102,102,102,102,102,102,102,102,102,102],"card_choices":[{"not_picked":["Anger","Dark Embrace","Entrench"],"picked":"SKIP","floor":1.0},{"not_picked":["Heavy Blade","Thunderclap","Sword Boomerang"],"picked":"SKIP","floor":4.0},{"not_picked":["Rampage","Sentinel","Shrug It Off"],"picked":"SKIP","floor":6.0},{"not_picked":["Flex","Thunderclap","Evolve"],"picked":"SKIP","floor":11},{"not_picked":["Shockwave","Body Slam"],"picked":"Perfected Strike","floor":12},{"not_picked":["Bloodletting","Shrug It Off"],"picked":"Armaments","floor":14},{"not_picked":["Brutality","Impervious"],"picked":"Bludgeon","floor":16},{"not_picked":["Flex","Bloodletting+1","Iron Wave"],"picked":"SKIP","floor":18},{"not_picked":["Blood for Blood+1","Wild Strike"],"picked":"Dual Wield","floor":21},{"not_picked":["Limit Break","Warcry+1","Havoc"],"picked":"SKIP","floor":23},{"not_picked":["Ghostly Armor","Metallicize"],"picked":"Thunderclap","floor":24},{"not_picked":["Sword Boomerang+1","Fire Breathing+1","Havoc+1"],"picked":"SKIP","floor":27},{"not_picked":["Iron Wave","Dark Embrace","Wild Strike"],"picked":"SKIP","floor":31},{"not_picked":["Impervious","Demon Form"],"picked":"Double Tap","floor":33}],"player_experience":17839,"relics_obtained":[{"floor":9.0,"key":"CeramicFish"},{"floor":12,"key":"Nunchaku"},{"floor":23,"key":"MealTicket"},{"floor":26,"key":"Incense Burner"}],"event_choices":[{"damage_healed":0.0,"max_hp_gain":0.0,"max_hp_loss":0.0,"gold_gain":75.0,"event_name":"World of Goop","player_choice":"Gather Gold","floor":2.0,"gold_loss":0.0,"damage_taken":11.0},{"cards_removed":["Barricade"],"damage_healed":0.0,"max_hp_gain":0.0,"max_hp_loss":0.0,"gold_gain":0.0,"event_name":"The Cleric","player_choice":"Card Removal","floor":3.0,"gold_loss":50.0,"damage_taken":0.0},{"damage_healed":0.0,"max_hp_gain":0.0,"max_hp_loss":0.0,"gold_gain":0.0,"event_name":"Shining Light","player_choice":"Entered Light","floor":5.0,"gold_loss":0.0,"damage_taken":17.0,"cards_upgraded":["Feed","Fiend Fire"]},{"cards_removed":["Flex"],"damage_healed":0.0,"max_hp_gain":0.0,"max_hp_loss":0.0,"gold_gain":0.0,"event_name":"Golden Wing","player_choice":"Card Removal","floor":8.0,"gold_loss":0.0,"damage_taken":7.0},{"damage_healed":0.0,"max_hp_gain":0.0,"max_hp_loss":0.0,"gold_gain":0.0,"event_name":"Wheel of Change","player_choice":"Damaged","floor":10.0,"gold_loss":0.0,"damage_taken":8.0},{"cards_removed":["Corruption"],"damage_healed":0,"gold_gain":0,"player_choice":"Elegance","damage_taken":0,"max_hp_gain":0,"max_hp_loss":0,"event_name":"Back to Basics","floor":20,"gold_loss":0},{"damage_healed":0,"gold_gain":0,"player_choice":"Stopped","damage_taken":9,"max_hp_gain":0,"max_hp_loss":0,"event_name":"Cursed Tome","floor":22,"gold_loss":0},{"damage_healed":0,"gold_gain":0,"player_choice":"0 cards matched","damage_taken":0,"max_hp_gain":0,"max_hp_loss":0,"event_name":"Match and Keep!","floor":30,"gold_loss":0,"cards_obtained":[]}],"is_beta":false,"boss_relics":[{"not_picked":["Empty Cage","Circlet"],"picked":"Astrolabe"},{"not_picked":["Circlet","Circlet","Circlet"]}],"items_purged_floors":[],"is_endless":false,"potions_floor_spawned":[4,6,12,14,23,24,33],"ascension_level":0}}