{"host":"dw8ij7emqco3quom","time":1612008985,"event":{"mods":["BaseMod","Minty Spire (QoL Compilation)"],"gold_per_floor":[119,130,205,215,215,215,230,246,273,198,198,254,281,294,294,390,690,708,403,418,418,429,460,460,488,488,488,502,502,522,344,344,447,447,466,24,74,74,88,88,122,122,122,122,137,137,137,137,137,137,137],"floor_reached":50,"language":"FRA","playtime":3119,"items_purged":["Defend_R"],"score":736,"play_id":"9451254d-3cc2-40e8-b23b-a6542da64740","local_time":"20210130131625","is_ascension_mode":true,"campfire_choices":[{"data":"Feed","floor":6.0,"key":"SMITH"},{"floor":11.0,"key":"REST"},{"data":"Perfected Strike","floor":15.0,"key":"SMITH"},{"floor":24.0,"key":"REST"},{"floor":27.0,"key":"REST"},{"floor":29.0,"key":"REST"},{"floor":32.0,"key":"REST"},{"floor":40.0,"key":"REST"},{"floor":42.0,"key":"REST"},{"floor":49.0,"key":"RECALL"}],"circlet_count":0,"master_deck":["Strike_R","Strike_R","Strike_R","Strike_R","Defend_R","Defend_R","Bash","Feed+1","Shrug It Off","Perfected Strike+1","Exhume","Bash","Iron Wave","Pommel Strike","Twin Strike","Berserk","CurseOfTheBell","Shockwave","Dark Embrace","Wild Strike","Heavy Blade+1","Rampage","Armaments+1","Blood for Blood+1","Sadistic Nature","Berserk","Perfected Strike","Shockwave+1","Shrug It Off+1","Writhe","Thunderclap","Offering+1"],"relics":["Burning Blood","Akabeko","Calling Bell","Bronze Scales","Paper Frog","Old Coin","Vajra","Ancient Tea Set","Juzu Bracelet","Bag of Preparation","Toxic Egg 2","Philosopher\u0027s Stone","Ice Cream","HandDrill","Thread and Needle","Oddly Smooth Stone","Bottled Flame"],"acts_visited":["Exordium","TheCity","TheBeyond"],"potions_floor_usage":[],"damage_taken":[{"damage":6.0,"enemies":"Cultist","floor":1.0,"turns":3.0},{"damage":8.0,"enemies":"Jaw Worm","floor":2.0,"turns":5.0},{"damage":0.0,"enemies":"2 Louse","floor":4.0,"turns":2.0},{"damage":25.0,"enemies":"Large Slime","floor":7.0,"turns":6.0},{"damage":13.0,"enemies":"Blue Slaver","floor":8.0,"turns":3.0},{"damage":18.0,"enemies":"Gremlin Nob","floor":13.0,"turns":4.0},{"damage":0.0,"enemies":"3 Louse","floor":14.0,"turns":1.0},{"damage":68.0,"enemies":"The Guardian","floor":16.0,"turns":10.0},{"damage":16.0,"enemies":"Chosen","floor":18.0,"turns":4.0},{"damage":35.0,"enemies":"Shell Parasite","floor":20.0,"turns":5.0},{"damage":17.0,"enemies":"Centurion and Healer","floor":22.0,"turns":3.0},{"damage":33.0,"enemies":"Gremlin Leader","floor":23.0,"turns":3.0},{"damage":30.0,"enemies":"Book of Stabbing","floor":25.0,"turns":4.0},{"damage":29.0,"enemies":"Shelled Parasite and Fungi","floor":28.0,"turns":5.0},{"damage":7.0,"enemies":"Cultist and Chosen","floor":30.0,"turns":3.0},{"damage":83.0,"enemies":"Collector","floor":33.0,"turns":9.0},{"damage":19.0,"enemies":"3 Darklings","floor":35.0,"turns":3.0},{"damage":42.0,"enemies":"Mind Bloom Boss Battle","floor":37.0,"turns":5.0},{"damage":3.0,"enemies":"Orb Walker","floor":39.0,"turns":2.0},{"damage":52.0,"enemies":"Nemesis","floor":41.0,"turns":5.0},{"damage":6.0,"enemies":"Sphere and 2 Shapes","floor":45.0,"turns":4.0},{"damage":75,"enemies":"Donu and Deca","floor":50,"turns":4}],"seed_played":"3497375701196449238","potions_obtained":[{"floor":4.0,"key":"SpeedPotion"},{"floor":7.0,"key":"PowerPotion"},{"floor":8.0,"key":"Explosive Potion"},{"floor":16.0,"key":"BloodPotion"},{"floor":20.0,"key":"Strength Potion"},{"floor":30.0,"key":"LiquidBronze"},{"floor":33.0,"key":"CultistPotion"},{"floor":35.0,"key":"FearPotion"},{"floor":41.0,"key":"Swift Potion"}],"is_trial":false,"path_per_floor":["M","M","?","M","?","R","M","M","T","$","R","?","E","M","R","B",null,"M","$","M","?","M","E","R","E","T","R","M","R","M","$","R","B",null,"M","$","?","?","M","R","E","R","T","?","M","?","?","?","R","B"],"character_chosen":"IRONCLAD","items_purchased":["Vajra","Ancient Tea Set","Sadistic Nature","Ice Cream","HandDrill"],"campfire_rested":7,"item_purchase_floors":[19,19,31,36,36],"current_hp_per_floor":[72,70,59,68,68,68,53,46,46,46,72,72,64,70,70,8,70,60,60,35,35,43,16,44,24,24,53,34,64,63,63,93,16,81,68,68,32,32,35,65,19,49,49,75,75,75,75,75,75,0,0],"gold":137,"neow_bonus":"ONE_RANDOM_RARE_CARD","is_daily":false,"chose_seed":false,"campfire_upgraded":2,"win_rate":0.0,"timestamp":1612008985,"path_taken":["M","M","?","M","?","R","M","?","T","$","R","?","E","M","R","BOSS","M","$","M","?","M","E","R","E","T","R","M","R","M","$","R","BOSS","M","$","?","?","M","R","E","R","T","?","M","?","?","?","R","BOSS"],"items_purchased_type":["Relic","Relic","Card","Relic","Relic"],"build_version":"2020-12-22","purchased_purges":1,"victory":false,"max_hp_per_floor":[80,80,80,83,83,83,87,87,87,87,87,87,91,91,91,91,91,91,91,95,95,95,95,95,99,99,99,103,103,103,103,103,103,103,103,103,103,103,103,103,103,103,103,103,103,103,103,103,103,103,103],"card_choices":[{"not_picked":["Metallicize","Disarm"],"picked":"Shrug It Off","floor":1.0},{"not_picked":["Anger","Twin Strike"],"picked":"Perfected Strike","floor":2.0},{"not_picked":["Heavy Blade","Wild Strike","Intimidate"],"picked":"SKIP","floor":4.0},{"not_picked":["Heavy Blade","Thunderclap"],"picked":"Pommel Strike","floor":7.0},{"not_picked":["Juggernaut","Heavy Blade","Wild Strike"],"picked":"SKIP","floor":8.0},{"not_picked":["Juggernaut","Heavy Blade","Wild Strike"],"picked":"SKIP","floor":8.0},{"not_picked":["Clash","Havoc","Anger"],"picked":"SKIP","floor":13.0},{"not_picked":["Havoc","Pommel Strike"],"picked":"Twin Strike","floor":14.0},{"not_picked":["Corruption","Reaper"],"picked":"Berserk","floor":16.0},{"not_picked":["Rupture","Armaments"],"picked":"Shockwave","floor":18.0},{"not_picked":["Warcry+1","Iron Wave"],"picked":"Rampage","floor":20.0},{"not_picked":["Clothesline","Combust"],"picked":"Heavy Blade+1","floor":22.0},{"not_picked":["Wild Strike","True Grit","Sever Soul"],"picked":"SKIP","floor":23.0},{"not_picked":["Burning Pact","Shrug It Off"],"picked":"Rampage","floor":25.0},{"not_picked":["Havoc+1","Sever Soul"],"picked":"Armaments+1","floor":28.0},{"not_picked":["Clothesline","Second Wind+1"],"picked":"Blood for Blood+1","floor":30.0},{"not_picked":["Immolate","Corruption"],"picked":"Berserk","floor":33.0},{"not_picked":["Sword Boomerang+1","Sever Soul"],"picked":"Perfected Strike","floor":35.0},{"not_picked":["Body Slam","Reckless Charge"],"picked":"Shockwave+1","floor":37.0},{"not_picked":["Reckless Charge+1","Rampage+1","Iron Wave"],"picked":"SKIP","floor":39.0},{"not_picked":["Offering+1","Double Tap+1"],"picked":"Shrug It Off+1","floor":41.0},{"not_picked":["Sever Soul+1","Blood for Blood"],"picked":"Thunderclap","floor":45.0}],"player_experience":689436,"relics_obtained":[{"floor":13.0,"key":"Akabeko"},{"floor":17.0,"key":"Bronze Scales"},{"floor":17.0,"key":"Paper Frog"},{"floor":17.0,"key":"Old Coin"},{"floor":23.0,"key":"Juzu Bracelet"},{"floor":25.0,"key":"Bag of Preparation"},{"floor":26.0,"key":"Toxic Egg 2"},{"floor":37.0,"key":"Thread and Needle"},{"floor":41.0,"key":"Oddly Smooth Stone"},{"floor":43.0,"key":"Bottled Flame"}],"event_choices":[{"damage_healed":0.0,"max_hp_gain":0.0,"max_hp_loss":0.0,"gold_gain":75.0,"event_name":"World of Goop","player_choice":"Gather Gold","floor":3.0,"gold_loss":0.0,"damage_taken":11.0},{"damage_healed":0.0,"max_hp_gain":0.0,"max_hp_loss":0.0,"gold_gain":0.0,"event_name":"Match and Keep!","player_choice":"3 cards matched","floor":5.0,"gold_loss":0.0,"damage_taken":0.0,"cards_obtained":["Exhume","Bash","Iron Wave"]},{"damage_healed":0.0,"max_hp_gain":0.0,"max_hp_loss":0.0,"gold_gain":56.0,"event_name":"Golden Wing","player_choice":"Gained Gold","floor":12.0,"gold_loss":0.0,"damage_taken":0.0},{"damage_healed":0.0,"max_hp_gain":0.0,"max_hp_loss":0.0,"gold_gain":0.0,"cards_transformed":["Defend_R","Strike_R"],"event_name":"Drug Dealer","player_choice":"Became Test Subject","floor":21.0,"gold_loss":0.0,"damage_taken":0.0,"cards_obtained":["Dark Embrace","Wild Strike"]},{"damage_healed":0.0,"max_hp_gain":0.0,"max_hp_loss":0.0,"gold_gain":0.0,"event_name":"MindBloom","player_choice":"Fight","floor":37.0,"gold_loss":0.0,"damage_taken":0.0},{"damage_healed":0.0,"max_hp_gain":0.0,"max_hp_loss":0.0,"gold_gain":0.0,"event_name":"SensoryStone","player_choice":"Memory 1","floor":38.0,"gold_loss":0.0,"damage_taken":0.0},{"damage_healed":26.0,"max_hp_gain":0.0,"max_hp_loss":0.0,"gold_gain":0.0,"event_name":"Winding Halls","player_choice":"Writhe","floor":44.0,"gold_loss":0.0,"damage_taken":0.0,"cards_obtained":["Writhe"]},{"damage_healed":0.0,"max_hp_gain":0.0,"max_hp_loss":0.0,"gold_gain":0.0,"event_name":"Match and Keep!","player_choice":"1 cards matched","floor":46.0,"gold_loss":0.0,"damage_taken":0.0,"cards_obtained":["Offering"]},{"damage_healed":0.0,"max_hp_gain":0.0,"max_hp_loss":0.0,"gold_gain":0.0,"event_name":"Mysterious Sphere","player_choice":"Ignored","floor":47.0,"gold_loss":0.0,"damage_taken":0.0},{"cards_removed":["Rampage"],"damage_healed":0.0,"max_hp_gain":0.0,"max_hp_loss":0.0,"gold_gain":0.0,"event_name":"Falling","player_choice":"Removed Attack","floor":48.0,"gold_loss":0.0,"damage_taken":0.0}],"is_beta":false,"boss_relics":[{"not_picked":["Black Star","Velvet Choker"],"picked":"Calling Bell"},{"not_picked":["Empty Cage","Snecko Eye"],"picked":"Philosopher\u0027s Stone"}],"items_purged_floors":[10],"is_endless":false,"potions_floor_spawned":[4,7,8,16,20,30,33,35,41],"killed_by":"Donu and Deca","ascension_level":7}}