{"host":"o3b7ow6d1xe49css","time":1612006168,"event":{"mods":["Act Like it!","Aspiration","BaseMod","Bestiary","Better Altar","Better Match","Better Note","Better Sensory Stone","Better Skull","Better Third Choice","Colored Powertips","Conspire","Energized Spire","Force Act Four","GifTheSpireLib","Halation","Hermit","Hubris","Infinite Spire","Lobotomy","Minty Spire (QoL Compilation)","Quick Restart","Rare Cards Sparkle","Relic Filter Mod","Reliquary","Replay The Spire","Spicy Shops","Spikes Relics","Spire Arcade","StSLib","Stuff the Spire","The Blue Laboratory","Wandering Minibosses"],"gold_per_floor":[114,125,135,135,135,135,135],"floor_reached":6,"language":"ENG","playtime":162,"items_purged":[],"score":45,"play_id":"a51a160c-aeed-4fa3-9f89-4773c73774d1","local_time":"20210130022928","daily_mods":["Heirloom","Flight"],"is_ascension_mode":true,"campfire_choices":[],"circlet_count":0,"master_deck":["Strike_P","Strike_P","Strike_P","Strike_P","Defend_P+1","Defend_P","Defend_P","Defend_P","Eruption","Vigilance","Vault","Indignation"],"relics":["PureWater","Ring of Chaos","conspire:GiftBox","Bottled Lightning"],"acts_visited":["Exordium"],"potions_floor_usage":[2,6],"damage_taken":[{"damage":0,"enemies":"Cultist","floor":1,"turns":4},{"damage":2,"enemies":"2 Louse","floor":2,"turns":3},{"damage":2,"enemies":"Jaw Worm","floor":3,"turns":4},{"damage":21,"enemies":"3 Sentries","floor":6,"turns":3}],"seed_played":"8897756266397877098","potions_obtained":[{"floor":1,"key":"StancePotion"},{"floor":2,"key":"EssenceOfSteel"}],"is_trial":true,"path_per_floor":["M","M","M","$","?","E"],"character_chosen":"WATCHER","items_purchased":["Bottled Lightning"],"campfire_rested":0,"item_purchase_floors":[4],"current_hp_per_floor":[72,70,68,52,52,31,31],"gold":135,"neow_bonus":"","is_daily":false,"chose_seed":false,"campfire_upgraded":0,"win_rate":0.0,"timestamp":1612006168,"path_taken":["M","M","M","?","?","E"],"items_purchased_type":["Relic"],"build_version":"2020-12-22","purchased_purges":0,"victory":false,"max_hp_per_floor":[72,72,72,72,72,72,72],"card_choices":[{"not_picked":["LessonLearned","MasterReality"],"picked":"Vault","floor":0},{"not_picked":["Weave","EmptyFist","Halt"],"picked":"SKIP","floor":1},{"not_picked":["SashWhip","Worship","Adaptation"],"picked":"SKIP","floor":2},{"not_picked":["FollowUp","FlyingSleeves"],"picked":"Indignation","floor":3}],"player_experience":1910535,"relics_obtained":[],"event_choices":[],"is_beta":false,"boss_relics":[],"items_purged_floors":[],"is_endless":false,"potions_floor_spawned":[1,2],"killed_by":"3 Sentries","ascension_level":5}}