{"host":"xi8yg1ddhptuxb9d","time":1612017696,"event":{"mods":["AchievementEnabler","AlwaysNeverKeys","BaseMod","Block Reminder","Minty Spire (QoL Compilation)","Relic Sorter","StSLib"],"gold_per_floor":[117,127,141,141,201,201,68,95,95,128,147,159,159,177,177,254,254,265,292,310,310,585,585,613,633,657,677,677,677],"floor_reached":28,"language":"ENG","playtime":1305,"items_purged":[],"score":475,"play_id":"07f3a897-7466-4962-adc4-684e856aa442","local_time":"20210130094136","is_ascension_mode":true,"campfire_choices":[{"data":"Noxious Fumes","floor":6.0,"key":"SMITH"},{"data":"Catalyst","floor":13.0,"key":"SMITH"},{"floor":15.0,"key":"REST"},{"floor":23.0,"key":"REST"}],"circlet_count":0,"master_deck":["AscendersBane","Strike_G","Strike_G","Strike_G","Defend_G","Defend_G","Defend_G","Defend_G","Survivor","Neutralize","Blur+1","Backflip+1","All Out Attack+1","Dagger Spray","Cloak And Dagger","Noxious Fumes+1","Catalyst+1","Poisoned Stab","Poisoned Stab","Dagger Throw","Deadly Poison","Corpse Explosion","Prepared","Adrenaline","Outmaneuver","Footwork","Regret","Leg Sweep+1","Concentrate+1","Sucker Punch"],"relics":["Astrolabe","Ice Cream","CaptainsWheel","StoneCalendar","SlaversCollar","Red Mask","Toxic Egg 2","Orichalcum"],"acts_visited":["Exordium","TheCity"],"potions_floor_usage":[24,25,27],"damage_taken":[{"damage":1.0,"enemies":"Jaw Worm","floor":1.0,"turns":6.0},{"damage":0.0,"enemies":"2 Louse","floor":2.0,"turns":3.0},{"damage":0.0,"enemies":"Small Slimes","floor":3.0,"turns":3.0},{"damage":17.0,"enemies":"3 Sentries","floor":8.0,"turns":5.0},{"damage":16.0,"enemies":"Lagavulin","floor":10.0,"turns":8.0},{"damage":0.0,"enemies":"3 Louse","floor":11.0,"turns":1.0},{"damage":0.0,"enemies":"2 Fungi Beasts","floor":12.0,"turns":4.0},{"damage":18.0,"enemies":"Exordium Thugs","floor":14.0,"turns":2.0},{"damage":27.0,"enemies":"The Guardian","floor":16.0,"turns":7.0},{"damage":8.0,"enemies":"Shell Parasite","floor":18.0,"turns":4.0},{"damage":31.0,"enemies":"Masked Bandits","floor":19.0,"turns":4.0},{"damage":5.0,"enemies":"2 Thieves","floor":20.0,"turns":3.0},{"damage":18,"enemies":"Slavers","floor":24,"turns":5},{"damage":16,"enemies":"Centurion and Healer","floor":25,"turns":6},{"damage":5,"enemies":"Snecko","floor":27,"turns":7},{"damage":2,"enemies":"Cultist and Chosen","floor":28,"turns":1}],"seed_played":"-5824871805839597128","potions_obtained":[{"floor":1.0,"key":"Dexterity Potion"},{"floor":8.0,"key":"Regen Potion"},{"floor":10.0,"key":"BlessingOfTheForge"},{"floor":11.0,"key":"DuplicationPotion"},{"floor":14.0,"key":"EssenceOfSteel"},{"floor":24,"key":"PowerPotion"},{"floor":27,"key":"Strength Potion"}],"is_trial":false,"path_per_floor":["M","M","M","?","?","R","$","E","T","E","M","M","R","M","R","B",null,"M","?","M","?","?","R","E","M","T","M","M"],"character_chosen":"THE_SILENT","items_purchased":["Catalyst","Poisoned Stab"],"campfire_rested":2,"item_purchase_floors":[7,7],"current_hp_per_floor":[58,58,58,58,58,58,58,41,41,40,40,40,40,22,41,14,53,45,14,9,22,22,41,23,7,7,2,0,0],"gold":677,"neow_bonus":"BOSS_RELIC","is_daily":false,"chose_seed":false,"campfire_upgraded":2,"win_rate":0.0,"timestamp":1612017696,"path_taken":["M","M","M","?","?","R","?","E","T","E","M","M","R","M","R","BOSS","M","?","M","?","?","R","E","M","T","M","?"],"items_purchased_type":["Card","Card"],"build_version":"2020-12-22","purchased_purges":0,"victory":false,"max_hp_per_floor":[66,66,66,66,66,66,66,66,66,66,66,66,66,66,66,66,66,66,66,66,66,66,66,66,66,66,66,66,66],"card_choices":[{"not_picked":["Dash","Deadly Poison"],"picked":"Dagger Spray","floor":1.0},{"not_picked":["Bane","Finisher"],"picked":"Cloak And Dagger","floor":2.0},{"not_picked":["Deadly Poison","Blade Dance"],"picked":"Noxious Fumes","floor":3.0},{"not_picked":["Blade Dance","Concentrate"],"picked":"Poisoned Stab","floor":8.0},{"not_picked":["Infinite Blades","Deflect"],"picked":"Dagger Throw","floor":10.0},{"not_picked":["Setup","Blade Dance"],"picked":"Deadly Poison","floor":11.0},{"not_picked":["Dagger Spray","Catalyst"],"picked":"Corpse Explosion","floor":12.0},{"not_picked":["Infinite Blades","Cloak And Dagger"],"picked":"Prepared","floor":14.0},{"not_picked":["Bullet Time","Burst"],"picked":"Adrenaline","floor":16.0},{"not_picked":["Prepared","Underhanded Strike"],"picked":"Outmaneuver","floor":18.0},{"not_picked":["Backstab","Dagger Spray"],"picked":"Footwork","floor":19.0},{"not_picked":["Distraction","Dagger Throw","Bane"],"picked":"SKIP","floor":20.0},{"not_picked":["Deflect+1","Eviscerate"],"picked":"Leg Sweep+1","floor":24},{"not_picked":["Deflect+1","Dagger Spray"],"picked":"Concentrate+1","floor":25},{"not_picked":["Poisoned Stab","Slice"],"picked":"Sucker Punch","floor":27}],"player_experience":692663,"relics_obtained":[{"floor":8.0,"key":"Ice Cream"},{"floor":9.0,"key":"CaptainsWheel"},{"floor":10.0,"key":"StoneCalendar"},{"floor":19.0,"key":"Red Mask"},{"floor":24,"key":"Toxic Egg 2"},{"floor":26,"key":"Orichalcum"}],"event_choices":[{"damage_healed":0.0,"max_hp_gain":0.0,"max_hp_loss":0.0,"gold_gain":0.0,"event_name":"The Cleric","player_choice":"Leave","floor":4.0,"gold_loss":0.0,"damage_taken":0.0},{"damage_healed":0.0,"max_hp_gain":0.0,"max_hp_loss":0.0,"gold_gain":60.0,"event_name":"Golden Wing","player_choice":"Gained Gold","floor":5.0,"gold_loss":0.0,"damage_taken":0.0},{"damage_healed":0.0,"max_hp_gain":0.0,"max_hp_loss":0.0,"gold_gain":0.0,"event_name":"Masked Bandits","player_choice":"Fought Bandits","floor":19.0,"gold_loss":0.0,"damage_taken":0.0},{"damage_healed":13.0,"max_hp_gain":0.0,"max_hp_loss":0.0,"gold_gain":0.0,"event_name":"The Library","player_choice":"Heal","floor":21.0,"gold_loss":0.0,"damage_taken":0.0},{"damage_healed":0.0,"max_hp_gain":0.0,"max_hp_loss":0.0,"gold_gain":275.0,"event_name":"Golden Shrine","player_choice":"Desecrate","floor":22.0,"gold_loss":0.0,"damage_taken":0.0,"cards_obtained":["Regret"]}],"is_beta":false,"boss_relics":[{"not_picked":["Fusion Hammer","Pandora\u0027s Box"],"picked":"SlaversCollar"}],"items_purged_floors":[],"is_endless":false,"potions_floor_spawned":[1,8,10,11,14,16,19,24,27],"killed_by":"Cultist and Chosen","ascension_level":18}}