{"host":"ijtzdp8x8o2bpzki","time":1612027747,"event":{"mods":["AchievementEnabler","BaseMod","Colored Map","Colored Powertips","DeckTracker","Lobotomy","LobotomyExtend","Minty Spire (QoL Compilation)"],"gold_per_floor":[119,119,129,61,136,148,148,148],"floor_reached":7,"language":"ENG","playtime":187,"items_purged":[],"score":41,"play_id":"650a678d-e098-40c1-bd27-2f3d2514233c","local_time":"20210130202907","is_ascension_mode":false,"campfire_choices":[],"circlet_count":0,"master_deck":["Strike_R","Strike_R","Strike_R","Strike_R","Strike_R","Defend_R","Defend_R","Defend_R","Defend_R","Bash","Scorched","Pommel Strike","Wellcheers","Pommel Strike","Inflame","WallGazer","Perfected Strike"],"relics":["Burning Blood","CogitoBucket","LetterFromLob"],"acts_visited":["Exordium"],"potions_floor_usage":[7],"damage_taken":[{"damage":7,"enemies":"2 Louse","floor":1,"turns":3},{"damage":0,"enemies":"Cultist","floor":3,"turns":2},{"damage":39,"enemies":"Small Slimes","floor":6,"turns":4},{"damage":48,"enemies":"Lagavulin","floor":7,"turns":4}],"seed_played":"-4527548946963529081","potions_obtained":[{"floor":2,"key":"GamblersBrew"},{"floor":2,"key":"SkillPotion"},{"floor":2,"key":"LiquidMemories"}],"is_trial":false,"path_per_floor":["M","?","M","$","?","M","E"],"character_chosen":"IRONCLAD","items_purchased":["Inflame"],"campfire_rested":0,"item_purchase_floors":[4],"current_hp_per_floor":[79,79,80,80,72,39,0,0],"gold":148,"neow_bonus":"","is_daily":false,"chose_seed":false,"campfire_upgraded":0,"win_rate":0.0,"timestamp":1612027747,"path_taken":["M","?","?","?","?","M","E"],"items_purchased_type":["Card"],"build_version":"2020-12-22","purchased_purges":0,"victory":false,"max_hp_per_floor":[80,80,80,80,80,80,80,80],"card_choices":[{"not_picked":["SpiderBud","OldLady"],"picked":"Scorched","floor":1},{"not_picked":["Shrug It Off","Flex"],"picked":"Pommel Strike","floor":1},{"not_picked":["CherryBlossoms","Murderer"],"picked":"Wellcheers","floor":3},{"not_picked":["Iron Wave","Sword Boomerang"],"picked":"Pommel Strike","floor":3},{"not_picked":["BeautyBeast","CherryBlossoms"],"picked":"WallGazer","floor":6},{"not_picked":["Shrug It Off","Pommel Strike"],"picked":"Perfected Strike","floor":6}],"player_experience":95927,"relics_obtained":[{"floor":1,"key":"LetterFromLob"}],"event_choices":[{"damage_healed":0,"gold_gain":0,"player_choice":"Got Potions","damage_taken":0,"max_hp_gain":0,"max_hp_loss":0,"event_name":"Lab","floor":2,"gold_loss":0},{"damage_healed":0,"gold_gain":75,"player_choice":"Touch","damage_taken":8,"max_hp_gain":0,"max_hp_loss":0,"event_name":"FaceTrader","floor":5,"gold_loss":0}],"is_beta":false,"boss_relics":[],"items_purged_floors":[],"is_endless":false,"potions_floor_spawned":[3],"killed_by":"Lagavulin","ascension_level":0}}