{"host":"l9d4bclu8pwa3q15","time":1612009020,"event":{"mods":["Act Like it!","BaseMod","Better Altar","Better Match","Better Note","Better Sensory Stone","Better Skull","BetterRewards","Colored Map","Colored Powertips","Downfall","Emptier Cage","Gensokyo","GifTheSpireLib","Keyboard Shortcuts","Koishi","KomeijiMod","Lobotomy","LobotomyExtend","Minty Spire (QoL Compilation)","Quick Restart","Rare Cards Sparkle","Relic Sorter","Remilia_Scarlet Moed（蕾米莉亚・斯卡雷特）3.3.5","Replay The Spire","Spicy Shops","StSLib","The Alterego","UnlockEverythingMod","Waifu the Spire","WarShipGirlsR/战舰少女R mod","Yakumo Yukari mod","Youmu（魂魄妖梦）","Yuyuko"],"gold_per_floor":[117,117,117,130,130,130,130,43,43,63,78,88,88,115,115,219,219,234,253,265,284,296,296,296,296,296,296,140,140,159,7,16,131,131,150,150,185,219,257,266,298,307,357,300,300,335,344,344,353,353,353],"floor_reached":50,"language":"ZHS","playtime":4145,"items_purged":["downfall:Bewildered"],"score":543,"play_id":"3ed6ae8e-8e07-41e6-9680-4159bc9ba823","local_time":"20210130201700","is_ascension_mode":false,"campfire_choices":[{"data":"Infernal Blade","floor":6.0,"key":"SMITH"},{"floor":13.0,"key":"RECALL"},{"data":"Demon Form","floor":15.0,"key":"SMITH"},{"floor":24.0,"key":"REST"},{"floor":27.0,"key":"REST"},{"floor":32.0,"key":"REST"},{"floor":40,"key":"REST"},{"floor":47,"key":"REST"},{"floor":49,"key":"REST"}],"circlet_count":0,"master_deck":["Apo_Pray","Apo_Charge","Apo_Charge","Apo_Charge","Apo_Charge","Apo_Beam","Apo_Beam","Apo_Beam","Apo_Execute","Apo_Slash","Apo_Slash","Apo_SoulSlash","Dark Shackles"],"relics":["Black Blood","Yang_Lob","CogitoBucket","LetterFromLob","Pocketwatch","Spirit Poop","Replay:PocketPolymizer","Happy Flower","Mark of Pain","SkinProphecy","Shuriken","TungstenRod","Brimstone","sneckomod:BabySnecko","TreeSap","CeramicFish","RedMistMask","AtMidnight","AdjustmentMirror","Pet Ghost","Moonlight_r","InspiredRelic","ApostleMask"],"acts_visited":["Exordium","TheCity","TheBeyond"],"potions_floor_usage":[38],"damage_taken":[{"damage":1.0,"enemies":"Jaw Worm","floor":1.0,"turns":5.0},{"damage":4.0,"enemies":"Cultist","floor":4.0,"turns":3.0},{"damage":3.0,"enemies":"2 Louse","floor":10.0,"turns":2.0},{"damage":0.0,"enemies":"Gremlin Gang","floor":11.0,"turns":3.0},{"damage":2.0,"enemies":"Exordium Thugs","floor":12.0,"turns":4.0},{"damage":21.0,"enemies":"3 Sentries","floor":14.0,"turns":5.0},{"damage":6.0,"enemies":"Slime Boss","floor":16.0,"turns":4.0},{"damage":53.0,"enemies":"3 Byrds","floor":18.0,"turns":3.0},{"damage":0.0,"enemies":"Spheric Guardian","floor":19.0,"turns":3.0},{"damage":22.0,"enemies":"Snake Plant","floor":20.0,"turns":3.0},{"damage":12.0,"enemies":"Centurion and Healer","floor":21.0,"turns":5.0},{"damage":21.0,"enemies":"Cultist and Chosen","floor":22.0,"turns":5.0},{"damage":51.0,"enemies":"Snake Plant","floor":30.0,"turns":6.0},{"damage":19,"enemies":"Automaton","floor":33,"turns":5},{"damage":23,"enemies":"3 Shapes","floor":35,"turns":3},{"damage":12,"enemies":"Orb Walker","floor":37,"turns":4},{"damage":29,"enemies":"Maw","floor":38,"turns":4},{"damage":96,"enemies":"Spire Growth","floor":39,"turns":6},{"damage":30,"enemies":"Sphere and 2 Shapes","floor":41,"turns":3},{"damage":18,"enemies":"Jaw Worm Horde","floor":46,"turns":3},{"damage":72,"enemies":"Replay:Hell Engine","floor":50,"turns":6}],"seed_played":"4270535725554212249","potions_obtained":[{"floor":1.0,"key":"SkillPotion"},{"floor":4.0,"key":"Elixir"},{"floor":16.0,"key":"Fire Potion"},{"floor":22.0,"key":"BloodPotion"},{"floor":37,"key":"DistilledChaos"},{"floor":46,"key":"Weak Potion"}],"is_trial":false,"path_per_floor":["M","?","?","M","?","R","M","$","T","M","M","M","R","E","R","B",null,"M","M","M","M","M","?","R","?","T","R","$","?","M","$","R","B",null,"M","?","M","M","M","R","M","?","T","?","?","M","R","E","R_BF","B"],"character_chosen":"IRONCLAD","items_purchased":["Replay:PocketPolymizer","Brimstone","CeramicFish"],"campfire_rested":6,"item_purchase_floors":[8,28,31],"current_hp_per_floor":[80,80,80,80,80,80,80,80,80,80,80,80,80,65,65,65,80,33,35,21,23,10,10,36,30,30,56,56,56,27,27,54,50,94,93,93,94,98,65,96,106,86,86,86,48,57,87,80,80,0,0],"gold":353,"neow_bonus":"","is_daily":false,"chose_seed":false,"campfire_upgraded":2,"win_rate":0.0,"timestamp":1612009020,"path_taken":["M","?","?","?","?","R","?","?","T","M","?","M","R","E","R","BOSS","M","M","M","M","M","?","R","?","T","R","$","?","M","$","R","BOSS","M","?","M","M","M","R","M","?","T","?","?","M","R","E","R_BF","BOSS"],"items_purchased_type":["Relic","Relic","Relic"],"build_version":"2020-12-22","purchased_purges":1,"victory":false,"max_hp_per_floor":[80,80,80,80,80,80,80,80,80,80,80,80,80,80,80,80,80,80,82,84,86,88,88,88,88,88,88,88,88,92,92,92,94,94,96,96,98,100,104,104,106,106,106,106,101,103,103,105,105,109,109],"card_choices":[{"not_picked":["True Grit","Iron Wave"],"picked":"Clothesline","floor":1.0},{"not_picked":["FairyFestival","Wellcheers"],"picked":"GreedKing","floor":1.0},{"not_picked":["Body Slam","Havoc"],"picked":"Infernal Blade","floor":4.0},{"not_picked":["BeautyBeast","SnowQueen"],"picked":"QueenBee","floor":4.0},{"not_picked":["Thunderclap","Flame Barrier"],"picked":"Limit Break","floor":10.0},{"not_picked":["OSAHOGD","UniverseFragment"],"picked":"VoidDream","floor":10.0},{"not_picked":["Headbutt","Body Slam"],"picked":"ReplayTheSpireMod:Stacked","floor":11.0},{"not_picked":["Scorched","FairyFestival"],"picked":"BigBird","floor":11.0},{"not_picked":["Entrench","Carnage"],"picked":"Heavy Blade","floor":12.0},{"not_picked":["SpiderBud","OSAHOGD"],"picked":"Wellcheers","floor":12.0},{"not_picked":["Run Through","True Grit"],"picked":"Headbutt","floor":14.0},{"not_picked":["Scorched","FairyFestival"],"picked":"MeatLantern","floor":14.0},{"not_picked":["Hemogenesis","Impervious"],"picked":"Limit Break","floor":16.0},{"not_picked":["LongBird","BeautyBeast"],"picked":"OSAHOGD","floor":16.0},{"not_picked":["Pummel","Shrug It Off"],"picked":"Anger","floor":18.0},{"not_picked":["FairyFestival","FieryBird"],"picked":"QueenOfHatred","floor":18.0},{"not_picked":["Shrug It Off","Sword Boomerang"],"picked":"Cleave+1","floor":19.0},{"not_picked":["CherryBlossoms","LaLuna"],"picked":"Porccubus","floor":19.0},{"not_picked":["Body Slam","Pommel Strike+1"],"picked":"Life Link","floor":20.0},{"not_picked":["ShyLook","Bloodbath"],"picked":"DespairKnight","floor":20.0},{"not_picked":["ReplayTheSpireMod:Strike From Hell","Shrug It Off"],"picked":"Intimidate","floor":21.0},{"not_picked":["LaLuna","Funeral"],"picked":"CherryBlossoms","floor":21.0},{"not_picked":["Entrench","Exhume"],"picked":"ReplayTheSpireMod:Muscle Training","floor":22.0},{"not_picked":["Scorched","FairyFestival"],"picked":"MHz","floor":22.0},{"not_picked":["Clothesline","Searing Blow"],"picked":"Combust","floor":30.0},{"not_picked":["BlackSwan","BeautyBeast"],"picked":"CENSORED","floor":30.0},{"not_picked":["LittlePrince","FairyFestival"],"picked":"Yin","floor":33},{"not_picked":["Fiend Fire","Exhume"],"picked":"Reaper","floor":33},{"not_picked":["ReplayTheSpireMod:Limb From Limb+1","Twin Strike+1"],"picked":"Anger+1","floor":35},{"not_picked":["Pummel","ReplayTheSpireMod:Strike From Hell+1"],"picked":"ReplayTheSpireMod:Stacked+1","floor":37},{"not_picked":["GalaxyChild","MeltingLove"],"picked":"BlackArmy","floor":37},{"not_picked":["Replay:Undeath\u0027s Touch","Clash+1"],"picked":"Warcry+1","floor":38},{"not_picked":["LongBird","OldLady"],"picked":"SilentOrchestra","floor":38},{"not_picked":["True Grit+1","Shrug It Off+1"],"picked":"Thunderclap+1","floor":39},{"not_picked":["BeautyBeast","UniverseFragment"],"picked":"Rudolta","floor":39},{"not_picked":["ReplayTheSpireMod:Strike From Hell","Entrench+1"],"picked":"Offering","floor":41},{"not_picked":["MeltingLove","SnowQueen"],"picked":"PlagueDoctor","floor":41},{"not_picked":["Havoc","Sword Boomerang"],"picked":"Replay:Undeath\u0027s Touch","floor":44},{"not_picked":["Headbutt","Havoc"],"picked":"Warcry","floor":44},{"not_picked":["Pommel Strike+1","Replay:Undeath\u0027s Touch+1"],"picked":"Exhume","floor":46},{"not_picked":["BigBadWolf","Bloodbath"],"picked":"Alriune","floor":46}],"player_experience":75513,"relics_obtained":[{"floor":1.0,"key":"LetterFromLob"},{"floor":14.0,"key":"Happy Flower"},{"floor":26.0,"key":"TungstenRod"},{"floor":38,"key":"RedMistMask"},{"floor":39,"key":"AtMidnight"},{"floor":43,"key":"Pet Ghost"}],"event_choices":[{"damage_healed":0.0,"max_hp_gain":0.0,"max_hp_loss":0.0,"gold_gain":0.0,"event_name":"Big Fish","player_choice":"Box","floor":2.0,"gold_loss":0.0,"damage_taken":0.0,"relics_obtained":["Pocketwatch"],"cards_obtained":["Regret"]},{"cards_removed":["Regret"],"damage_healed":0.0,"max_hp_gain":0.0,"max_hp_loss":0.0,"gold_gain":0.0,"event_name":"Bonfire Elementals","player_choice":"Offered Curse","floor":3.0,"gold_loss":0.0,"damage_taken":0.0,"relics_obtained":["Spirit Poop"]},{"cards_removed":["Defend_R"],"damage_healed":0.0,"max_hp_gain":0.0,"max_hp_loss":0.0,"gold_gain":0.0,"event_name":"betterNote:BetterNote","player_choice":"Take \u0026 Give","floor":5.0,"gold_loss":0.0,"damage_taken":0.0,"cards_obtained":["Slimebound:Strike_Slimebound"]},{"damage_healed":0.0,"max_hp_gain":0.0,"max_hp_loss":0.0,"gold_gain":0.0,"event_name":"The Mausoleum","player_choice":"Opened","floor":23.0,"gold_loss":0.0,"damage_taken":0.0,"relics_obtained":["Shuriken"]},{"damage_healed":0.0,"max_hp_gain":0.0,"max_hp_loss":0.0,"gold_gain":0.0,"event_name":"Nest","player_choice":"Joined the Cult","floor":25.0,"gold_loss":0.0,"damage_taken":6.0,"cards_obtained":["RitualDagger"]},{"damage_healed":0,"gold_gain":0,"player_choice":"Upgraded","damage_taken":0,"max_hp_gain":0,"max_hp_loss":0,"event_name":"Upgrade Shrine","floor":36,"gold_loss":0,"cards_upgraded":["Reaper"]},{"damage_healed":0,"gold_gain":3,"player_choice":"2","damage_taken":0,"max_hp_gain":0,"max_hp_loss":21,"event_name":"betterStone:BetterStone","floor":42,"gold_loss":0},{"damage_healed":0,"gold_gain":0,"player_choice":"1","damage_taken":0,"max_hp_gain":0,"max_hp_loss":0,"event_name":"betterMatch:BetterMatch","floor":44,"gold_loss":0,"cards_obtained":["betterMatch:CommonCard","betterMatch:CommonCard"]}],"is_beta":false,"boss_relics":[{"not_picked":["Astrolabe","Replay:Bronze Core"],"picked":"Mark of Pain"},{"not_picked":["Runic Pyramid","Snecko Eye"],"picked":"Black Blood"}],"items_purged_floors":[31],"is_endless":false,"potions_floor_spawned":[1,4,16,22,37,46],"killed_by":"Replay:Hell Engine","ascension_level":0}}