{"host":"3y33rrrkia6pkpow","time":1612003726,"event":{"mods":["2.2 Compatiblity","AchievementEnabler","Act Like it!","BaseMod","BetterRewards","Block Reminder","Colored Map","Colored Powertips","DeckTracker","Faster Ascension Climbing","Gensokyo","Highlight Path","Infinite Spire","Minty Spire (QoL Compilation)","Quick Restart","Rare Cards Sparkle","Replay The Spire","Shop Mod","Spicy Shops","StSLib","Synergy Search","The Animator","The Blue Laboratory","Unknown Chances"],"gold_per_floor":[128,128,147,147,147,181,181,206,206,206,241,241,241,273,273,349,349,363,613,629,579,592,592,611,611,657,701,701,1101,1132,1160,1160,1235,1235,1248,1264,1264,1264,736,736,769,769,769],"floor_reached":42,"language":"ENG","playtime":4764,"items_purged":[],"score":1116,"play_id":"e76083e5-c8e4-411f-9654-a037dd892439","local_time":"20210130044846","is_ascension_mode":true,"campfire_choices":[{"floor":7,"key":"REST"},{"floor":10,"key":"REST"},{"floor":12,"key":"REST"},{"data":"infinitespire:DeathsTouch","floor":15,"key":"SMITH"},{"data":"animator:Shimako","floor":23,"key":"SMITH"},{"data":"animator:SuzuneAmano","floor":25,"key":"SMITH"},{"floor":32,"key":"REST"},{"floor":40,"key":"REST"}],"circlet_count":0,"master_deck":["AscendersBane","animator:Strike_TenSura","animator:Defend_TenSura+1","animator:Strike","animator:Strike","animator:Strike","animator:Defend","animator:Defend","animator:Defend","animator:Benimaru+1","animator:Shuna","animator:Shion+1","animator:MeguKakizaki","animator:Hitei","animator:Curse_GriefSeed","Shame","infinitespire:DeathsTouch+1","Clumsy","animator:TsurugaMeisai","animator:Togame","animator:YoshinoHaruhiko","animator:Shimako+1","animator:Togame","animator:Enju","animator:SuzuneAmano+1","animator:Shimako+1","animator:SuzuneAmano+1","animator:YuiTsuruno","Overencumbered","animator:HiiragiShinya","Shame","animator:Shizu","animator:Arpeggio","animator:Shiro","animator:KyokoSakura+1","animator:Benimaru","animator:HinaKagiyama","animator:Curse_Dizziness","Gensokyo:OverchargedCore","animator:HououinKyouma","animator:Kira","animator:NaoTomori","animator:MamiTomoe"],"relics":["animator:LivingPicture","animator:TheMissingPiece","animator:PurgingStone","Pear","Gensokyo:NagashiBinaDoll","animator:HallowedScabbard","CloakClasp","infinitespire:Satchel","Divine Protection","Blood Vial","Cursed Key","Pet Ghost","Orichalcum","animator:HeavyHalberd","SacredBark","Gensokyo:DualWield","Strange Spoon","Frozen Eye","ReplayTheSpireMod:ShopPack","Regal Pillow"],"acts_visited":["Gensokyo:Gensokyo","Gensokyo:Gensokyoer","Gensokyo:Gensokyoest"],"potions_floor_usage":[16,24,30,36,41,42],"damage_taken":[{"damage":2,"enemies":"Gensokyo:Python","floor":1,"turns":3},{"damage":4,"enemies":"Gensokyo:Gryphon","floor":3,"turns":4},{"damage":19,"enemies":"Gensokyo:Mamizou","floor":6,"turns":7},{"damage":44,"enemies":"Gensokyo:Cirno","floor":8,"turns":7},{"damage":12,"enemies":"Gensokyo:Aya","floor":11,"turns":4},{"damage":6,"enemies":"Gensokyo:Cirno","floor":14,"turns":6},{"damage":0,"enemies":"Gensokyo:Kokoro","floor":16,"turns":7},{"damage":0,"enemies":"Gensokyo:Chomper","floor":18,"turns":3},{"damage":3,"enemies":"Gensokyo:CosmicMonolith","floor":20,"turns":3},{"damage":2,"enemies":"Gensokyo:Mirror_and_Dog","floor":22,"turns":2},{"damage":35,"enemies":"Gensokyo:Chomper_and_Gloop","floor":24,"turns":7},{"damage":1,"enemies":"Gensokyo:Koishi","floor":27,"turns":4},{"damage":50,"enemies":"Gensokyo:Tenshi","floor":30,"turns":4},{"damage":0,"enemies":"Gensokyo:3_Gloops","floor":31,"turns":3},{"damage":40,"enemies":"Gensokyo:Eternal_Rivals","floor":33,"turns":8},{"damage":3,"enemies":"Gensokyo:AncientGuardian","floor":35,"turns":5},{"damage":51,"enemies":"Gensokyo:3_Boulders","floor":36,"turns":5},{"damage":36,"enemies":"Gensokyo:Marisa","floor":41,"turns":6}],"seed_played":"6494773952321877091","potions_obtained":[{"floor":6,"key":"Languid Potion"},{"floor":14,"key":"Fire Potion"},{"floor":16,"key":"Regen Potion"},{"floor":27,"key":"blueLaboratory:BubblePotion"},{"floor":31,"key":"PowerPotion"},{"floor":41,"key":"blueLaboratory:SavagePotion"}],"is_trial":false,"path_per_floor":["M","?","M","?","?","E","R","E","T","R","E","R","?","E","R","B",null,"M","?","M","?","M","R","M","R","T","E","?","?","E","M","R","B",null,"M","M","?","?","COS","R","E","M"],"character_chosen":"THE_ANIMATOR","items_purchased":[],"campfire_rested":5,"item_purchase_floors":[],"current_hp_per_floor":[52,42,44,44,44,31,52,14,14,35,29,50,50,44,44,44,64,70,65,62,69,69,69,53,53,53,60,60,60,26,34,55,30,62,67,25,25,25,25,46,19,0,0],"gold":769,"neow_bonus":"THREE_CARDS","is_daily":false,"chose_seed":true,"campfire_upgraded":3,"win_rate":0.0,"timestamp":1612003726,"path_taken":["M","?","?","?","?","E","R","E","T","R","E","R","?","E","R","BOSS","M","?","M","?","M","R","M","R","T","E","?","?","E","M","R","BOSS","M","M","?","?","COS","R","E","?"],"items_purchased_type":[],"build_version":"2020-12-22","purchased_purges":0,"victory":false,"max_hp_per_floor":[60,70,70,70,70,70,70,70,70,70,70,70,70,70,70,70,70,70,65,65,72,72,72,72,72,72,72,72,72,73,73,73,73,73,73,73,73,73,73,73,73,73,73],"card_choices":[{"not_picked":["animator:Mitsuba","animator:Souseiseki"],"picked":"animator:Shion","floor":0},{"not_picked":["animator:SuikaIbuki","animator:Emonzaemon"],"picked":"animator:MeguKakizaki","floor":1},{"not_picked":["animator:DolaSchwi","animator:DolaRiku"],"picked":"animator:Hitei","floor":3},{"not_picked":["infinitespire:Punishment","infinitespire:Gouge"],"picked":"infinitespire:DeathsTouch","floor":4},{"not_picked":["animator:ChlammyZell","animator:SougenEsaka"],"picked":"animator:TsurugaMeisai","floor":6},{"not_picked":["animator:ZankiKiguchi","animator:Hitei"],"picked":"animator:Togame","floor":8},{"not_picked":["animator:KrulTepes","animator:TomoeKashiwaba"],"picked":"animator:YoshinoHaruhiko","floor":11},{"not_picked":["animator:Clownpiece","animator:DolaStephanie"],"picked":"animator:Togame","floor":14},{"not_picked":["animator:KotoriKanbe","animator:KotarouTennouji"],"picked":"animator:Enju","floor":16},{"not_picked":["animator:UneriGinkaku","animator:Emonzaemon"],"picked":"animator:SuzuneAmano+1","floor":18},{"not_picked":["animator:Midou","animator:Kagari"],"picked":"animator:Shimako","floor":20},{"not_picked":["animator:Hakurou+1","animator:DolaSchwi"],"picked":"animator:SuzuneAmano","floor":22},{"not_picked":["animator:SuikaIbuki+1","animator:Azekura"],"picked":"animator:YuiTsuruno","floor":24},{"not_picked":["animator:MeguKakizaki+1","animator:MarisaKirisame+1"],"picked":"animator:HiiragiShinya","floor":27},{"not_picked":["animator:Hakurou","animator:Shion"],"picked":"animator:Shizu","floor":30},{"not_picked":["animator:ReimuHakurei","animator:IrohaTamaki"],"picked":"animator:Arpeggio","floor":31},{"not_picked":["animator:PinaCoLada","animator:Biyorigo"],"picked":"animator:Shiro","floor":33},{"not_picked":["animator:AyaShameimaru","animator:CrowleyEusford+1"],"picked":"animator:KyokoSakura+1","floor":35},{"not_picked":["animator:Shichika","animator:Shirosaki+1"],"picked":"animator:Benimaru","floor":36},{"not_picked":["animator:NaoTomori","animator:HarukoHaruhara"],"picked":"animator:HououinKyouma","floor":39},{"not_picked":["animator:ShuuOuma","animator:Patchouli"],"picked":"animator:Kira","floor":39},{"not_picked":["animator:IchigoKurosaki","animator:Zero"],"picked":"animator:NaoTomori","floor":39},{"not_picked":["animator:OrikoMikuni","animator:NagisaMomoe"],"picked":"animator:MamiTomoe","floor":41}],"player_experience":936828,"relics_obtained":[{"floor":6,"key":"Dead Branch"},{"floor":8,"key":"animator:HallowedScabbard"},{"floor":9,"key":"CloakClasp"},{"floor":11,"key":"infinitespire:Satchel"},{"floor":14,"key":"Divine Protection"},{"floor":16,"key":"Blood Vial"},{"floor":26,"key":"Pet Ghost"},{"floor":27,"key":"Orichalcum"},{"floor":30,"key":"animator:HeavyHalberd"},{"floor":41,"key":"Regal Pillow"}],"event_choices":[],"is_beta":false,"boss_relics":[{"not_picked":["Replay:Ancient Bell","infinitespire:Cupcake"],"picked":"Cursed Key"},{"not_picked":["Sozu","ReplayTheSpireMod:DimensionalGlitch"],"picked":"SacredBark"}],"items_purged_floors":[],"is_endless":false,"potions_floor_spawned":[6,14,16,22,27,31,33,41],"killed_by":"Gensokyo:Sharpion","ascension_level":20}}