{"host":"8fuipfsvjht9cgcs","time":1612043560,"event":{"mods":["AchievementEnabler","BaseMod","Colored Map","Colored Powertips","DeckTracker","Friendly Minions","Kiyohime£¨?ýï£©","Marisa£¨Ùöéë¡¡Øª×âÞÞ£©","Minty Spire (QoL Compilation)","Prisma Mod","StSLib","SuperFastMode","The Cursed","The Gatherer"],"gold_per_floor":[112,112,112,112,63,63,88,129,155,155,178,59,73,9,9,89,116,130,147,10,25,53,53,53],"floor_reached":23,"language":"KOR","playtime":989,"items_purged":["Defend_R","Strike_R","Defend_R"],"score":375,"play_id":"2db9bc33-42b8-49f1-8424-ded2bbd721ed","local_time":"20210131105240","is_ascension_mode":true,"campfire_choices":[{"data":"Shrug It Off","floor":6.0,"key":"SMITH"},{"data":"Dropkick","floor":10.0,"key":"SMITH"},{"data":"Flex","floor":15.0,"key":"SMITH"}],"circlet_count":0,"master_deck":["AscendersBane","Defend_R","Bash","Dropkick+1","Shrug It Off+1","True Grit","Shrug It Off","Dropkick","Flex+1","Double Tap","Iron Wave+1","Infernal Blade+1","Blood for Blood+1","Trip","Disarm+1"],"relics":["Burning Blood","NeowsBlessing","Akabeko","CeramicFish","Smiling Mask","Astrolabe"],"acts_visited":["Exordium","TheCity"],"potions_floor_usage":[23],"damage_taken":[{"damage":0.0,"enemies":"Jaw Worm","floor":1.0,"turns":1.0},{"damage":0.0,"enemies":"Gremlin Nob","floor":8.0,"turns":1.0},{"damage":0.0,"enemies":"Small Slimes","floor":11.0,"turns":1.0},{"damage":0.0,"enemies":"2 Louse","floor":13.0,"turns":2.0},{"damage":44.0,"enemies":"The Guardian","floor":16.0,"turns":11.0},{"damage":12.0,"enemies":"Chosen","floor":18.0,"turns":5.0},{"damage":39.0,"enemies":"3 Byrds","floor":19.0,"turns":7.0},{"damage":15.0,"enemies":"Snecko","floor":21.0,"turns":4.0},{"damage":19,"enemies":"Shelled Parasite and Fungi","floor":22,"turns":4},{"damage":27,"enemies":"Slavers","floor":23,"turns":4}],"seed_played":"-8416820575182289309","potions_obtained":[{"floor":1.0,"key":"BloodPotion"},{"floor":8.0,"key":"EssenceOfSteel"},{"floor":16.0,"key":"FearPotion"}],"is_trial":false,"path_per_floor":["M","?","?","?","$","R","T","E","T","R","M","$","M","$","R","B",null,"M","M","$","M","M","E"],"character_chosen":"IRONCLAD","items_purchased":["Shrug It Off","Dropkick","Flex","Trip"],"campfire_rested":0,"item_purchase_floors":[5,12,14,20],"current_hp_per_floor":[74,79,79,72,72,72,72,78,78,78,80,80,80,80,80,42,71,65,32,32,23,10,0,0],"gold":53,"neow_bonus":"THREE_ENEMY_KILL","is_daily":false,"chose_seed":false,"campfire_upgraded":3,"win_rate":0.0,"timestamp":1612043560,"path_taken":["M","?","?","?","?","R","?","E","T","R","M","$","M","?","R","BOSS","M","M","$","M","?","E"],"items_purchased_type":["Card","Card","Card","Card"],"build_version":"2020-12-22","purchased_purges":3,"victory":false,"max_hp_per_floor":[75,80,80,80,80,80,80,80,80,80,80,80,80,80,80,80,80,80,80,80,80,80,80,80],"card_choices":[{"not_picked":["Dark Embrace","Perfected Strike"],"picked":"Dropkick","floor":1.0},{"not_picked":["Warcry","Iron Wave"],"picked":"True Grit","floor":8.0},{"not_picked":["Hemokinesis","Armaments"],"picked":"Shrug It Off","floor":11.0},{"not_picked":["Reaper","Combust","Iron Wave"],"picked":"SKIP","floor":13.0},{"not_picked":["Immolate","Fiend Fire"],"picked":"Double Tap","floor":16.0},{"not_picked":["Iron Wave","Wild Strike","Warcry"],"picked":"SKIP","floor":18.0},{"not_picked":["Feel No Pain","Heavy Blade","Battle Trance"],"picked":"SKIP","floor":19.0},{"not_picked":["Pommel Strike","Immolate","Havoc"],"picked":"SKIP","floor":21.0},{"not_picked":["Havoc","Shrug It Off"],"picked":"Disarm+1","floor":22}],"player_experience":467098,"relics_obtained":[{"floor":7.0,"key":"Akabeko"},{"floor":8.0,"key":"CeramicFish"},{"floor":9.0,"key":"Smiling Mask"}],"event_choices":[{"damage_healed":0.0,"max_hp_gain":5.0,"max_hp_loss":0.0,"gold_gain":0.0,"event_name":"Big Fish","player_choice":"Donut","floor":2.0,"gold_loss":0.0,"damage_taken":0.0},{"cards_removed":["Strike_R"],"damage_healed":0.0,"max_hp_gain":0.0,"max_hp_loss":0.0,"gold_gain":0.0,"event_name":"Living Wall","player_choice":"Forget","floor":3.0,"gold_loss":0.0,"damage_taken":0.0},{"cards_removed":["Strike_R"],"damage_healed":0.0,"max_hp_gain":0.0,"max_hp_loss":0.0,"gold_gain":0.0,"event_name":"Golden Wing","player_choice":"Card Removal","floor":4.0,"gold_loss":0.0,"damage_taken":7.0}],"is_beta":false,"boss_relics":[{"not_picked":["SacredBark","Snecko Eye"],"picked":"Astrolabe"}],"items_purged_floors":[12,14,20],"is_endless":false,"potions_floor_spawned":[1,8,11,16,18,19],"killed_by":"Slavers","ascension_level":15}}