{"host":"4k1o517shm2ba6vh","time":1612034492,"event":{"mods":["AchievementEnabler","BaseMod","Minty Spire (QoL Compilation)","StSLib","The Poker Player","everything is the same but u backflip on backflip"],"gold_per_floor":[116,127,137,149,21,46,61,61,61],"floor_reached":8,"language":"ENG","playtime":580,"items_purged":[],"score":93,"play_id":"541e64e8-145b-4018-b0b4-b658f9dee291","local_time":"20210130132132","is_ascension_mode":true,"campfire_choices":[],"circlet_count":0,"master_deck":["AscendersBane","Strike_G","Strike_G","Strike_G","Strike_G","Strike_G","Defend_G","Defend_G","Defend_G","Defend_G","Defend_G","Survivor","Neutralize","Cloak And Dagger","A Thousand Cuts","PiercingWail","Footwork","Terror","Quick Slash","Caltrops","Skewer"],"relics":["Ring of the Snake","The Courier"],"acts_visited":["Exordium"],"potions_floor_usage":[6,8],"damage_taken":[{"damage":0,"enemies":"Small Slimes","floor":1,"turns":3},{"damage":0,"enemies":"Jaw Worm","floor":2,"turns":5},{"damage":2,"enemies":"Cultist","floor":3,"turns":5},{"damage":3,"enemies":"3 Louse","floor":4,"turns":5},{"damage":11,"enemies":"Lagavulin","floor":6,"turns":9},{"damage":33,"enemies":"Exordium Thugs","floor":7,"turns":8},{"damage":22,"enemies":"3 Sentries","floor":8,"turns":7}],"seed_played":"5368340604288847990","potions_obtained":[{"floor":2,"key":"SkillPotion"},{"floor":6,"key":"FearPotion"},{"floor":7,"key":"LiquidMemories"}],"is_trial":false,"path_per_floor":["M","M","M","M","$","E","M","E"],"character_chosen":"THE_SILENT","items_purchased":["Terror","Quick Slash"],"campfire_rested":0,"item_purchase_floors":[5,5],"current_hp_per_floor":[70,70,68,65,65,54,21,0,0],"gold":61,"neow_bonus":"TEN_PERCENT_HP_BONUS","is_daily":false,"chose_seed":false,"campfire_upgraded":0,"win_rate":0.0,"timestamp":1612034492,"path_taken":["M","M","M","M","$","E","M","E"],"items_purchased_type":["Card","Card"],"build_version":"2020-12-22","purchased_purges":0,"victory":false,"max_hp_per_floor":[77,77,77,77,77,77,77,77,77],"card_choices":[{"not_picked":["Slice","Acrobatics"],"picked":"Cloak And Dagger","floor":1},{"not_picked":["Flying Knee","Slice"],"picked":"A Thousand Cuts","floor":2},{"not_picked":["Quick Slash","Deadly Poison"],"picked":"PiercingWail","floor":3},{"not_picked":["Cloak And Dagger","Expertise"],"picked":"Footwork","floor":4},{"not_picked":["Sucker Punch","Riddle With Holes"],"picked":"Caltrops","floor":6},{"not_picked":["Dagger Throw","Heel Hook"],"picked":"Skewer","floor":7}],"player_experience":432432,"relics_obtained":[{"floor":6,"key":"The Courier"}],"event_choices":[],"is_beta":false,"boss_relics":[],"items_purged_floors":[],"is_endless":false,"potions_floor_spawned":[2,6,7],"killed_by":"3 Sentries","ascension_level":11}}