{"host":"ffjrj7fisyni1ebk","time":1612035268,"event":{"mods":["2.2 Compatiblity","BaseMod","Bestiary","Colored Map","Colored Powertips","Curses Come First","Highlight Path","Keyboard Shortcuts","Minty Spire (QoL Compilation)","Relic Stats","Slay the Relics Exporter","StSLib","SuperFastMode"],"gold_per_floor":[159,109,124,124,136,136,136],"floor_reached":6,"language":"ENG","playtime":340,"items_purged":[],"score":36,"play_id":"f99d782d-8d0f-4709-a59b-a5561c5fa9df","local_time":"20210130213428","is_ascension_mode":false,"campfire_choices":[],"circlet_count":0,"master_deck":["Strike_R","Strike_R","Strike_R","Defend_R","Defend_R","Defend_R","Defend_R+1","Bash","Infernal Blade","Iron Wave","Fire Breathing"],"relics":["Tiny House"],"acts_visited":["Exordium"],"potions_floor_usage":[6],"damage_taken":[{"damage":0,"enemies":"Small Slimes","floor":1,"turns":2},{"damage":0,"enemies":"2 Louse","floor":3,"turns":2},{"damage":0,"enemies":"Cultist","floor":5,"turns":4},{"damage":90,"enemies":"Lagavulin","floor":6,"turns":15}],"seed_played":"-5759389713579715283","potions_obtained":[{"floor":0,"key":"SkillPotion"},{"floor":1,"key":"SneckoOil"},{"floor":3,"key":"BloodPotion"}],"is_trial":false,"path_per_floor":["M","?","M","?","M","E"],"character_chosen":"IRONCLAD","items_purchased":[],"campfire_rested":0,"item_purchase_floors":[],"current_hp_per_floor":[85,85,85,85,85,0,0],"gold":136,"neow_bonus":"BOSS_RELIC","is_daily":false,"chose_seed":false,"campfire_upgraded":0,"win_rate":0.0,"timestamp":1612035268,"path_taken":["M","?","M","?","?","E"],"items_purchased_type":[],"build_version":"2020-12-22","purchased_purges":0,"victory":false,"max_hp_per_floor":[85,85,85,85,85,85,85],"relic_stats":{"counters":[4,23],"obtain_stats":[{"Tiny House":0,"Burning Blood":0},{"Tiny House":0,"Burning Blood":0},{"Tiny House":0,"Burning Blood":0}]},"card_choices":[{"not_picked":["Thunderclap","Cleave"],"picked":"Infernal Blade","floor":0},{"not_picked":["Dark Embrace","Second Wind"],"picked":"Iron Wave","floor":1},{"not_picked":["Anger","Battle Trance","Carnage"],"picked":"SKIP","floor":3},{"not_picked":["Clothesline","Thunderclap"],"picked":"Fire Breathing","floor":5}],"player_experience":289009,"relics_obtained":[],"event_choices":[{"cards_removed":["Strike_R"],"damage_healed":0,"gold_gain":0,"player_choice":"Card Removal","damage_taken":0,"max_hp_gain":0,"max_hp_loss":0,"event_name":"The Cleric","floor":2,"gold_loss":50},{"cards_removed":["Strike_R"],"damage_healed":0,"gold_gain":0,"player_choice":"Purged","damage_taken":0,"max_hp_gain":0,"max_hp_loss":0,"event_name":"Purifier","floor":4,"gold_loss":0}],"is_beta":false,"boss_relics":[],"items_purged_floors":[],"is_endless":false,"potions_floor_spawned":[1,3],"killed_by":"Lagavulin","ascension_level":0}}