{"host":"39erygfi9n0tobyn","time":1612024805,"event":{"mods":["2.2 Compatiblity","BaseMod","Bestiary","Colored Map","Colored Powertips","Curses Come First","Highlight Path","Keyboard Shortcuts","Minty Spire (QoL Compilation)","Relic Stats","StSLib","SuperFastMode"],"gold_per_floor":[117,127,141,151,163,188,188,208,208,242,242,242,274,274,274,374,374,364,314,314,314,314,346,358,358,358,60,60,94,23,36,36,139,139,153,170,184,184,234,234,265,17,42,54,54,74,0,25,25,25],"floor_reached":51,"language":"ENG","playtime":2471,"items_purged":["Defend_B","Strike_B"],"score":788,"play_id":"918df9a7-a58a-4479-bdf9-6814aa167568","local_time":"20210130134005","is_ascension_mode":false,"campfire_choices":[{"data":"Dualcast","floor":7,"key":"SMITH"},{"floor":11,"key":"REST"},{"floor":15,"key":"REST"},{"floor":25,"key":"REST"},{"floor":32,"key":"REST"},{"floor":40,"key":"REST"},{"floor":49,"key":"REST"}],"circlet_count":0,"master_deck":["Strike_B","Strike_B","Defend_B","Defend_B","Defend_B","Zap","Dualcast+1","White Noise","Coolheaded","BootSequence","Leap","Sweeping Beam","Stack","Compile Driver","Fission","Core Surge","Buffer","Beam Cell+1","Zap","Seek","Bandage Up","Buffer","Static Discharge","Cold Snap","Echo Form","RitualDagger","Sunder+1","Doom and Gloom","Fusion","Multi-Cast","Self Repair+1","Undo","Ball Lightning+1","Madness","Madness","Turbo+1","Barrage","Reinforced Body+1","Blind","Genetic Algorithm","Coolheaded"],"relics":["Cracked Core","NeowsBlessing","Ancient Tea Set","HornCleat","Juzu Bracelet","Shuriken","SlaversCollar","Regal Pillow","Mercury Hourglass","MealTicket","Bottled Flame","Philosopher\u0027s Stone","TungstenRod","Torii","Orichalcum","Blood Vial","Red Mask","Calipers"],"acts_visited":["Exordium","TheCity","TheBeyond"],"potions_floor_usage":[16,16,16,24,35,36,41,48,50],"damage_taken":[{"damage":0,"enemies":"Cultist","floor":1,"turns":1},{"damage":0,"enemies":"Jaw Worm","floor":2,"turns":1},{"damage":0,"enemies":"2 Louse","floor":3,"turns":1},{"damage":5,"enemies":"Red Slaver","floor":4,"turns":4},{"damage":6,"enemies":"Blue Slaver","floor":5,"turns":4},{"damage":4,"enemies":"Lagavulin","floor":6,"turns":8},{"damage":0,"enemies":"Gremlin Gang","floor":8,"turns":3},{"damage":37,"enemies":"Gremlin Nob","floor":10,"turns":6},{"damage":22,"enemies":"3 Sentries","floor":13,"turns":7},{"damage":31,"enemies":"Hexaghost","floor":16,"turns":11},{"damage":12,"enemies":"2 Thieves","floor":18,"turns":4},{"damage":38,"enemies":"Slavers","floor":23,"turns":7},{"damage":13,"enemies":"Spheric Guardian","floor":24,"turns":8},{"damage":17,"enemies":"Book of Stabbing","floor":29,"turns":6},{"damage":1,"enemies":"Chosen and Byrds","floor":31,"turns":3},{"damage":1,"enemies":"Champ","floor":33,"turns":13},{"damage":8,"enemies":"3 Shapes","floor":35,"turns":5},{"damage":13,"enemies":"Orb Walker","floor":36,"turns":5},{"damage":15,"enemies":"4 Shapes","floor":37,"turns":8},{"damage":12,"enemies":"Mind Bloom Boss Battle","floor":39,"turns":8},{"damage":35,"enemies":"Reptomancer","floor":41,"turns":5},{"damage":36,"enemies":"Writhing Mass","floor":44,"turns":5},{"damage":14,"enemies":"Spire Growth","floor":46,"turns":8},{"damage":43,"enemies":"Nemesis","floor":48,"turns":11},{"damage":50,"enemies":"Time Eater","floor":50,"turns":12}],"seed_played":"683350841875129277","potions_obtained":[{"floor":2,"key":"FearPotion"},{"floor":3,"key":"BlessingOfTheForge"},{"floor":8,"key":"LiquidBronze"},{"floor":23,"key":"EssenceOfSteel"},{"floor":29,"key":"Block Potion"},{"floor":31,"key":"AttackPotion"},{"floor":35,"key":"SteroidPotion"},{"floor":36,"key":"FearPotion"},{"floor":46,"key":"AttackPotion"}],"is_trial":false,"path_per_floor":["M","M","M","M","M","E","R","M","T","E","R","?","E","?","R","B",null,"M","?","?","?","?","E","M","R","T","$","?","E","$","M","R","B",null,"M","M","M","?","?","R","E","$","T","M","?","M","?","E","R","B",null],"character_chosen":"DEFECT","items_purchased":["Echo Form","MealTicket","Doom and Gloom","Orichalcum"],"campfire_rested":6,"item_purchase_floors":[27,27,30,42],"current_hp_per_floor":[75,75,75,70,64,60,60,60,60,23,45,70,48,41,63,32,75,63,63,49,49,49,15,6,45,45,45,39,26,41,40,79,79,80,72,63,72,62,64,80,49,64,64,44,44,46,46,19,58,14],"gold":25,"neow_bonus":"THREE_ENEMY_KILL","is_daily":false,"chose_seed":false,"campfire_upgraded":1,"win_rate":0.0,"timestamp":1612024805,"path_taken":["M","?","M","M","M","E","R","M","T","E","R","?","E","?","R","BOSS","M","?","?","?","?","E","M","R","T","?","?","E","$","M","R","BOSS","M","M","M","?","?","R","E","$","T","M","?","M","?","E","R","BOSS"],"items_purchased_type":["Card","Relic","Card","Relic"],"build_version":"2020-12-22","purchased_purges":2,"victory":true,"max_hp_per_floor":[75,75,75,75,75,75,75,75,75,75,75,75,75,75,75,75,75,75,75,80,80,80,80,80,80,80,80,80,80,80,80,80,80,80,80,80,80,80,80,80,80,80,80,80,80,80,80,80,80,80],"relic_stats":{"Blood Vial":8,"Regal Pillow":45,"Torii":22,"counters":[25,153],"Shuriken":[12],"MealTicket":30,"Juzu Bracelet":4,"Orichalcum":[60],"obtain_stats":[{"Regal Pillow":23,"Calipers":48,"NeowsBlessing":0,"Torii":41,"Juzu Bracelet":10,"Orichalcum":42,"Ancient Tea Set":6,"Mercury Hourglass":26,"Blood Vial":43,"SlaversCollar":17,"Bottled Flame":29,"HornCleat":9,"Shuriken":13,"MealTicket":27,"Philosopher\u0027s Stone":34,"Red Mask":47,"Cracked Core":0,"TungstenRod":39},{"Regal Pillow":12,"Calipers":24,"NeowsBlessing":0,"Torii":21,"Juzu Bracelet":8,"Orichalcum":21,"Ancient Tea Set":6,"Mercury Hourglass":13,"Blood Vial":21,"SlaversCollar":10,"Bottled Flame":14,"HornCleat":7,"Shuriken":9,"MealTicket":13,"Philosopher\u0027s Stone":16,"Red Mask":23,"Cracked Core":0,"TungstenRod":20},{"Regal Pillow":57,"Calipers":141,"NeowsBlessing":0,"Torii":117,"Juzu Bracelet":28,"Orichalcum":117,"Ancient Tea Set":19,"Mercury Hourglass":65,"Blood Vial":117,"SlaversCollar":46,"Bottled Flame":71,"HornCleat":22,"Shuriken":35,"MealTicket":65,"Philosopher\u0027s Stone":87,"Red Mask":130,"Cracked Core":0,"TungstenRod":112}],"TungstenRod":24,"Mercury Hourglass":[287]},"card_choices":[{"not_picked":["Go for the Eyes","Capacitor"],"picked":"White Noise","floor":1},{"not_picked":["Beam Cell","Compile Driver"],"picked":"Coolheaded","floor":2},{"not_picked":["Redo","Storm"],"picked":"BootSequence","floor":3},{"not_picked":["Go for the Eyes","Coolheaded"],"picked":"Leap","floor":4},{"not_picked":["BootSequence","Stack"],"picked":"Sweeping Beam","floor":5},{"not_picked":["BootSequence","Aggregate"],"picked":"Stack","floor":6},{"not_picked":["Barrage","Coolheaded"],"picked":"Compile Driver","floor":8},{"not_picked":["Conserve Battery","FTL"],"picked":"Fission","floor":10},{"not_picked":["Reboot","Beam Cell"],"picked":"Core Surge","floor":13},{"not_picked":["Multi-Cast","Thunder Strike"],"picked":"Buffer","floor":16},{"not_picked":["Gash","Stack"],"picked":"Beam Cell+1","floor":18},{"not_picked":["Meteor Strike","Recycle"],"picked":"Static Discharge","floor":23},{"not_picked":["Hologram","Compile Driver"],"picked":"Cold Snap","floor":24},{"not_picked":["Reprogram","Leap"],"picked":"Sunder+1","floor":29},{"not_picked":["Sunder","Compile Driver"],"picked":"Fusion","floor":31},{"not_picked":["Thunder Strike","Reboot"],"picked":"Multi-Cast","floor":33},{"not_picked":["Conserve Battery+1","Hologram"],"picked":"Self Repair+1","floor":35},{"not_picked":["Cold Snap+1","Coolheaded+1"],"picked":"Undo","floor":36},{"not_picked":["Steam+1","Chill+1"],"picked":"Ball Lightning+1","floor":37},{"not_picked":["Cold Snap","Leap"],"picked":"Turbo+1","floor":39},{"not_picked":["Blizzard","Coolheaded"],"picked":"Barrage","floor":41},{"not_picked":["Static Discharge","Recycle+1"],"picked":"Reinforced Body+1","floor":44},{"not_picked":["Violence","Trip"],"picked":"Blind","floor":45},{"not_picked":["Chill","Conserve Battery"],"picked":"Genetic Algorithm","floor":46},{"not_picked":["Beam Cell","Blizzard+1"],"picked":"Coolheaded","floor":48}],"player_experience":66658,"relics_obtained":[{"floor":6,"key":"Ancient Tea Set"},{"floor":9,"key":"HornCleat"},{"floor":10,"key":"Juzu Bracelet"},{"floor":13,"key":"Shuriken"},{"floor":23,"key":"Regal Pillow"},{"floor":26,"key":"Mercury Hourglass"},{"floor":29,"key":"Bottled Flame"},{"floor":39,"key":"TungstenRod"},{"floor":41,"key":"Torii"},{"floor":43,"key":"Blood Vial"},{"floor":48,"key":"Calipers"}],"event_choices":[{"damage_healed":25,"gold_gain":0,"player_choice":"Banana","damage_taken":0,"max_hp_gain":0,"max_hp_loss":0,"event_name":"Big Fish","floor":12,"gold_loss":0},{"cards_removed":["Strike_B"],"damage_healed":0,"gold_gain":0,"player_choice":"Card Removal","damage_taken":7,"max_hp_gain":0,"max_hp_loss":0,"event_name":"Golden Wing","floor":14,"gold_loss":0},{"damage_healed":0,"gold_gain":0,"player_choice":"Bet on Murderer","damage_taken":0,"max_hp_gain":0,"max_hp_loss":0,"event_name":"The Joust","floor":19,"gold_loss":50},{"damage_healed":0,"gold_gain":0,"player_choice":"Shed Blood","damage_taken":19,"max_hp_gain":5,"max_hp_loss":0,"event_name":"Forgotten Altar","floor":20,"gold_loss":0},{"damage_healed":0,"gold_gain":0,"player_choice":"3 cards matched","damage_taken":0,"max_hp_gain":0,"max_hp_loss":0,"event_name":"Match and Keep!","floor":21,"gold_loss":0,"cards_obtained":["Zap","Seek","Bandage Up"]},{"damage_healed":0,"gold_gain":0,"player_choice":"Copied","damage_taken":0,"max_hp_gain":0,"max_hp_loss":0,"event_name":"Duplicator","floor":22,"gold_loss":0,"cards_obtained":["Buffer"]},{"damage_healed":0,"gold_gain":0,"player_choice":"Joined the Cult","damage_taken":6,"max_hp_gain":0,"max_hp_loss":0,"event_name":"Nest","floor":28,"gold_loss":0,"cards_obtained":["RitualDagger"]},{"damage_healed":0,"gold_gain":0,"player_choice":"Embrace Madness","damage_taken":10,"max_hp_gain":0,"max_hp_loss":0,"event_name":"Winding Halls","floor":38,"gold_loss":0,"cards_obtained":["Madness","Madness"]},{"damage_healed":0,"gold_gain":0,"player_choice":"Fight","damage_taken":0,"max_hp_gain":0,"max_hp_loss":0,"event_name":"MindBloom","floor":39,"gold_loss":0},{"damage_healed":0,"gold_gain":0,"player_choice":"Memory 1","damage_taken":0,"max_hp_gain":0,"max_hp_loss":0,"event_name":"SensoryStone","floor":45,"gold_loss":0},{"damage_healed":0,"gold_gain":0,"player_choice":"Paid","damage_taken":0,"relics_obtained":["Red Mask"],"max_hp_gain":0,"max_hp_loss":0,"event_name":"Tomb of Lord Red Mask","floor":47,"gold_loss":74}],"is_beta":false,"boss_relics":[{"not_picked":["Coffee Dripper","Busted Crown"],"picked":"SlaversCollar"},{"not_picked":["Tiny House","SacredBark"],"picked":"Philosopher\u0027s Stone"}],"items_purged_floors":[27,42],"is_endless":false,"potions_floor_spawned":[2,3,8,13,23,29,31,35,36,46],"ascension_level":0}}