{"host":"zlryddw6xv0ljf8b","time":1612020947,"event":{"mods":["AchievementEnabler","BaseMod","Colored Map","Colored Powertips","Downfall","Highlight Path","Minty Spire (QoL Compilation)","Permanent Neow","Quick Restart","StSLib","UnlockEverythingMod"],"gold_per_floor":[110,128,146,162,179,179,212,212,212,287,306,306,9,22,22,118,118,133,133,149,161,173,173,199,199,199,233,48,48,58,92,92,194,194,212,224,224,224,243,278,278,129,129,29,29,45,74,74,74,74,74,74,24,54,54,54],"floor_reached":55,"language":"ENG","playtime":3562,"items_purged":["Strike_R","Strike_R"],"score":762,"play_id":"5862e510-b762-43f1-9ba3-7ee136612faf","local_time":"20210130093547","is_ascension_mode":false,"campfire_choices":[{"data":"Combust","floor":6.0,"key":"SMITH"},{"data":"Cleave","floor":8.0,"key":"SMITH"},{"data":"Reaper","floor":15.0,"key":"SMITH"},{"floor":23,"key":"REST"},{"data":"Demon Form","floor":25,"key":"SMITH"},{"floor":32,"key":"REST"},{"floor":41,"key":"REST"},{"floor":45,"key":"RECALL"},{"floor":49,"key":"REST"},{"floor":52,"key":"REST"}],"circlet_count":0,"master_deck":["Strike_R","Strike_R","Defend_R+1","Defend_R","Defend_R","Defend_R+1","Bash","Warcry+1","Clothesline","Cleave+1","Shrug It Off","Combust+1","Headbutt","Reaper+1","Ghostly Armor","Demon Form+1","Rupture","Blood for Blood","Bloodletting","Sword Boomerang","Blood for Blood","Pummel","Apotheosis","Warcry","Burning Pact","Brutality","Warcry","Shrug It Off+1","Disarm","Iron Wave"],"relics":["Burning Blood","Potion Belt","Strawberry","White Beast Statue","MealTicket","Philosopher\u0027s Stone","War Paint","Guardian:PocketSentry","Blue Candle","Ancient Tea Set","Fusion Hammer","Anchor","PreservedInsect","Pantograph"],"acts_visited":["Exordium","TheCity","TheBeyond","TheEnding"],"potions_floor_usage":[16,16,16,16,16,24,24,27,27,27,27,30,31,33,39,47,47,50,50,50,55],"damage_taken":[{"damage":0.0,"enemies":"2 Louse","floor":1.0,"turns":3.0},{"damage":6.0,"enemies":"Jaw Worm","floor":2.0,"turns":3.0},{"damage":9.0,"enemies":"Small Slimes","floor":3.0,"turns":4.0},{"damage":4.0,"enemies":"Red Slaver","floor":4.0,"turns":4.0},{"damage":9.0,"enemies":"Large Slime","floor":5.0,"turns":7.0},{"damage":18.0,"enemies":"Gremlin Nob","floor":7.0,"turns":4.0},{"damage":10.0,"enemies":"Exordium Thugs","floor":11.0,"turns":4.0},{"damage":12.0,"enemies":"Looter","floor":14.0,"turns":2.0},{"damage":68,"enemies":"Hexaghost","floor":16,"turns":15},{"damage":23,"enemies":"Chosen","floor":18,"turns":5},{"damage":22,"enemies":"3 Byrds","floor":20,"turns":3},{"damage":14,"enemies":"Centurion and Healer","floor":21,"turns":6},{"damage":42,"enemies":"Cultist and Chosen","floor":22,"turns":6},{"damage":26,"enemies":"Gremlin Leader","floor":24,"turns":5},{"damage":29,"enemies":"Slavers","floor":27,"turns":4},{"damage":21,"enemies":"Snake Plant","floor":30,"turns":4},{"damage":36,"enemies":"Gremlin Leader","floor":31,"turns":6},{"damage":61,"enemies":"Collector","floor":33,"turns":7},{"damage":43,"enemies":"3 Darklings","floor":35,"turns":4},{"damage":5,"enemies":"Orb Walker","floor":36,"turns":3},{"damage":16,"enemies":"Maw","floor":39,"turns":5},{"damage":41,"enemies":"Nemesis","floor":40,"turns":7},{"damage":16,"enemies":"4 Shapes","floor":46,"turns":5},{"damage":21,"enemies":"Giant Head","floor":47,"turns":7},{"damage":65,"enemies":"Awakened One","floor":50,"turns":10},{"damage":70,"enemies":"Shield and Spear","floor":54,"turns":5},{"damage":52,"enemies":"The Heart","floor":55,"turns":3}],"seed_played":"-3995531759908708360","potions_obtained":[{"floor":1.0,"key":"Slimebound:ThreeZeroPotion"},{"floor":2.0,"key":"Swift Potion"},{"floor":3.0,"key":"Block Potion"},{"floor":5.0,"key":"Regen Potion"},{"floor":11.0,"key":"Block Potion"},{"floor":14.0,"key":"BloodPotion"},{"floor":16,"key":"AttackPotion"},{"floor":18,"key":"FearPotion"},{"floor":20,"key":"hexamod:SoulburnPotion"},{"floor":21,"key":"GamblersBrew"},{"floor":22,"key":"SteroidPotion"},{"floor":24,"key":"Weak Potion"},{"floor":27,"key":"SkillPotion"},{"floor":30,"key":"Swift Potion"},{"floor":31,"key":"ColorlessPotion"},{"floor":33,"key":"Dexterity Potion"},{"floor":35,"key":"SkillPotion"},{"floor":36,"key":"FearPotion"},{"floor":39,"key":"LiquidMemories"},{"floor":40,"key":"Block Potion"},{"floor":46,"key":"BlessingOfTheForge"},{"floor":47,"key":"GamblersBrew"},{"floor":54,"key":"sneckomod:MuddlingPotion"}],"is_trial":false,"path_per_floor":["M","M","M","M","M","R","E","R","T","?","M","?","$","M","R","B",null,"M","?","M","M","M","R","E","R","T","E","$","?","M","E","R","B",null,"M","M","?","?","M","E","R","$","T","$","R","M","E","?","R","B",null,"R","$","E","B"],"character_chosen":"IRONCLAD","items_purchased":["Reaper","MealTicket","Apotheosis","Disarm","Energy Potion"],"campfire_rested":5,"item_purchase_floors":[13,13,28,42,53],"current_hp_per_floor":[80,80,77,79,76,76,71,71,71,60,56,56,56,55,55,17,87,70,70,66,70,45,71,51,51,51,58,73,67,52,22,48,26,87,73,74,74,74,64,29,55,70,70,85,85,84,69,69,87,70,87,87,87,23,0,0],"gold":54,"neow_bonus":"RANDOM_COMMON_RELIC","is_daily":false,"chose_seed":false,"campfire_upgraded":4,"win_rate":0.0,"timestamp":1612020947,"path_taken":["M","M","M","M","M","R","E","R","T","?","M","?","?","M","R","BOSS","M","?","M","M","M","R","E","R","T","E","$","?","M","E","R","BOSS","M","M","?","?","?","E","R","$","T","$","R","M","E","?","R","BOSS","R","$","E","BOSS"],"items_purchased_type":["Card","Relic","Card","Card","Potion"],"build_version":"2020-12-22","purchased_purges":2,"victory":false,"max_hp_per_floor":[80,80,80,80,80,80,87,87,87,87,87,87,87,87,87,87,87,87,87,87,87,87,87,87,87,87,87,87,87,87,87,87,87,87,87,87,87,87,87,87,87,87,87,87,87,87,87,87,87,87,87,87,87,87,87,87],"card_choices":[{"not_picked":["Seeing Red","Blood for Blood"],"picked":"Warcry","floor":1.0},{"not_picked":["Flex","Fire Breathing"],"picked":"Clothesline","floor":2.0},{"not_picked":["Sever Soul","Wild Strike"],"picked":"Cleave","floor":3.0},{"not_picked":["Twin Strike","Body Slam"],"picked":"Shrug It Off","floor":4.0},{"not_picked":["Intimidate","Iron Wave"],"picked":"Combust","floor":5.0},{"not_picked":["Impervious","Pummel"],"picked":"Headbutt","floor":7.0},{"not_picked":["Dropkick","Headbutt","Iron Wave"],"picked":"SKIP","floor":11.0},{"not_picked":["Warcry","Clash"],"picked":"Ghostly Armor","floor":14.0},{"not_picked":["Double Tap","Exhume"],"picked":"Demon Form","floor":16},{"not_picked":["Sever Soul+1","Carnage+1"],"picked":"Rupture","floor":18},{"not_picked":["Havoc","Warcry+1"],"picked":"Blood for Blood","floor":20},{"not_picked":["Body Slam","Spot Weakness"],"picked":"Bloodletting","floor":21},{"not_picked":["Fire Breathing+1","Clash+1"],"picked":"Sword Boomerang","floor":22},{"not_picked":["Reckless Charge+1","Twin Strike"],"picked":"Blood for Blood","floor":24},{"not_picked":["Dropkick","Headbutt"],"picked":"Pummel","floor":27},{"not_picked":["Flex","Combust"],"picked":"Warcry","floor":30},{"not_picked":["Metallicize+1","Sword Boomerang"],"picked":"Burning Pact","floor":31},{"not_picked":["Juggernaut","Bludgeon"],"picked":"Brutality","floor":33},{"not_picked":["Body Slam","Armaments+1"],"picked":"Warcry","floor":35},{"not_picked":["Clash+1","Pommel Strike","Perfected Strike"],"picked":"SKIP","floor":36},{"not_picked":["Wild Strike+1","Rupture","Perfected Strike"],"picked":"SKIP","floor":39},{"not_picked":["Spot Weakness","Clothesline"],"picked":"Shrug It Off+1","floor":40},{"not_picked":["Cleave","Body Slam+1","Armaments"],"picked":"SKIP","floor":46},{"not_picked":["Thunderclap+1","Whirlwind","Power Through+1"],"picked":"SKIP","floor":47},{"not_picked":["Dark Embrace","Flex+1","Bloodletting"],"picked":"SKIP","floor":54}],"player_experience":40307,"relics_obtained":[{"floor":7.0,"key":"Strawberry"},{"floor":9.0,"key":"White Beast Statue"},{"floor":24,"key":"War Paint"},{"floor":26,"key":"Guardian:PocketSentry"},{"floor":27,"key":"Blue Candle"},{"floor":31,"key":"Ancient Tea Set"},{"floor":40,"key":"Anchor"},{"floor":47,"key":"PreservedInsect"},{"floor":54,"key":"Pantograph"}],"event_choices":[{"damage_healed":0.0,"max_hp_gain":0.0,"max_hp_loss":0.0,"gold_gain":75.0,"event_name":"World of Goop","player_choice":"Gather Gold","floor":10.0,"gold_loss":0.0,"damage_taken":11.0},{"damage_healed":0.0,"max_hp_gain":0.0,"max_hp_loss":0.0,"gold_gain":0.0,"event_name":"Living Wall","player_choice":"Grow","floor":12.0,"gold_loss":0.0,"damage_taken":0.0,"cards_upgraded":["Warcry"]},{"damage_healed":0,"gold_gain":0,"player_choice":"Ignored","damage_taken":0,"max_hp_gain":0,"max_hp_loss":0,"event_name":"Ghosts","floor":19,"gold_loss":0},{"damage_healed":0,"gold_gain":0,"player_choice":"Joined the Cult","damage_taken":6,"max_hp_gain":0,"max_hp_loss":0,"event_name":"Nest","floor":29,"gold_loss":0,"cards_obtained":["RitualDagger"]},{"damage_healed":0,"gold_gain":0,"player_choice":"Memory 1","damage_taken":0,"max_hp_gain":0,"max_hp_loss":0,"event_name":"SensoryStone","floor":37,"gold_loss":0},{"cards_removed":["Strike_R"],"damage_healed":0,"gold_gain":0,"player_choice":"Card Removal","damage_taken":0,"max_hp_gain":0,"max_hp_loss":0,"event_name":"Wheel of Change","floor":38,"gold_loss":0},{"cards_removed":["RitualDagger"],"damage_healed":0,"gold_gain":0,"player_choice":"Took Card","damage_taken":0,"max_hp_gain":0,"max_hp_loss":0,"event_name":"NoteForYourself","floor":48,"gold_loss":0,"cards_obtained":["Iron Wave"]}],"is_beta":false,"boss_relics":[{"not_picked":["Cursed Key","Runic Cube"],"picked":"Philosopher\u0027s Stone"},{"not_picked":["Runic Dome","Calling Bell"],"picked":"Fusion Hammer"}],"items_purged_floors":[42,44],"is_endless":false,"potions_floor_spawned":[1,2,3,5,11,14,16,18,20,21,22,24,27,30,31,33,35,36,39,40,46,47,54],"killed_by":"The Heart","ascension_level":0}}