{"host":"w924i0yq27q3vki2","time":1612036817,"event":{"mods":["Aspiration","BaseMod","Downfall","GifTheSpireLib","Minty Spire (QoL Compilation)","Replay The Spire","StSLib"],"gold_per_floor":[109,126,139,154,169,195,208,233,309,309,309,103,116,144,144,144,144],"floor_reached":16,"language":"ENG","playtime":1093,"items_purged":[],"score":124,"play_id":"62d00393-ce0e-4955-b207-d08f4e6f9381","local_time":"20210130210017","is_ascension_mode":false,"campfire_choices":[{"data":"Demonic Infusion","floor":10,"key":"SMITH"},{"floor":15,"key":"REST"}],"circlet_count":0,"master_deck":["Strike_R","Strike_R","Strike_R","Strike_R","Defend_R","Defend_R","Defend_R","Defend_R","Bash","Thunderclap","Twin Strike","Battle Trance","Heavy Blade","Shrug It Off","Searing Blow","Dropkick","Demonic Infusion+1","Inflame+1","Uppercut","Flame Barrier"],"relics":["Burning Blood","Ice Cream","Replay:Baseball","Letter Opener","aspiration:Lifesprig","Another Sword"],"acts_visited":["Exordium"],"potions_floor_usage":[4,6,8],"damage_taken":[{"damage":5,"enemies":"2 Louse","floor":1,"turns":3},{"damage":1,"enemies":"Cultist","floor":2,"turns":3},{"damage":6,"enemies":"Jaw Worm","floor":3,"turns":3},{"damage":4,"enemies":"Large Slime","floor":4,"turns":7},{"damage":15,"enemies":"Looter","floor":5,"turns":3},{"damage":27,"enemies":"3 Sentries","floor":6,"turns":8},{"damage":9,"enemies":"3 Louse","floor":7,"turns":4},{"damage":26,"enemies":"Gremlin Nob","floor":8,"turns":4},{"damage":0,"enemies":"Exordium Wildlife","floor":13,"turns":2},{"damage":36,"enemies":"Lagavulin","floor":14,"turns":5},{"damage":48,"enemies":"The Guardian","floor":16,"turns":6}],"seed_played":"2333721630582157693","potions_obtained":[{"floor":1,"key":"Regen Potion"},{"floor":3,"key":"HeartOfIron"},{"floor":7,"key":"SteroidPotion"},{"floor":8,"key":"SpeedPotion"},{"floor":13,"key":"Swift Potion"}],"is_trial":false,"path_per_floor":["M","M","M","M","M","E","M","E","T","R","?","$","M","E","R","B"],"character_chosen":"IRONCLAD","items_purchased":["Inflame+1","aspiration:Lifesprig"],"campfire_rested":1,"item_purchase_floors":[12,12],"current_hp_per_floor":[88,88,88,88,79,73,70,50,50,50,50,50,56,26,52,4,4],"gold":144,"neow_bonus":"TEN_PERCENT_HP_BONUS","is_daily":false,"chose_seed":false,"campfire_upgraded":1,"win_rate":0.0,"timestamp":1612036817,"path_taken":["M","M","M","M","M","E","M","E","T","R","?","?","M","E","R","BOSS"],"items_purchased_type":["Card","Relic"],"build_version":"2020-12-22","purchased_purges":0,"victory":false,"max_hp_per_floor":[88,88,88,88,88,88,88,88,88,88,88,88,88,88,88,88,88],"card_choices":[{"not_picked":["Intimidate","Wild Strike"],"picked":"Thunderclap","floor":1},{"not_picked":["Anger","Sword Boomerang"],"picked":"Twin Strike","floor":2},{"not_picked":["Cleave","Havoc"],"picked":"Battle Trance","floor":3},{"not_picked":["Abandon","True Grit"],"picked":"Heavy Blade","floor":4},{"not_picked":["Sword Boomerang","Feel No Pain"],"picked":"Shrug It Off","floor":5},{"not_picked":["True Grit","Carnage"],"picked":"Searing Blow","floor":6},{"not_picked":["Heavy Blade","Wild Strike"],"picked":"Dropkick","floor":7},{"not_picked":["Clothesline","Whirlwind"],"picked":"Demonic Infusion","floor":8},{"not_picked":["Anger","Havoc"],"picked":"Uppercut","floor":13},{"not_picked":["Flex","Blood for Blood"],"picked":"Flame Barrier","floor":14}],"player_experience":195540,"relics_obtained":[{"floor":6,"key":"Ice Cream"},{"floor":8,"key":"Replay:Baseball"},{"floor":9,"key":"Letter Opener"},{"floor":14,"key":"Another Sword"}],"event_choices":[{"cards_removed":["Strike_R"],"damage_healed":0,"gold_gain":0,"player_choice":"Purged","damage_taken":0,"max_hp_gain":0,"max_hp_loss":0,"event_name":"Purifier","floor":11,"gold_loss":0}],"is_beta":false,"boss_relics":[],"items_purged_floors":[],"is_endless":false,"potions_floor_spawned":[1,3,7,8,13],"killed_by":"The Guardian","ascension_level":0}}