{"host":"ELF","time":1612039073,"event":{"mods":["BaseMod","Bestiary","Minty Spire (QoL Compilation)","Relic Stats","Slay the Relics Exporter"],"gold_per_floor":[111,130,149,160,160,175,175,175,175],"floor_reached":8,"language":"ENG","playtime":301,"items_purged":[],"score":98,"play_id":"ed7eeedf-c625-4bf0-860c-5c4d46f29d2e","local_time":"20210130143753","is_ascension_mode":true,"campfire_choices":[{"data":"Dark Embrace","floor":7,"key":"SMITH"}],"circlet_count":0,"master_deck":["AscendersBane","Strike_R","Strike_R","Strike_R","Strike_R","Strike_R","Defend_R","Defend_R","Defend_R","Defend_R","Bash","Sword Boomerang","Cleave","Dark Embrace+1","Flame Barrier+1","Twin Strike"],"relics":["Burning Blood"],"acts_visited":["Exordium"],"potions_floor_usage":[8,8],"damage_taken":[{"damage":22,"enemies":"Jaw Worm","floor":1,"turns":6},{"damage":10,"enemies":"Small Slimes","floor":2,"turns":3},{"damage":9,"enemies":"2 Louse","floor":3,"turns":3},{"damage":18,"enemies":"2 Fungi Beasts","floor":4,"turns":4},{"damage":6,"enemies":"Looter","floor":6,"turns":3},{"damage":40,"enemies":"3 Sentries","floor":8,"turns":5}],"seed_played":"8784557355948695845","potions_obtained":[{"floor":2,"key":"AttackPotion"},{"floor":4,"key":"GamblersBrew"}],"is_trial":false,"path_per_floor":["M","M","M","M","?","M","R","E"],"character_chosen":"IRONCLAD","items_purchased":[],"campfire_rested":0,"item_purchase_floors":[],"current_hp_per_floor":[59,55,52,40,40,40,40,0,0],"gold":175,"neow_bonus":"TEN_PERCENT_HP_BONUS","is_daily":false,"chose_seed":false,"campfire_upgraded":1,"win_rate":0.0,"timestamp":1612039073,"path_taken":["M","M","M","M","?","M","R","E"],"items_purchased_type":[],"build_version":"2020-12-18","purchased_purges":0,"victory":false,"max_hp_per_floor":[82,82,82,82,82,82,82,82,82],"relic_stats":{"counters":[6,24],"obtain_stats":[{"Burning Blood":0},{"Burning Blood":0},{"Burning Blood":0}],"Burning Blood":30},"card_choices":[{"not_picked":["Warcry","Headbutt"],"picked":"Sword Boomerang","floor":1},{"not_picked":["Heavy Blade","Power Through"],"picked":"Cleave","floor":2},{"not_picked":["Thunderclap","Body Slam"],"picked":"Dark Embrace","floor":3},{"not_picked":["Dark Embrace","Sever Soul"],"picked":"Flame Barrier","floor":4},{"not_picked":["Clash","Intimidate"],"picked":"Twin Strike","floor":6}],"player_experience":3361627,"relics_obtained":[],"event_choices":[{"damage_healed":0,"gold_gain":0,"player_choice":"Grow","damage_taken":0,"max_hp_gain":0,"max_hp_loss":0,"event_name":"Living Wall","floor":5,"gold_loss":0,"cards_upgraded":["Flame Barrier"]}],"is_beta":true,"boss_relics":[],"items_purged_floors":[],"is_endless":false,"potions_floor_spawned":[2,4],"killed_by":"3 Sentries","ascension_level":19}}