{"host":"5kirneupyg4uzd3w","time":1612018662,"event":{"mods":["BaseMod","Colored Map","Custom Start","Minty Spire (QoL Compilation)","StSLib","SuperFastMode"],"gold_per_floor":[119,119,119,133,149,149,169,185,185,185,197,197,85,420,420,497,497,507,432,432,447,250,277,289,289,289,289,302,302,333,350,350,426,426,438,128,128,128,145,174,187,187,239,239,250,250,264,278,278,278,278],"floor_reached":52,"language":"KOR","playtime":3973,"items_purged":["Strike_R","Strike_R","Defend_R"],"score":2048,"play_id":"bc7a9c4d-9970-46b7-a771-2ef8dfc687d8","local_time":"20210130235742","is_ascension_mode":true,"campfire_choices":[{"data":"Pommel Strike","floor":6.0,"key":"SMITH"},{"data":"Body Slam","floor":10.0,"key":"SMITH"},{"data":"Shrug It Off","floor":12.0,"key":"SMITH"},{"floor":15.0,"key":"REST"},{"data":"Barricade","floor":27.0,"key":"SMITH"},{"floor":29.0,"key":"REST"},{"floor":32.0,"key":"REST"},{"data":"Evolve","floor":46,"key":"SMITH"},{"floor":49,"key":"REST"}],"circlet_count":0,"master_deck":["AscendersBane","Defend_R","Defend_R","Headbutt","Ghostly Armor","Pommel Strike+1","Shrug It Off+1","Body Slam+1","True Grit+1","Flame Barrier+1","Second Wind+1","Barricade+1","Shrug It Off+1","Forethought+1","Shrug It Off+1","Warcry+1","Evolve+1","Dark Shackles+1","Secret Technique+1","Dark Shackles+1"],"relics":["Burning Blood","Toxic Egg 2","Old Coin","Sozu","The Courier","Smiling Mask","Art of War","Bottled Tornado","Empty Cage","FossilizedHelix","Juzu Bracelet","Strawberry"],"acts_visited":["Exordium","TheCity","TheBeyond"],"potions_floor_usage":[],"damage_taken":[{"damage":9.0,"enemies":"Jaw Worm","floor":1.0,"turns":5.0},{"damage":7.0,"enemies":"2 Louse","floor":4.0,"turns":3.0},{"damage":2.0,"enemies":"Cultist","floor":5.0,"turns":4.0},{"damage":2.0,"enemies":"Looter","floor":7.0,"turns":4.0},{"damage":17.0,"enemies":"3 Louse","floor":8.0,"turns":4.0},{"damage":8.0,"enemies":"Blue Slaver","floor":11.0,"turns":2.0},{"damage":45.0,"enemies":"Gremlin Nob","floor":14.0,"turns":5.0},{"damage":18.0,"enemies":"Slime Boss","floor":16.0,"turns":12.0},{"damage":8.0,"enemies":"Spheric Guardian","floor":18.0,"turns":8.0},{"damage":0.0,"enemies":"3 Byrds","floor":21.0,"turns":1.0},{"damage":40.0,"enemies":"Gremlin Leader","floor":23.0,"turns":6.0},{"damage":25.0,"enemies":"Cultist and Chosen","floor":24.0,"turns":8.0},{"damage":0.0,"enemies":"Snake Plant","floor":28.0,"turns":4.0},{"damage":3.0,"enemies":"Book of Stabbing","floor":30.0,"turns":5.0},{"damage":12.0,"enemies":"Centurion and Healer","floor":31.0,"turns":7.0},{"damage":0.0,"enemies":"Automaton","floor":33.0,"turns":7.0},{"damage":0.0,"enemies":"3 Shapes","floor":35.0,"turns":5.0},{"damage":13.0,"enemies":"3 Darklings","floor":39.0,"turns":6.0},{"damage":0.0,"enemies":"Reptomancer","floor":40.0,"turns":6.0},{"damage":49.0,"enemies":"Transient","floor":41.0,"turns":6.0},{"damage":30,"enemies":"4 Shapes","floor":45,"turns":6},{"damage":0,"enemies":"Spire Growth","floor":47,"turns":6},{"damage":0,"enemies":"Transient","floor":48,"turns":6},{"damage":8,"enemies":"Donu and Deca","floor":50,"turns":9},{"damage":0,"enemies":"Awakened One","floor":51,"turns":15}],"seed_played":"4033583808239144489","potions_obtained":[{"floor":3.0,"key":"ColorlessPotion"},{"floor":3.0,"key":"Explosive Potion"},{"floor":16.0,"key":"ColorlessPotion"}],"is_trial":false,"path_per_floor":["M","?","?","M","M","R","M","M","T","R","M","R","$","E","R","B",null,"M","?","?","M","$","E","M","T","T","R","M","R","E","M","R","B",null,"M","$","?","?","M","E","M","?","T","?","M","R","M","M","R","B","B",null],"character_chosen":"IRONCLAD","items_purchased":["Flame Barrier+1","Forethought+1","FossilizedHelix"],"campfire_rested":4,"item_purchase_floors":[13,22,36],"current_hp_per_floor":[72,72,72,71,75,75,79,68,68,68,66,66,66,27,51,39,71,69,69,69,75,75,41,22,22,22,22,28,52,55,49,73,79,81,82,82,78,68,61,67,24,24,31,70,46,46,52,58,70,68,70],"gold":278,"neow_bonus":"TEN_PERCENT_HP_BONUS","is_daily":false,"chose_seed":false,"campfire_upgraded":5,"win_rate":0.0,"timestamp":1612018662,"path_taken":["M","?","?","M","M","R","M","M","T","R","?","R","$","E","R","BOSS","M","?","?","M","$","E","M","?","T","R","M","R","E","M","R","BOSS","M","$","?","?","M","E","M","?","T","?","M","R","M","M","R","BOSS","BOSS"],"items_purchased_type":["Card","Card","Relic"],"build_version":"2020-12-22","purchased_purges":3,"victory":true,"max_hp_per_floor":[82,82,82,82,82,82,82,82,82,82,82,82,82,82,82,82,82,82,82,82,82,82,82,82,82,82,82,82,82,82,82,82,82,82,82,82,78,78,78,78,78,78,85,70,70,70,70,70,70,70,70],"card_choices":[{"not_picked":["Cleave","Perfected Strike"],"picked":"Headbutt","floor":1.0},{"not_picked":["Clash","Hemokinesis","Sever Soul"],"picked":"SKIP","floor":4.0},{"not_picked":["Headbutt","Thunderclap"],"picked":"Pommel Strike","floor":5.0},{"not_picked":["Twin Strike","Armaments"],"picked":"Shrug It Off","floor":7.0},{"not_picked":["Carnage","Blood for Blood"],"picked":"Body Slam","floor":8.0},{"not_picked":["Twin Strike","Inflame"],"picked":"True Grit+1","floor":11.0},{"not_picked":["Heavy Blade","Bloodletting+1"],"picked":"Second Wind+1","floor":14.0},{"not_picked":["Double Tap+1","Brutality"],"picked":"Barricade","floor":16.0},{"not_picked":["Reckless Charge","Headbutt+1"],"picked":"Shrug It Off+1","floor":18.0},{"not_picked":["Body Slam+1","Shockwave+1","Ghostly Armor+1"],"picked":"SKIP","floor":21.0},{"not_picked":["Pommel Strike","Rupture"],"picked":"Shrug It Off+1","floor":23.0},{"not_picked":["Pommel Strike","Bloodletting+1","Hemokinesis"],"picked":"SKIP","floor":24.0},{"not_picked":["Heavy Blade","Demon Form","Iron Wave"],"picked":"SKIP","floor":28.0},{"not_picked":["Heavy Blade+1","True Grit+1","Clash"],"picked":"SKIP","floor":30.0},{"not_picked":["Pommel Strike+1","Sword Boomerang"],"picked":"Warcry+1","floor":31.0},{"not_picked":["Carnage","Seeing Red+1"],"picked":"Evolve","floor":35.0},{"not_picked":["Good Instincts+1","Forethought+1"],"picked":"Dark Shackles+1","floor":38.0},{"not_picked":["Metamorphosis+1","Magnetism"],"picked":"Secret Technique+1","floor":38.0},{"not_picked":["Swift Strike","Magnetism"],"picked":"Dark Shackles+1","floor":38.0},{"not_picked":["Inflame","Cleave","Iron Wave"],"picked":"SKIP","floor":39.0},{"not_picked":["True Grit+1","Anger","Sever Soul+1"],"picked":"SKIP","floor":40.0},{"not_picked":["Sentinel+1","Ghostly Armor+1","Rampage+1"],"picked":"SKIP","floor":41.0},{"not_picked":["Clothesline","Dual Wield+1","Combust+1"],"picked":"SKIP","floor":45},{"not_picked":["Sentinel+1","Bloodletting+1","Carnage+1"],"picked":"SKIP","floor":47},{"not_picked":["Second Wind+1","Flex+1","Headbutt"],"picked":"SKIP","floor":48}],"player_experience":281020,"relics_obtained":[{"floor":9.0,"key":"Toxic Egg 2"},{"floor":14.0,"key":"Old Coin"},{"floor":23.0,"key":"The Courier"},{"floor":25.0,"key":"Smiling Mask"},{"floor":26.0,"key":"Art of War"},{"floor":30.0,"key":"Bottled Tornado"},{"floor":40.0,"key":"Juzu Bracelet"},{"floor":43.0,"key":"Strawberry"}],"event_choices":[{"damage_healed":0.0,"max_hp_gain":0.0,"max_hp_loss":0.0,"gold_gain":0.0,"cards_transformed":["Strike_R"],"event_name":"Living Wall","player_choice":"Change","floor":2.0,"gold_loss":0.0,"damage_taken":0.0,"cards_obtained":["Ghostly Armor"]},{"damage_healed":0.0,"max_hp_gain":0.0,"max_hp_loss":0.0,"gold_gain":0.0,"event_name":"Lab","player_choice":"Got Potions","floor":3.0,"gold_loss":0.0,"damage_taken":0.0},{"cards_removed":["Strike_R"],"damage_healed":0.0,"max_hp_gain":0.0,"max_hp_loss":0.0,"gold_gain":0.0,"event_name":"Beggar","player_choice":"Gave Gold","floor":19.0,"gold_loss":75.0,"damage_taken":0.0},{"cards_removed":["Strike_R"],"damage_healed":0.0,"max_hp_gain":0.0,"max_hp_loss":0.0,"gold_gain":0.0,"event_name":"Back to Basics","player_choice":"Elegance","floor":20.0,"gold_loss":0.0,"damage_taken":0.0},{"damage_healed":0.0,"max_hp_gain":0.0,"max_hp_loss":4.0,"gold_gain":0.0,"event_name":"Winding Halls","player_choice":"Max HP","floor":37.0,"gold_loss":0.0,"damage_taken":0.0},{"damage_healed":0.0,"max_hp_gain":0.0,"max_hp_loss":0.0,"gold_gain":0.0,"event_name":"SensoryStone","player_choice":"Memory 3","floor":38.0,"gold_loss":0.0,"damage_taken":10.0},{"damage_healed":0.0,"max_hp_gain":0.0,"max_hp_loss":0.0,"gold_gain":0.0,"event_name":"Mysterious Sphere","player_choice":"Ignored","floor":42.0,"gold_loss":0.0,"damage_taken":0.0},{"damage_healed":70.0,"max_hp_gain":0.0,"max_hp_loss":15.0,"gold_gain":0.0,"event_name":"The Moai Head","player_choice":"Heal","floor":44.0,"gold_loss":0.0,"damage_taken":0.0}],"is_beta":false,"boss_relics":[{"not_picked":["Calling Bell","Mark of Pain"],"picked":"Sozu"},{"not_picked":["Philosopher\u0027s Stone","Tiny House"],"picked":"Empty Cage"}],"items_purged_floors":[13,22,36],"is_endless":false,"potions_floor_spawned":[4,5,8,16,21,28,30,31,41,45],"ascension_level":20}}