{"host":"gquo1rsrdiuo0hhv","time":1612042944,"event":{"mods":["Act Like it!","BaseMod","Colored Powertips","Minty Spire (QoL Compilation)","Quick Restart","StSLib"],"gold_per_floor":[117,127,127,142,67,67,93,93,116,133,165,184,200,200,200,300,300,320,338,202,202,202,202,231,231,257,257,61,96,96,108,108,209,209,220,220,235,255,216,246,246,262,288,288,338,338,392,403,403,403,403,403,16,41,41],"floor_reached":56,"language":"ENG","playtime":2842,"items_purged":["Pain","Regret","Strike_R"],"score":1268,"play_id":"8a8192a9-7216-4673-8209-40f90443ff25","local_time":"20210131044224","is_ascension_mode":true,"campfire_choices":[{"data":"Armaments","floor":6.0,"key":"SMITH"},{"data":"Whirlwind","floor":8.0,"key":"SMITH"},{"floor":15.0,"key":"RECALL"},{"data":"Feed","floor":23.0,"key":"SMITH"},{"floor":27.0,"key":"REST"},{"floor":32.0,"key":"REST"},{"floor":41,"key":"REST"},{"data":"Corruption","floor":46,"key":"SMITH"},{"floor":49,"key":"REST"},{"data":"Feel No Pain","floor":52,"key":"SMITH"}],"circlet_count":0,"master_deck":["Strike_R","Strike_R","Strike_R","Defend_R","Defend_R","Defend_R","Defend_R","Bash","Brutality","Whirlwind+1","Warcry","Armaments+1","Flex","Body Slam","Feed+1","True Grit","Searing Blow","Bloodletting","J.A.X.","True Grit","Fiend Fire","Ghostly","Ghostly","Ghostly","Ghostly","Ghostly","Rupture+1","Corruption+1","Rage","Flame Barrier+1","Sentinel","Spot Weakness+1","Flex","Feel No Pain+1","Juggernaut","Shrug It Off","Metallicize+1"],"relics":["Burning Blood","WarpedTongs","Potion Belt","PreservedInsect","Blue Candle","Juzu Bracelet","Runic Pyramid","Ornamental Fan","Gambling Chip","Vajra","Pen Nib","Black Star","Bird Faced Urn","Strawberry","Toy Ornithopter","CaptainsWheel","Unceasing Top","TheAbacus","Lizard Tail","Letter Opener"],"acts_visited":["Exordium","TheCity","TheBeyond","TheEnding"],"potions_floor_usage":[40,42,47,55],"damage_taken":[{"damage":1.0,"enemies":"Jaw Worm","floor":1.0,"turns":5.0},{"damage":6.0,"enemies":"Cultist","floor":2.0,"turns":3.0},{"damage":7.0,"enemies":"2 Louse","floor":4.0,"turns":2.0},{"damage":34.0,"enemies":"Gremlin Nob","floor":7.0,"turns":5.0},{"damage":0.0,"enemies":"Large Slime","floor":10.0,"turns":4.0},{"damage":4.0,"enemies":"3 Sentries","floor":11.0,"turns":2.0},{"damage":1.0,"enemies":"Exordium Wildlife","floor":12.0,"turns":2.0},{"damage":0.0,"enemies":"Lots of Slimes","floor":13.0,"turns":1.0},{"damage":26.0,"enemies":"The Guardian","floor":16.0,"turns":11.0},{"damage":11.0,"enemies":"Chosen","floor":18.0,"turns":5.0},{"damage":31.0,"enemies":"Spheric Guardian","floor":19.0,"turns":6.0},{"damage":57.0,"enemies":"Slavers","floor":24.0,"turns":5.0},{"damage":39.0,"enemies":"Book of Stabbing","floor":29.0,"turns":5.0},{"damage":6.0,"enemies":"Centurion and Healer","floor":31.0,"turns":5.0},{"damage":16.0,"enemies":"Champ","floor":33.0,"turns":8.0},{"damage":3.0,"enemies":"Orb Walker","floor":35.0,"turns":4.0},{"damage":6.0,"enemies":"3 Shapes","floor":37.0,"turns":3.0},{"damage":31.0,"enemies":"Sphere and 2 Shapes","floor":38.0,"turns":6.0},{"damage":20,"enemies":"Reptomancer","floor":40,"turns":6},{"damage":6,"enemies":"Spire Growth","floor":42,"turns":7},{"damage":7,"enemies":"Mind Bloom Boss Battle","floor":45,"turns":7},{"damage":27,"enemies":"2 Orb Walkers","floor":47,"turns":6},{"damage":18,"enemies":"Jaw Worm Horde","floor":48,"turns":3},{"damage":50,"enemies":"Awakened One","floor":50,"turns":8},{"damage":9,"enemies":"Shield and Spear","floor":54,"turns":7},{"damage":65,"enemies":"The Heart","floor":55,"turns":11}],"seed_played":"-9147018522617184800","potions_obtained":[{"floor":1.0,"key":"EssenceOfSteel"},{"floor":2.0,"key":"Strength Potion"},{"floor":4.0,"key":"Regen Potion"},{"floor":12.0,"key":"Dexterity Potion"},{"floor":24.0,"key":"ElixirPotion"},{"floor":33.0,"key":"PowerPotion"},{"floor":38.0,"key":"Dexterity Potion"},{"floor":42,"key":"Explosive Potion"}],"is_trial":false,"path_per_floor":["M","M","?","M","$","R","E","R","T","M","E","M","M","?","R","B",null,"M","M","$","?","T","R","E","?","T","R","$","E","?","M","R","B",null,"M","?","M","M","$","E","R","M","T","?","?","R","?","M","R","B",null,"R","$","E","B",null],"character_chosen":"IRONCLAD","items_purchased":["Bloodletting","Fiend Fire","Sentinel","TheAbacus","Juggernaut","Shrug It Off","Energy Potion"],"campfire_rested":4,"item_purchase_floors":[20,28,39,53,53,53,53],"current_hp_per_floor":[80,80,80,79,79,79,51,51,51,57,59,64,70,70,70,50,80,79,58,58,58,58,58,25,25,25,52,52,19,19,23,38,28,50,54,54,54,29,29,22,40,46,46,46,51,51,41,31,49,17,65,65,65,65,21],"gold":41,"neow_bonus":"ONE_RANDOM_RARE_CARD","is_daily":false,"chose_seed":false,"campfire_upgraded":5,"win_rate":0.0,"timestamp":1612042944,"path_taken":["M","M","?","M","?","R","E","R","T","M","E","M","M","?","R","BOSS","M","M","$","?","?","R","E","?","T","R","?","E","?","M","R","BOSS","M","?","M","M","$","E","R","M","T","?","?","R","?","M","R","BOSS","R","$","E","BOSS"],"items_purchased_type":["Card","Card","Card","Relic","Card","Card","Potion"],"build_version":"2020-12-22","purchased_purges":3,"victory":true,"max_hp_per_floor":[80,80,80,80,80,80,80,80,80,80,80,80,80,80,80,80,80,84,88,88,88,88,88,92,92,92,92,92,92,46,50,50,50,50,54,54,54,54,54,61,61,61,61,61,61,61,61,61,61,65,65,65,65,65,65],"card_choices":[{"not_picked":["Shockwave","True Grit"],"picked":"Whirlwind","floor":1.0},{"not_picked":["Pommel Strike","Anger"],"picked":"Warcry","floor":2.0},{"not_picked":["Combust","Infernal Blade"],"picked":"Armaments","floor":4.0},{"not_picked":["Sword Boomerang","Armaments"],"picked":"Flex","floor":7.0},{"not_picked":["Searing Blow","Clash"],"picked":"Body Slam","floor":10.0},{"not_picked":["Reckless Charge","Havoc","Perfected Strike"],"picked":"SKIP","floor":11.0},{"not_picked":["Second Wind","Carnage","Reckless Charge"],"picked":"SKIP","floor":12.0},{"not_picked":["Clash","Twin Strike","Carnage"],"picked":"SKIP","floor":13.0},{"not_picked":["Corruption","Reaper"],"picked":"Feed","floor":16.0},{"not_picked":["Shrug It Off","Infernal Blade"],"picked":"True Grit","floor":18.0},{"not_picked":["Flex","Pommel Strike"],"picked":"Searing Blow","floor":19.0},{"not_picked":["Armaments+1","Shrug It Off"],"picked":"True Grit","floor":24.0},{"not_picked":["Cleave","Havoc+1","Clash"],"picked":"SKIP","floor":29.0},{"not_picked":["Hemokinesis","Dropkick"],"picked":"Rupture+1","floor":31.0},{"not_picked":["Juggernaut","Offering"],"picked":"Corruption","floor":33.0},{"not_picked":["Entrench+1","Clash+1"],"picked":"Rage","floor":35.0},{"not_picked":["Twin Strike+1","Havoc","Flex+1"],"picked":"SKIP","floor":37.0},{"not_picked":["Iron Wave","Twin Strike"],"picked":"Flame Barrier+1","floor":38.0},{"not_picked":["Warcry","Shrug It Off","Clash"],"picked":"SKIP","floor":40},{"not_picked":["Seeing Red","Cleave"],"picked":"Spot Weakness+1","floor":42},{"not_picked":["Anger+1","Twin Strike+1"],"picked":"Flex","floor":47},{"not_picked":["Entrench","Warcry"],"picked":"Feel No Pain","floor":48},{"not_picked":["Carnage","Infernal Blade+1"],"picked":"Metallicize+1","floor":54}],"player_experience":417233,"relics_obtained":[{"floor":7.0,"key":"Potion Belt"},{"floor":9.0,"key":"PreservedInsect"},{"floor":11.0,"key":"Blue Candle"},{"floor":24.0,"key":"Ornamental Fan"},{"floor":26.0,"key":"Vajra"},{"floor":29.0,"key":"Pen Nib"},{"floor":40,"key":"Bird Faced Urn"},{"floor":40,"key":"Strawberry"},{"floor":43,"key":"Toy Ornithopter"},{"floor":45,"key":"CaptainsWheel"},{"floor":47,"key":"Unceasing Top"},{"floor":54,"key":"Lizard Tail"},{"floor":54,"key":"Letter Opener"}],"event_choices":[{"damage_healed":0.0,"max_hp_gain":0.0,"max_hp_loss":0.0,"gold_gain":0.0,"event_name":"Accursed Blacksmith","player_choice":"Rummage","floor":3.0,"gold_loss":0.0,"damage_taken":0.0,"relics_obtained":["WarpedTongs"],"cards_obtained":["Pain"]},{"damage_healed":0.0,"max_hp_gain":0.0,"max_hp_loss":0.0,"gold_gain":0.0,"event_name":"Big Fish","player_choice":"Box","floor":14.0,"gold_loss":0.0,"damage_taken":0.0,"relics_obtained":["Juzu Bracelet"],"cards_obtained":["Regret"]},{"damage_healed":0.0,"max_hp_gain":0.0,"max_hp_loss":0.0,"gold_gain":0.0,"event_name":"Drug Dealer","player_choice":"Obtain J.A.X.","floor":21.0,"gold_loss":0.0,"damage_taken":0.0,"cards_obtained":["J.A.X."]},{"damage_healed":0.0,"max_hp_gain":0.0,"max_hp_loss":0.0,"gold_gain":0.0,"event_name":"WeMeetAgain","player_choice":"Gave Potion","floor":25.0,"gold_loss":0.0,"damage_taken":0.0,"relics_obtained":["Gambling Chip"]},{"damage_healed":0.0,"max_hp_gain":0.0,"max_hp_loss":46.0,"gold_gain":0.0,"event_name":"Ghosts","player_choice":"Became a Ghost","floor":30.0,"gold_loss":0.0,"damage_taken":0.0,"cards_obtained":["Ghostly","Ghostly","Ghostly","Ghostly","Ghostly"]},{"cards_removed":["Strike_R"],"damage_healed":0.0,"max_hp_gain":0.0,"max_hp_loss":0.0,"gold_gain":0.0,"event_name":"Falling","player_choice":"Removed Attack","floor":36.0,"gold_loss":0.0,"damage_taken":0.0},{"damage_healed":0,"gold_gain":0,"player_choice":"Ignored","damage_taken":0,"max_hp_gain":0,"max_hp_loss":0,"event_name":"Tomb of Lord Red Mask","floor":44,"gold_loss":0},{"damage_healed":0,"gold_gain":0,"player_choice":"Fight","damage_taken":0,"max_hp_gain":0,"max_hp_loss":0,"event_name":"MindBloom","floor":45,"gold_loss":0},{"damage_healed":0,"gold_gain":0,"player_choice":"Fight","damage_taken":0,"max_hp_gain":0,"max_hp_loss":0,"event_name":"Mysterious Sphere","floor":47,"gold_loss":0}],"is_beta":false,"boss_relics":[{"not_picked":["Coffee Dripper","Snecko Eye"],"picked":"Runic Pyramid"},{"not_picked":["Fusion Hammer","Empty Cage"],"picked":"Black Star"}],"items_purged_floors":[5,20,28],"is_endless":false,"potions_floor_spawned":[1,2,4,12,24,33,38,42],"ascension_level":1}}