{"host":"i2s4iw62z1dejrqn","time":1612040197,"event":{"mods":["AchievementEnabler","BaseMod","Minty Spire (QoL Compilation)","Random Character Button","SuperFastMode"],"gold_per_floor":[118,137,312,108,108,141,141,172,172,206,227,227,252,265,265,384,384,400,44,58,58,73,73,104,104,104,145,145,181,197,210,210,336,336,351,28,47,47,116,116,147,147,171,214,235,255,278,278,278,278,278,278,34,68,68],"floor_reached":56,"language":"KOR","playtime":4849,"items_purged":["Doubt","Steam Power"],"score":1844,"play_id":"efa2b9f6-78bf-41e7-9cdb-0502fcf0ff01","local_time":"20210131055637","is_ascension_mode":true,"campfire_choices":[{"data":"Fission","floor":12,"key":"SMITH"},{"data":"Sunder","floor":15,"key":"SMITH"},{"data":"Dualcast","floor":23,"key":"SMITH"},{"data":"Blind","floor":25,"key":"SMITH"},{"data":"Echo Form","floor":28,"key":"SMITH"},{"data":"Consume","floor":32,"key":"SMITH"},{"data":"Secret Technique","floor":40,"key":"SMITH"},{"data":"Multi-Cast","floor":42,"key":"SMITH"},{"floor":49,"key":"RECALL"},{"data":"Capacitor","floor":52,"key":"SMITH"}],"circlet_count":0,"master_deck":["Dualcast+1","Glacier","Blind+1","Sunder+1","Multi-Cast+1","Fission+1","Capacitor+1","Coolheaded","Echo Form+1","BootSequence","Chill","Glacier","Streamline","Lockon","Coolheaded+1","Defragment+1","Necronomicurse","White Noise","White Noise+1","Capacitor+1","Consume+1","Creative AI","Blizzard+1","Ball Lightning+1","FTL+1","Secret Technique+1","Coolheaded+1","Core Surge","Skim+1","Madness","Madness","Trip"],"relics":["Cracked Core","NeowsBlessing","Golden Idol","HornCleat","Eternal Feather","Question Card","Singing Bowl","Pandora\u0027s Box","Meat on the Bone","Necronomicon","Ginger","Bottled Lightning","MealTicket","Anchor","Astrolabe","Potion Belt","Ice Cream","Darkstone Periapt","Mango","Medical Kit","White Beast Statue"],"acts_visited":["Exordium","TheCity","TheBeyond","TheEnding"],"potions_floor_usage":[8,8,16,16,16,24,54,55,55,55,55,55],"damage_taken":[{"damage":0,"enemies":"Cultist","floor":1,"turns":1},{"damage":0,"enemies":"2 Louse","floor":2,"turns":1},{"damage":0,"enemies":"Gremlin Nob","floor":6,"turns":1},{"damage":12,"enemies":"3 Sentries","floor":8,"turns":10},{"damage":16,"enemies":"Gremlin Nob","floor":10,"turns":5},{"damage":1,"enemies":"Small Slimes","floor":11,"turns":3},{"damage":6,"enemies":"Looter","floor":13,"turns":2},{"damage":0,"enemies":"Blue Slaver","floor":14,"turns":4},{"damage":25,"enemies":"Hexaghost","floor":16,"turns":17},{"damage":21,"enemies":"Chosen","floor":18,"turns":5},{"damage":6,"enemies":"3 Byrds","floor":20,"turns":6},{"damage":0,"enemies":"Shelled Parasite and Fungi","floor":22,"turns":5},{"damage":0,"enemies":"Book of Stabbing","floor":24,"turns":5},{"damage":9,"enemies":"Slavers","floor":27,"turns":7},{"damage":0,"enemies":"Book of Stabbing","floor":29,"turns":9},{"damage":0,"enemies":"Snake Plant","floor":30,"turns":3},{"damage":0,"enemies":"Snecko","floor":31,"turns":3},{"damage":0,"enemies":"Champ","floor":33,"turns":11},{"damage":0,"enemies":"Orb Walker","floor":35,"turns":3},{"damage":0,"enemies":"3 Darklings","floor":37,"turns":10},{"damage":26,"enemies":"2 Orb Walkers","floor":39,"turns":8},{"damage":1,"enemies":"Giant Head","floor":41,"turns":9},{"damage":17,"enemies":"Reptomancer","floor":44,"turns":10},{"damage":16,"enemies":"Writhing Mass","floor":45,"turns":6},{"damage":16,"enemies":"Spire Growth","floor":46,"turns":6},{"damage":0,"enemies":"Sphere and 2 Shapes","floor":47,"turns":8},{"damage":26,"enemies":"Awakened One","floor":50,"turns":19},{"damage":59,"enemies":"Shield and Spear","floor":54,"turns":9},{"damage":48,"enemies":"The Heart","floor":55,"turns":12}],"seed_played":"6610869037451329095","potions_obtained":[{"floor":1,"key":"EssenceOfSteel"},{"floor":6,"key":"FearPotion"},{"floor":10,"key":"EntropicBrew"},{"floor":20,"key":"Block Potion"},{"floor":24,"key":"DuplicationPotion"},{"floor":27,"key":"Dexterity Potion"},{"floor":31,"key":"Weak Potion"},{"floor":37,"key":"PotionOfCapacity"},{"floor":39,"key":"FocusPotion"},{"floor":41,"key":"FocusPotion"},{"floor":54,"key":"SkillPotion"}],"is_trial":false,"path_per_floor":["M","M","?","$","?","E","?","E","T","E","M","R","M","M","R","B",null,"M","$","M","?","M","R","E","R","T","E","R","E","M","M","R","B",null,"M","$","M","$","?","R","E","R","T","E","M","M","M","?","R","B",null,"R","$","E","B",null],"character_chosen":"DEFECT","items_purchased":["Blind","Sunder","Meat on the Bone","Potion Belt","Secret Technique","Medical Kit","Trip"],"campfire_rested":0,"item_purchase_floors":[4,4,19,36,36,53,53],"current_hp_per_floor":[68,68,68,68,50,50,50,38,38,22,21,30,24,26,35,10,60,39,39,45,29,43,55,55,67,67,58,70,70,72,72,81,81,81,83,83,85,85,59,74,75,87,87,86,70,54,56,43,61,47,91,105,105,60,24],"gold":68,"neow_bonus":"THREE_ENEMY_KILL","is_daily":false,"chose_seed":false,"campfire_upgraded":9,"win_rate":0.0,"timestamp":1612040197,"path_taken":["M","?","?","$","?","E","?","E","T","E","M","R","M","M","R","BOSS","M","$","M","?","M","R","E","R","T","E","R","E","M","M","R","BOSS","M","$","M","$","?","R","E","R","T","E","M","M","M","?","R","BOSS","R","$","E","BOSS"],"items_purchased_type":["Card","Card","Relic","Relic","Card","Relic","Card"],"build_version":"2020-12-22","purchased_purges":2,"victory":true,"max_hp_per_floor":[75,75,75,75,75,75,75,75,75,75,75,75,75,77,77,77,77,77,77,77,77,79,79,79,79,79,79,79,79,81,81,81,81,81,83,83,85,85,85,85,87,87,87,103,103,103,105,105,105,105,105,105,105,107,107],"card_choices":[{"not_picked":["Tempest","Beam Cell"],"picked":"Glacier","floor":1},{"not_picked":["Undo","Leap","Gash"],"picked":"SKIP","floor":2},{"not_picked":["Sweeping Beam","Force Field","Gash"],"picked":"SKIP","floor":6},{"not_picked":["Undo","Stack"],"picked":"Multi-Cast","floor":8},{"not_picked":["Auto Shields","Streamline","Doom and Gloom"],"picked":"Fission","floor":10},{"not_picked":["Go for the Eyes","Barrage","Compile Driver"],"picked":"Capacitor","floor":11},{"not_picked":["Turbo","Beam Cell","Steam"],"picked":"Coolheaded","floor":13},{"not_picked":["Chaos","Glacier","Barrage","Go for the Eyes"],"picked":"Singing Bowl","floor":14},{"not_picked":["Hyperbeam","Buffer","Thunder Strike"],"picked":"Echo Form","floor":16},{"not_picked":["Turbo+1","Barrage","Beam Cell"],"picked":"Coolheaded+1","floor":18},{"not_picked":["Compile Driver","Stack+1","Streamline"],"picked":"Defragment+1","floor":20},{"not_picked":["Turbo","Stack","Coolheaded","Leap"],"picked":"Singing Bowl","floor":22},{"not_picked":["Barrage","Blizzard","Beam Cell"],"picked":"White Noise","floor":24},{"not_picked":["Steam Power+1","Coolheaded+1","Barrage"],"picked":"White Noise+1","floor":27},{"not_picked":["Beam Cell","Fusion","Glacier"],"picked":"Capacitor+1","floor":29},{"not_picked":["Stack","Steam","Coolheaded","Amplify"],"picked":"Singing Bowl","floor":30},{"not_picked":["Genetic Algorithm","Conserve Battery","Auto Shields"],"picked":"Consume","floor":31},{"not_picked":["Multi-Cast","Meteor Strike","Machine Learning"],"picked":"Creative AI","floor":33},{"not_picked":["Coolheaded","Tempest+1","Compile Driver","Stack+1"],"picked":"Singing Bowl","floor":35},{"not_picked":["Stack+1","Glacier","Steam","Turbo+1"],"picked":"Singing Bowl","floor":37},{"not_picked":["Hologram","Barrage+1","Aggregate"],"picked":"Coolheaded+1","floor":39},{"not_picked":["BootSequence+1","Ball Lightning+1","Compile Driver","Redo"],"picked":"Singing Bowl","floor":41},{"not_picked":["Go for the Eyes+1","Ball Lightning","Hello World","Undo+1"],"picked":"Singing Bowl","floor":44},{"not_picked":["Cold Snap+1","Steam Power+1","Darkness"],"picked":"Core Surge","floor":45},{"not_picked":["Rip and Tear+1","Blizzard+1","Sweeping Beam"],"picked":"Skim+1","floor":46},{"not_picked":["Hello World+1","Hologram","Coolheaded","Force Field"],"picked":"Singing Bowl","floor":47},{"not_picked":["Conserve Battery+1","Leap","Biased Cognition","Steam"],"picked":"Singing Bowl","floor":54}],"player_experience":445547,"relics_obtained":[{"floor":6,"key":"HornCleat"},{"floor":8,"key":"Eternal Feather"},{"floor":9,"key":"Question Card"},{"floor":10,"key":"Singing Bowl"},{"floor":21,"key":"Necronomicon"},{"floor":24,"key":"Ginger"},{"floor":26,"key":"Bottled Lightning"},{"floor":27,"key":"MealTicket"},{"floor":29,"key":"Anchor"},{"floor":39,"key":"Ice Cream"},{"floor":41,"key":"Darkstone Periapt"},{"floor":44,"key":"Mango"},{"floor":54,"key":"White Beast Statue"}],"event_choices":[{"damage_healed":0,"gold_gain":175,"player_choice":"AGREE","damage_taken":0,"max_hp_gain":0,"max_hp_loss":0,"event_name":"Liars Game","floor":3,"gold_loss":0,"cards_obtained":["Doubt"]},{"damage_healed":0,"gold_gain":0,"player_choice":"Take Damage","damage_taken":18,"relics_obtained":["Golden Idol"],"max_hp_gain":0,"max_hp_loss":0,"event_name":"Golden Idol","floor":5,"gold_loss":0},{"damage_healed":0,"gold_gain":0,"cards_transformed":["Defend_B"],"player_choice":"Change","damage_taken":0,"max_hp_gain":0,"max_hp_loss":0,"event_name":"Living Wall","floor":7,"gold_loss":0,"cards_obtained":["Melter"]},{"damage_healed":0,"gold_gain":0,"player_choice":"Obtained Book","damage_taken":16,"max_hp_gain":0,"max_hp_loss":0,"event_name":"Cursed Tome","floor":21,"gold_loss":0},{"damage_healed":0,"gold_gain":0,"player_choice":"Fight","damage_taken":0,"max_hp_gain":0,"max_hp_loss":0,"event_name":"Mysterious Sphere","floor":39,"gold_loss":0},{"damage_healed":0,"gold_gain":0,"player_choice":"Embrace Madness","damage_taken":13,"max_hp_gain":0,"max_hp_loss":0,"event_name":"Winding Halls","floor":48,"gold_loss":0,"cards_obtained":["Madness","Madness"]}],"is_beta":false,"boss_relics":[{"not_picked":["Velvet Choker","FrozenCore"],"picked":"Pandora\u0027s Box"},{"not_picked":["Black Star","Cursed Key"],"picked":"Astrolabe"}],"items_purged_floors":[4,19],"is_endless":false,"potions_floor_spawned":[1,6,10,20,24,27,31,37,39,41,47,54],"ascension_level":8}}