{"host":"drjz7zl15rqtgg20","time":1612023596,"event":{"mods":["BaseMod","Colored Map","Downfall","Minty Spire (QoL Compilation)","StSLib"],"gold_per_floor":[99,110,110,125,189,205,205,5,35,35,20,32,60,79,98,199,199,199,199,199],"floor_reached":18,"language":"ENG","playtime":1037,"items_purged":[],"score":232,"play_id":"bd0f1c3b-0c39-4a90-b160-fe35f1a85b76","local_time":"20210130111956","is_ascension_mode":true,"campfire_choices":[{"floor":1,"key":"RECALL"},{"data":"hexamod:ShieldOfDarkness","floor":8,"key":"SMITH"}],"circlet_count":0,"master_deck":["hexamod:Strike","hexamod:Strike","hexamod:Strike","hexamod:Strike","hexamod:Defend","hexamod:Defend","hexamod:Defend","hexamod:Defend","hexamod:Sear","hexamod:Float","hexamod:SpectersWail","hexamod:ShieldOfDarkness+1","hexamod:SwordOfDarkness","hexamod:RadiantFlame","hexamod:AdvancingGuard","hexamod:FirstSeal","hexamod:GiftsFromTheDead","hexamod:ApocalypticArmor"],"relics":["hexamod:SpiritBrand","The Courier","downfall:HeartBlessingRed","downfall:HeartBlessingBlue","InkBottle","Ginger","Cursed Key"],"acts_visited":["Exordium","TheCity"],"potions_floor_usage":[],"damage_taken":[{"damage":0,"enemies":"Small Slimes","floor":2,"turns":3},{"damage":1,"enemies":"Jaw Worm","floor":4,"turns":4},{"damage":7,"enemies":"Lagavulin Event","floor":5,"turns":6},{"damage":0,"enemies":"Cultist","floor":6,"turns":3},{"damage":0,"enemies":"3 Sentries","floor":9,"turns":6},{"damage":0,"enemies":"downfall:FleeingMerchant","floor":11,"turns":4},{"damage":8,"enemies":"2 Fungi Beasts","floor":12,"turns":3},{"damage":14,"enemies":"Lagavulin","floor":13,"turns":6},{"damage":0,"enemies":"Gremlin Gang","floor":14,"turns":3},{"damage":0,"enemies":"Blue Slaver","floor":15,"turns":3},{"damage":66,"enemies":"WA_ARCHETYPE_RETAIN","floor":16,"turns":11}],"seed_played":"-3384216669686737018","potions_obtained":[{"floor":4,"key":"LiquidBronze"},{"floor":6,"key":"Weak Potion"},{"floor":9,"key":"SkillPotion"}],"is_trial":false,"path_per_floor":["R","M","?","M","?","M","T","R","E","?","$","M","E","M","M","B",null,"R"],"character_chosen":"THE_SPIRIT","items_purchased":[],"campfire_rested":0,"item_purchase_floors":[],"current_hp_per_floor":[77,77,77,76,69,69,69,79,79,72,79,78,71,78,85,19,87,87,87,87],"gold":199,"neow_bonus":"TEN_PERCENT_HP_BONUS","is_daily":false,"chose_seed":false,"campfire_upgraded":1,"win_rate":0.0,"timestamp":1612023596,"path_taken":["R","M","?","M","?","M","T","R","E","?","$","M","E","?","M","BOSS","R"],"items_purchased_type":[],"build_version":"2020-12-22","purchased_purges":0,"victory":false,"max_hp_per_floor":[77,77,77,77,77,77,77,87,87,87,87,87,87,87,87,87,87,87,87,87],"card_choices":[{"not_picked":["hexamod:FlamesFromBeyond","hexamod:GhostShield"],"picked":"hexamod:SpectersWail","floor":2},{"not_picked":["hexamod:SpectersWail","hexamod:SkipABeat"],"picked":"hexamod:ShieldOfDarkness","floor":4},{"not_picked":["hexamod:PhantomCloak","hexamod:ThermalTransfer"],"picked":"hexamod:SwordOfDarkness","floor":5},{"not_picked":["hexamod:SwordOfDarkness","hexamod:Hexaguard"],"picked":"hexamod:RadiantFlame","floor":6},{"not_picked":["hexamod:NightmareStrike","hexamod:NightmareGuise"],"picked":"hexamod:AdvancingGuard","floor":9},{"not_picked":["hexamod:PowerFromBeyond","hexamod:ChargedBarrage"],"picked":"hexamod:GiftsFromTheDead","floor":11},{"not_picked":["hexamod:FourthSeal","hexamod:HeatCrush","hexamod:ThirdSeal"],"picked":"SKIP","floor":12},{"not_picked":["hexamod:ShieldOfDarkness","hexamod:SpectralAdrenaline","hexamod:SpectralSpark"],"picked":"SKIP","floor":13},{"not_picked":["hexamod:RecurringNightmare","hexamod:RainOfEmbers","hexamod:PhantomCloak"],"picked":"SKIP","floor":14},{"not_picked":["hexamod:BacktrackSmack","hexamod:SwordOfDarkness","hexamod:HeatCrush"],"picked":"SKIP","floor":15},{"not_picked":["hexamod:UnleashSpirits","hexamod:FifthSeal"],"picked":"hexamod:ApocalypticArmor","floor":16}],"player_experience":638601,"relics_obtained":[{"floor":5,"key":"The Courier"},{"floor":9,"key":"InkBottle"},{"floor":13,"key":"Ginger"}],"event_choices":[],"is_beta":false,"boss_relics":[{"not_picked":["Empty Cage","Fusion Hammer"],"picked":"Cursed Key"}],"items_purged_floors":[],"is_endless":false,"potions_floor_spawned":[4,6,9,16],"ascension_level":1}}