{"host":"6p0attdrtjqaih7v","time":1612042716,"event":{"mods":["2.2 Compatiblity","AchievementEnabler","Bard","BaseMod","Better Skull","Better Third Choice","Colored Powertips","Downfall","Hermit","Highlight Path","Key Reminder","Minty Spire (QoL Compilation)","Permanent Neow","Quick Restart","Random Character Button","Relic Stats","Replay The Spire","Robot Space Explorer","StSLib","The Witch"],"gold_per_floor":[212,212,13,13,27,27,62,77,77,107,107,107,120,8,8,79,79,92,109,119,119,119],"floor_reached":21,"language":"ENG","playtime":732,"items_purged":[],"score":528,"play_id":"8b059a62-2a50-4f52-9b06-f3d69150f714","local_time":"20210130163836","is_ascension_mode":true,"campfire_choices":[{"data":"Pommel Strike","floor":6,"key":"SMITH"},{"data":"Berserk","floor":12,"key":"SMITH"},{"floor":15,"key":"REST"}],"circlet_count":0,"master_deck":["AscendersBane","Strike_R","Strike_R","Strike_R","Strike_R","Strike_R","Defend_R","Defend_R","Defend_R","Defend_R","Fire Breathing","Eruption+1","Inflame","Pommel Strike+1","Ragnarok","CrushJoints","FlyingSleeves","Pot Of Greed","Pot Of Greed","Berserk+1","Shrug It Off","Fiend Fire","Pommel Strike+1"],"relics":["Replay:M_SmolderingBlood","Happy Flower","bronze:DecasWashers","Anchor","Grinning Jar","Cursed Key"],"acts_visited":["Exordium","TheCity"],"potions_floor_usage":[20],"damage_taken":[{"damage":9,"enemies":"Jaw Worm","floor":1,"turns":5},{"damage":7,"enemies":"Small Slimes","floor":5,"turns":3},{"damage":30,"enemies":"3 Sentries","floor":7,"turns":7},{"damage":1,"enemies":"Cultist","floor":8,"turns":3},{"damage":0,"enemies":"Gremlin Nob","floor":10,"turns":2},{"damage":0,"enemies":"Exordium Thugs","floor":13,"turns":2},{"damage":0,"enemies":"Slime Boss","floor":16,"turns":5},{"damage":0,"enemies":"Chosen","floor":18,"turns":2},{"damage":18,"enemies":"3 Byrds","floor":19,"turns":4},{"damage":28,"enemies":"Snecko","floor":20,"turns":5},{"damage":26,"enemies":"Centurion and Healer","floor":21,"turns":2}],"seed_played":"-2584384554148042476","potions_obtained":[{"floor":8,"key":"ElixirPotion"},{"floor":10,"key":"SteroidPotion"},{"floor":18,"key":"Strength Potion"},{"floor":19,"key":"GamblersBrew"}],"is_trial":false,"path_per_floor":["M","?","$","?","M","R","E","M","T","E","?","R","M","$","R","B",null,"M","M","M","M"],"character_chosen":"IRONCLAD","items_purchased":["Happy Flower","Inflame","Shrug It Off","Dexterity Potion"],"campfire_rested":1,"item_purchase_floors":[3,3,14,14],"current_hp_per_floor":[65,65,65,65,58,58,28,27,27,27,27,27,27,27,49,49,69,69,51,23,0,0],"gold":119,"neow_bonus":"HUNDRED_GOLD","is_daily":false,"chose_seed":false,"campfire_upgraded":2,"win_rate":0.0,"timestamp":1612042716,"path_taken":["M","?","$","?","M","R","E","M","T","E","?","R","?","?","R","BOSS","M","M","M","M"],"items_purchased_type":["Relic","Card","Card","Potion"],"build_version":"2020-12-22","purchased_purges":0,"victory":false,"max_hp_per_floor":[75,75,75,75,75,75,75,75,75,75,75,75,75,75,75,75,75,75,75,75,75,75],"relic_stats":{"Happy Flower":[11],"counters":[11,40],"Cursed Key":0,"obtain_stats":[{"Anchor":9,"Happy Flower":3,"Replay:M_SmolderingBlood":2,"bronze:DecasWashers":7,"Grinning Jar":10,"Cursed Key":17,"Burning Blood":0},{"Anchor":4,"Happy Flower":1,"Replay:M_SmolderingBlood":1,"bronze:DecasWashers":3,"Grinning Jar":5,"Cursed Key":7,"Burning Blood":0},{"Anchor":18,"Happy Flower":5,"Replay:M_SmolderingBlood":5,"bronze:DecasWashers":15,"Grinning Jar":20,"Cursed Key":27,"Burning Blood":0}]},"card_choices":[{"not_picked":["Armaments","Havoc"],"picked":"Fire Breathing","floor":1},{"not_picked":["Replay:Undeath\u0027s Touch","Sever Soul"],"picked":"Pommel Strike","floor":5},{"not_picked":["Massacre","Havoc"],"picked":"Ragnarok","floor":7},{"not_picked":["Clash","Rupture"],"picked":"CrushJoints","floor":8},{"not_picked":["Headbutt","Sword Boomerang"],"picked":"FlyingSleeves","floor":10},{"not_picked":["Twin Strike","Havoc","Sever Soul"],"picked":"SKIP","floor":13},{"not_picked":["Berserk","Double Tap"],"picked":"Fiend Fire","floor":16},{"not_picked":["Sentinel+1","Twin Strike","Flex"],"picked":"SKIP","floor":18},{"not_picked":["Anger","Replay:Undeath\u0027s Touch"],"picked":"Pommel Strike+1","floor":19},{"not_picked":["Body Slam","Headbutt","ReplayTheSpireMod:Strike From Hell"],"picked":"SKIP","floor":20}],"player_experience":972573,"relics_obtained":[{"floor":7,"key":"bronze:DecasWashers"},{"floor":9,"key":"Anchor"},{"floor":10,"key":"Grinning Jar"}],"event_choices":[{"damage_healed":0,"gold_gain":0,"player_choice":"Grow","damage_taken":0,"max_hp_gain":0,"max_hp_loss":0,"event_name":"Living Wall","floor":4,"gold_loss":0,"cards_upgraded":["Eruption"]},{"damage_healed":0,"gold_gain":0,"player_choice":"1 cards matched","damage_taken":0,"max_hp_gain":0,"max_hp_loss":0,"event_name":"Match and Keep!","floor":11,"gold_loss":0,"cards_obtained":["Berserk"]}],"is_beta":false,"boss_relics":[{"not_picked":["SacredBark","Philosopher\u0027s Stone"],"picked":"Cursed Key"}],"items_purged_floors":[],"is_endless":false,"potions_floor_spawned":[8,10,18,19],"killed_by":"Centurion and Healer","ascension_level":20}}