{"host":"yajbwjoofeeg2olc","time":1612023489,"event":{"mods":["AchievementEnabler","BaseMod","Better Altar","Better Match","Better Note","Better Sensory Stone","Better Skull","Better Third Choice","BetterRewards","Clockwork Mod","Colored Map","Downfall","GifTheSpireLib","Highlight Path","Minty Spire (QoL Compilation)","Permanent Neow","Replay The Spire","StSLib"],"gold_per_floor":[114,166,179,198,126,144,144,144,144],"floor_reached":8,"language":"ENG","playtime":859,"items_purged":[],"score":48,"play_id":"26ee5262-5f66-4971-b5be-24d73016954e","local_time":"20210130161809","daily_mods":["Draft"],"is_ascension_mode":false,"campfire_choices":[{"floor":7,"key":"REST"}],"circlet_count":0,"master_deck":["Clockwork:Redundancy","Clockwork:SearingStrike+1","Clockwork:CogBarrier","Clockwork:CraftBloodPhial","Clockwork:RevUp","Clockwork:SpurOn+1","Clockwork:ChargingBlade+1","Clockwork:SystemHardening+1","Clockwork:AssemblyLine+1","Clockwork:Enhance","Clockwork:FalseStart+1","Clockwork:RitualDaggerMk0+1","Clockwork:CogShield+1","Clockwork:SnapKeep","Clockwork:InertialShield","Clockwork:CraftVarja"],"relics":["Clockwork:MomentumEngine","Clockwork:CopperScales"],"acts_visited":["Exordium"],"potions_floor_usage":[],"damage_taken":[{"damage":6,"enemies":"2 Louse","floor":1,"turns":3},{"damage":28,"enemies":"Jaw Worm","floor":3,"turns":6},{"damage":29,"enemies":"Cultist","floor":4,"turns":5},{"damage":4,"enemies":"Exordium Wildlife","floor":6,"turns":5},{"damage":50,"enemies":"Gremlin Nob","floor":8,"turns":5}],"seed_played":"467927828573378997","potions_obtained":[{"floor":3,"key":"LiquidMemories"}],"is_trial":true,"path_per_floor":["M","?","M","M","$","M","R","E"],"character_chosen":"CLOCKWORK","items_purchased":["Clockwork:InertialShield"],"campfire_rested":1,"item_purchase_floors":[5],"current_hp_per_floor":[79,79,51,22,22,18,43,0,0],"gold":144,"neow_bonus":"","is_daily":false,"chose_seed":false,"campfire_upgraded":0,"win_rate":0.0,"timestamp":1612023489,"path_taken":["M","?","M","M","$","M","R","E"],"items_purchased_type":["Card"],"build_version":"2020-12-22","purchased_purges":0,"victory":false,"max_hp_per_floor":[85,85,85,85,85,85,85,85,85],"card_choices":[{"not_picked":["Clockwork:Minimalism","Clockwork:AdaptiveShield"],"picked":"Clockwork:SmithsMallet","floor":0},{"not_picked":["Clockwork:Friction","Clockwork:TimeOut"],"picked":"Clockwork:Redundancy","floor":0},{"not_picked":["Clockwork:FalseStart","Clockwork:Improve"],"picked":"Clockwork:SearingStrike","floor":0},{"not_picked":["Clockwork:SearchingStrike","Clockwork:ChargingShield"],"picked":"Clockwork:CogBarrier","floor":0},{"not_picked":["Clockwork:ChargingShield","Clockwork:ReserveSystems"],"picked":"Clockwork:CraftBloodPhial","floor":0},{"not_picked":["Clockwork:Enhance","Clockwork:ReserveSystems"],"picked":"Clockwork:RevUp","floor":0},{"not_picked":["Clockwork:SearchingStrike","Clockwork:ChargingShield"],"picked":"Clockwork:SpurOn","floor":0},{"not_picked":["Clockwork:ForgeStrike","Clockwork:Minimalism"],"picked":"Clockwork:ChargingBlade","floor":0},{"not_picked":["Clockwork:ForgeStrike","Clockwork:Roundhouse"],"picked":"Clockwork:SmithsMallet","floor":0},{"not_picked":["Clockwork:Improve","Clockwork:CogBarrier"],"picked":"Clockwork:CraftCopperScales","floor":0},{"not_picked":["Clockwork:Redundancy","Clockwork:ChargingBlade"],"picked":"Clockwork:SystemHardening","floor":0},{"not_picked":["Clockwork:Minimalism","Clockwork:Improve"],"picked":"Clockwork:AssemblyLine","floor":0},{"not_picked":["Clockwork:ChargingBlade","Clockwork:Redundancy"],"picked":"Clockwork:Enhance","floor":0},{"not_picked":["Clockwork:ForgeStrike","Clockwork:HoardingStrike"],"picked":"Clockwork:SmithsMallet","floor":0},{"not_picked":["Clockwork:SystemScan","Clockwork:SystemHardening"],"picked":"Clockwork:FalseStart","floor":0},{"not_picked":["Clockwork:Redundancy","Clockwork:AdaptiveShield"],"picked":"Clockwork:RitualDaggerMk0","floor":1},{"not_picked":["Clockwork:ForgeStrike","Clockwork:Minimalism"],"picked":"Clockwork:CogShield","floor":3},{"not_picked":["Clockwork:AdaptiveShield","Clockwork:SystemScan"],"picked":"Clockwork:SnapKeep","floor":4},{"not_picked":["Clockwork:Downsize","Clockwork:ChargingShield"],"picked":"Clockwork:CraftVarja","floor":6}],"player_experience":269172,"relics_obtained":[],"event_choices":[{"damage_healed":0,"gold_gain":52,"player_choice":"Gained Gold","damage_taken":0,"max_hp_gain":0,"max_hp_loss":0,"event_name":"Golden Wing","floor":2,"gold_loss":0}],"is_beta":false,"boss_relics":[],"items_purged_floors":[],"is_endless":false,"potions_floor_spawned":[3],"killed_by":"Gremlin Nob","ascension_level":0}}