{"host":"vx9g5eyuglzorf3u","time":1612012748,"event":{"mods":["2.2 Compatiblity","BaseMod","DeckTracker","Keyboard Shortcuts","Minty Spire (QoL Compilation)","Relic Stats","StSLib","SuperFastMode","everything is the same but u backflip on backflip"],"gold_per_floor":[114,114,129,54,72,99,174,174,248,248,267,25,40,75,75,149,149,162,162,162,177,227,259,259,270,324,338,22,39,39,39,39,118,118,132,7,22,22,22],"floor_reached":38,"language":"KOR","playtime":1204,"items_purged":["Strike_P","Defend_P","Defend_P"],"score":933,"play_id":"da2bf993-3b12-49db-90f2-a2c9f7d7213c","local_time":"20210130221908","is_ascension_mode":true,"campfire_choices":[{"floor":8.0,"key":"REST"},{"data":"Eruption","floor":10.0,"key":"SMITH"},{"floor":15.0,"key":"REST"},{"floor":24.0,"key":"REST"},{"floor":32,"key":"REST"}],"circlet_count":0,"master_deck":["AscendersBane","Strike_P+1","Eruption+1","Vigilance","FollowUp","Tantrum","FearNoEvil","Adaptation","FlurryOfBlows","Prostrate+1","ConjureBlade+1","Blasphemy+1","TalkToTheHand","EmptyMind+1","LessonLearned"],"relics":["Black Star","PreservedInsect","Nunchaku","StrikeDummy","Boot","MealTicket","Astrolabe","Vajra","Pear","GoldenEye","Potion Belt","Medical Kit","Ice Cream","VioletLotus"],"acts_visited":["Exordium","TheCity","TheBeyond"],"potions_floor_usage":[38],"damage_taken":[{"damage":3.0,"enemies":"2 Louse","floor":1.0,"turns":4.0},{"damage":9.0,"enemies":"Jaw Worm","floor":3.0,"turns":5.0},{"damage":0.0,"enemies":"Small Slimes","floor":5.0,"turns":1.0},{"damage":35.0,"enemies":"Lagavulin","floor":6.0,"turns":5.0},{"damage":6.0,"enemies":"Looter","floor":11.0,"turns":3.0},{"damage":13.0,"enemies":"Blue Slaver","floor":13.0,"turns":3.0},{"damage":0.0,"enemies":"Gremlin Nob","floor":14.0,"turns":2.0},{"damage":5.0,"enemies":"Hexaghost","floor":16.0,"turns":4.0},{"damage":16.0,"enemies":"2 Thieves","floor":18.0,"turns":3.0},{"damage":16.0,"enemies":"Shell Parasite","floor":21.0,"turns":4.0},{"damage":0.0,"enemies":"Book of Stabbing","floor":23.0,"turns":3.0},{"damage":20,"enemies":"Shelled Parasite and Fungi","floor":25,"turns":3},{"damage":5,"enemies":"Centurion and Healer","floor":27,"turns":4},{"damage":26,"enemies":"Snake Plant","floor":29,"turns":4},{"damage":42,"enemies":"Collector","floor":33,"turns":4},{"damage":44,"enemies":"3 Darklings","floor":35,"turns":5},{"damage":24,"enemies":"3 Shapes","floor":37,"turns":5},{"damage":17,"enemies":"Jaw Worm Horde","floor":38,"turns":1}],"seed_played":"-844405695412485366","potions_obtained":[{"floor":14.0,"key":"Dexterity Potion"},{"floor":16.0,"key":"ColorlessPotion"},{"floor":21.0,"key":"DuplicationPotion"},{"floor":29,"key":"LiquidBronze"},{"floor":33,"key":"FearPotion"},{"floor":37,"key":"Block Potion"}],"is_trial":false,"path_per_floor":["M","?","M","?","M","E","?","R","T","R","M","$","M","E","R","B",null,"M","?","?","M","T","E","R","M","T","M","$","M","?","$","R","B",null,"M","$","M","M"],"character_chosen":"WATCHER","items_purchased":["Adaptation","FlurryOfBlows","PowerPotion","Medical Kit","EmptyMind"],"campfire_rested":4,"item_purchase_floors":[12,12,12,28,28],"current_hp_per_floor":[58,63,54,54,54,19,8,29,29,29,23,23,10,10,31,26,61,45,24,24,8,8,18,44,24,24,19,34,8,8,23,49,7,68,24,39,15,0,0],"gold":22,"neow_bonus":"BOSS_RELIC","is_daily":false,"chose_seed":false,"campfire_upgraded":1,"win_rate":0.0,"timestamp":1612012748,"path_taken":["M","?","M","?","?","E","?","R","T","R","M","$","M","E","R","BOSS","M","?","?","M","?","E","R","?","T","M","$","M","?","$","R","BOSS","M","$","M","?"],"items_purchased_type":["Card","Card","Potion","Relic","Card"],"build_version":"2020-12-22","purchased_purges":3,"victory":false,"max_hp_per_floor":[68,73,73,73,73,73,73,73,73,73,73,73,73,73,73,73,73,73,78,78,78,78,88,88,88,88,88,88,88,88,88,88,88,88,88,88,88,88,88],"relic_stats":{"Nunchaku":[15],"counters":[18,63],"Astrolabe":["Prostrate","ConjureBlade","Blasphemy"],"MealTicket":45,"PreservedInsect":66,"VioletLotus":[7],"Black Star":3,"Boot":[69],"GoldenEye":[0],"Medical Kit":[1],"obtain_stats":[{"Potion Belt":26,"Ice Cream":30,"Pear":23,"Astrolabe":17,"Vajra":22,"PreservedInsect":6,"Boot":14,"GoldenEye":23,"Medical Kit":28,"Nunchaku":6,"MealTicket":14,"VioletLotus":34,"Black Star":0,"PureWater":0,"StrikeDummy":9},{"Potion Belt":12,"Ice Cream":14,"Pear":11,"Astrolabe":8,"Vajra":10,"PreservedInsect":4,"Boot":7,"GoldenEye":11,"Medical Kit":13,"Nunchaku":4,"MealTicket":7,"VioletLotus":15,"Black Star":0,"PureWater":0,"StrikeDummy":4},{"Potion Belt":40,"Ice Cream":48,"Pear":37,"Astrolabe":27,"Vajra":34,"PreservedInsect":15,"Boot":23,"GoldenEye":37,"Medical Kit":44,"Nunchaku":15,"MealTicket":23,"VioletLotus":52,"Black Star":0,"PureWater":0,"StrikeDummy":15}]},"card_choices":[{"not_picked":["Prostrate","BowlingBash"],"picked":"FollowUp","floor":1.0},{"not_picked":["JustLucky","Prostrate"],"picked":"Tantrum","floor":3.0},{"not_picked":["Wireheading","Weave"],"picked":"FearNoEvil","floor":5.0},{"not_picked":["BowlingBash","PathToVictory","Establishment"],"picked":"SKIP","floor":6.0},{"not_picked":["Prostrate","Vengeance","Nirvana"],"picked":"SKIP","floor":11.0},{"not_picked":["CarveReality","ThirdEye","FollowUp"],"picked":"SKIP","floor":13.0},{"not_picked":["Perseverance","Judgement","EmptyFist"],"picked":"SKIP","floor":14.0},{"not_picked":["Prostrate","Nirvana"],"picked":"TalkToTheHand","floor":18.0},{"not_picked":["Conclude","Halt","FlyingSleeves+1"],"picked":"SKIP","floor":21.0},{"not_picked":["DeceiveReality","CutThroughFate","BowlingBash"],"picked":"SKIP","floor":23.0},{"not_picked":["Protect","EmptyBody","Prostrate"],"picked":"SKIP","floor":25},{"not_picked":["CrushJoints","CutThroughFate","Perseverance"],"picked":"SKIP","floor":27},{"not_picked":["Perseverance","Protect","EmptyBody"],"picked":"SKIP","floor":29},{"not_picked":["ConjureBlade","Wish"],"picked":"LessonLearned","floor":33},{"not_picked":["BowlingBash","Protect","FollowUp+1"],"picked":"SKIP","floor":35},{"not_picked":["FlurryOfBlows","BowlingBash","Conclude"],"picked":"SKIP","floor":37}],"player_experience":1510157,"relics_obtained":[{"floor":6.0,"key":"PreservedInsect"},{"floor":6.0,"key":"Nunchaku"},{"floor":9.0,"key":"StrikeDummy"},{"floor":14.0,"key":"Boot"},{"floor":14.0,"key":"MealTicket"},{"floor":22.0,"key":"Vajra"},{"floor":23.0,"key":"Pear"},{"floor":23.0,"key":"GoldenEye"},{"floor":26,"key":"Potion Belt"}],"event_choices":[{"damage_healed":0.0,"max_hp_gain":5.0,"max_hp_loss":0.0,"gold_gain":0.0,"event_name":"Big Fish","player_choice":"Donut","floor":2.0,"gold_loss":0.0,"damage_taken":0.0},{"cards_removed":["Defend_P"],"damage_healed":0.0,"max_hp_gain":0.0,"max_hp_loss":0.0,"gold_gain":0.0,"event_name":"The Cleric","player_choice":"Card Removal","floor":4.0,"gold_loss":75.0,"damage_taken":0.0},{"damage_healed":0.0,"max_hp_gain":0.0,"max_hp_loss":0.0,"gold_gain":75.0,"event_name":"World of Goop","player_choice":"Gather Gold","floor":7.0,"gold_loss":0.0,"damage_taken":11.0},{"damage_healed":0.0,"max_hp_gain":5.0,"max_hp_loss":0.0,"gold_gain":0.0,"event_name":"Forgotten Altar","player_choice":"Shed Blood","floor":19.0,"gold_loss":0.0,"damage_taken":26.0},{"damage_healed":0.0,"max_hp_gain":0.0,"max_hp_loss":0.0,"gold_gain":0.0,"event_name":"The Mausoleum","player_choice":"Ignored","floor":20.0,"gold_loss":0.0,"damage_taken":0.0},{"damage_healed":0,"gold_gain":0,"player_choice":"Gave Potion","damage_taken":0,"relics_obtained":["Ice Cream"],"max_hp_gain":0,"max_hp_loss":0,"event_name":"WeMeetAgain","floor":30,"gold_loss":0}],"is_beta":false,"boss_relics":[{"not_picked":["Cursed Key","Velvet Choker"],"picked":"Astrolabe"},{"not_picked":["Coffee Dripper","Calling Bell"],"picked":"VioletLotus"}],"items_purged_floors":[12,28,36],"is_endless":false,"potions_floor_spawned":[14,16,21,29,33,37],"killed_by":"Jaw Worm Horde","ascension_level":20}}