{"host":"awsx6hu75lh7tsqd","time":1612050308,"event":{"mods":["AchievementEnabler","BaseMod","BetterRewards","Colored Map","Evolution","Minty Spire (QoL Compilation)","Shop Mod","StSLib"],"gold_per_floor":[111,121,121,140,154,183,183,183,183,195,234,246,270,294,306,414,426,450,462,276,295,313,313,14,25,25,52,70,70,70,70],"floor_reached":30,"language":"ENG","playtime":1550,"items_purged":["Defend_B","Defend_B+1","Meteor Strike+1"],"score":398,"play_id":"5ad1b8b1-eeed-400f-b8ce-a5b8758668be","local_time":"20210130164508","is_ascension_mode":true,"campfire_choices":[{"floor":7,"key":"REST"},{"floor":12,"key":"REST"},{"floor":15,"key":"REST"},{"floor":23,"key":"REST"}],"circlet_count":0,"master_deck":["Compile Driver","Compile Driver","Zap+1","Dualcast","Panache","Heatsinks","Cold Snap","Cold Snap","Chill","Ball Lightning","Blizzard","BootSequence","Redo","Machine Learning","Meteor Strike+1","FTL+1","Ball Lightning","Hologram+1","Blizzard+1","BootSequence","Reinforced Body","White Noise+1","Self Repair+1","Go for the Eyes"],"relics":["Cracked Core","EVO:Axolotl","Membership Card","Regal Pillow","Letter Opener","MawBank","Vajra","Astrolabe","Torii","Calipers","Ginger","Blood Vial"],"acts_visited":["Exordium","TheCity"],"potions_floor_usage":[16,30,30,30],"damage_taken":[{"damage":2,"enemies":"Jaw Worm","floor":1,"turns":3},{"damage":10,"enemies":"Small Slimes","floor":2,"turns":3},{"damage":0,"enemies":"2 Louse","floor":4,"turns":2},{"damage":7,"enemies":"2 Fungi Beasts","floor":5,"turns":3},{"damage":26,"enemies":"Lagavulin","floor":6,"turns":6},{"damage":21,"enemies":"3 Sentries","floor":11,"turns":5},{"damage":0,"enemies":"Gremlin Gang","floor":13,"turns":3},{"damage":6,"enemies":"Lots of Slimes","floor":14,"turns":2},{"damage":34,"enemies":"Hexaghost","floor":16,"turns":8},{"damage":9,"enemies":"Shell Parasite","floor":18,"turns":4},{"damage":9,"enemies":"Spheric Guardian","floor":21,"turns":3},{"damage":16,"enemies":"Snake Plant","floor":22,"turns":4},{"damage":27,"enemies":"Shelled Parasite and Fungi","floor":25,"turns":6},{"damage":45,"enemies":"Slavers","floor":27,"turns":4},{"damage":0,"enemies":"Cultist and Chosen","floor":28,"turns":4},{"damage":7,"enemies":"Book of Stabbing","floor":30,"turns":4}],"seed_played":"7005333169346844834","potions_obtained":[{"floor":2,"key":"SmokeBomb"},{"floor":11,"key":"LiquidBronze"},{"floor":14,"key":"AttackPotion"},{"floor":16,"key":"Swift Potion"},{"floor":27,"key":"PowerPotion"}],"is_trial":false,"path_per_floor":["M","M","?","M","M","E","R","?","T","$","E","R","M","M","R","B",null,"M","?","$","M","M","R","$","M","T","E","M","?","E"],"character_chosen":"DEFECT","items_purchased":["Membership Card","Panache","Heatsinks","Torii","Calipers","EssenceOfSteel","BootSequence","Reinforced Body"],"campfire_rested":4,"item_purchase_floors":[0,0,0,20,24,24,24,24],"current_hp_per_floor":[63,53,46,46,39,13,50,35,35,35,14,51,51,45,75,41,75,66,66,66,57,41,75,75,48,48,3,5,5,0,0],"gold":70,"neow_bonus":"","is_daily":false,"chose_seed":false,"campfire_upgraded":0,"win_rate":0.0,"timestamp":1612050308,"path_taken":["M","M","?","M","M","E","R","?","T","$","E","R","M","M","R","BOSS","M","?","$","M","M","R","$","M","T","E","M","?","E"],"items_purchased_type":["Relic","Card","Card","Relic","Relic","Potion","Card","Card"],"build_version":"2020-12-22","purchased_purges":3,"victory":false,"max_hp_per_floor":[75,75,75,75,75,75,75,75,75,75,75,75,75,75,75,75,75,75,75,75,75,75,75,75,75,75,75,75,75,75,75],"card_choices":[{"not_picked":["Rebound","Go for the Eyes"],"picked":"Cold Snap","floor":1},{"not_picked":["Barrage","Multi-Cast"],"picked":"Cold Snap","floor":2},{"not_picked":["Beam Cell","Coolheaded"],"picked":"Chill","floor":4},{"not_picked":["Compile Driver","Leap"],"picked":"Ball Lightning","floor":5},{"not_picked":["Conserve Battery","Rebound"],"picked":"Blizzard","floor":6},{"not_picked":["Aggregate","Rip and Tear"],"picked":"BootSequence","floor":11},{"not_picked":["Coolheaded","Meteor Strike","Go for the Eyes"],"picked":"SKIP","floor":13},{"not_picked":["Rebound","Beam Cell"],"picked":"Redo","floor":14},{"not_picked":["Electrodynamics","Core Surge"],"picked":"Machine Learning","floor":16},{"not_picked":["Self Repair","Go for the Eyes+1"],"picked":"Ball Lightning","floor":18},{"not_picked":["Gash","Rebound"],"picked":"Hologram+1","floor":21},{"not_picked":["Machine Learning","Compile Driver"],"picked":"Blizzard+1","floor":22},{"not_picked":["Sweeping Beam","Coolheaded","Rebound"],"picked":"SKIP","floor":25},{"not_picked":["Go for the Eyes+1","Rip and Tear+1"],"picked":"White Noise+1","floor":27},{"not_picked":["Rip and Tear","Turbo"],"picked":"Self Repair+1","floor":28}],"player_experience":116932,"relics_obtained":[{"floor":6,"key":"Letter Opener"},{"floor":9,"key":"MawBank"},{"floor":11,"key":"Vajra"},{"floor":26,"key":"Ginger"},{"floor":27,"key":"Blood Vial"}],"event_choices":[{"damage_healed":0,"gold_gain":0,"player_choice":"Success","damage_taken":7,"relics_obtained":["Regal Pillow"],"max_hp_gain":0,"max_hp_loss":0,"event_name":"Scrap Ooze","floor":3,"gold_loss":0},{"damage_healed":0,"gold_gain":0,"player_choice":"Entered Light","damage_taken":15,"max_hp_gain":0,"max_hp_loss":0,"event_name":"Shining Light","floor":8,"gold_loss":0,"cards_upgraded":["Defend_B","Zap"]},{"damage_healed":0,"gold_gain":0,"player_choice":"Ignored","damage_taken":0,"max_hp_gain":0,"max_hp_loss":0,"event_name":"Cursed Tome","floor":19,"gold_loss":0},{"damage_healed":0,"gold_gain":0,"cards_transformed":["Compile Driver"],"player_choice":"Transformed","damage_taken":0,"max_hp_gain":0,"max_hp_loss":0,"event_name":"Transmorgrifier","floor":29,"gold_loss":0,"cards_obtained":["Go for the Eyes"]}],"is_beta":false,"boss_relics":[{"not_picked":["Nuclear Battery","Runic Pyramid"],"picked":"Astrolabe"}],"items_purged_floors":[0,20,24],"is_endless":false,"potions_floor_spawned":[2,11,14,16,18,27,28],"killed_by":"Book of Stabbing","ascension_level":2}}