{"host":"5m2js577gj4e7pak","time":1612039336,"event":{"mods":["AchievementEnabler","BaseMod","Better Match","BetterRewards","Colored Map","Colored Powertips","Googly Eyes","Highlight Path","Lobotomy","LobotomyExtend","Minty Spire (QoL Compilation)","Quick Restart","Relic Filter","StSLib"],"gold_per_floor":[117,129,46,61,61,96,112,112,136,164,184,154,174,174,174,174,174],"floor_reached":16,"language":"ENG","playtime":679,"items_purged":[],"score":129,"play_id":"ddfde2a3-bbf8-4dc1-8bab-633e44baf942","local_time":"20210130214216","is_ascension_mode":true,"campfire_choices":[],"circlet_count":0,"master_deck":["SpecialBullet","SpecialBullet","SpecialBullet","SpecialBullet","SpecialBullet","SpecialBullet","SpecialBullet","SpecialBullet","TrainingCode","SecurityCode","SolemnVow+1","CherryBlossoms","Penitence","OSAHOGD","RapturousDream","Flash of Steel+1","MHz","TodaysExpression","HeroicMonk","Penitence","SilentOrchestra","Tough","Lamp+1","NothingThere","Beak","Gaze"],"relics":["CogitoBucket","LetterFromLob","Whetstone","Strawberry","Ornamental Fan","AdjustmentMirror"],"acts_visited":["Exordium"],"potions_floor_usage":[6,16,16],"damage_taken":[{"damage":6,"enemies":"Cultist","floor":1,"turns":3},{"damage":13,"enemies":"2 Louse","floor":2,"turns":2},{"damage":10,"enemies":"Jaw Worm","floor":4,"turns":3},{"damage":30,"enemies":"3 Sentries","floor":6,"turns":6},{"damage":20,"enemies":"Exordium Wildlife","floor":7,"turns":7},{"damage":33,"enemies":"Lagavulin","floor":10,"turns":7},{"damage":17,"enemies":"3 Louse","floor":11,"turns":7},{"damage":28,"enemies":"Lots of Slimes","floor":13,"turns":4},{"damage":65,"enemies":"Hexaghost","floor":16,"turns":7}],"seed_played":"8152293469848443714","potions_obtained":[{"floor":1,"key":"Fire Potion"},{"floor":11,"key":"Weak Potion"},{"floor":12,"key":"Weak Potion"},{"floor":12,"key":"Energy Potion"}],"is_trial":false,"path_per_floor":["M","M","$","M","?","E","M","R","T","E","M","?","M","M","R","B"],"character_chosen":"Angela","items_purchased":["Flash of Steel"],"campfire_rested":0,"item_purchase_floors":[3],"current_hp_per_floor":[70,65,65,66,70,54,48,48,55,36,33,33,30,30,30,0,0],"gold":174,"neow_bonus":"THREE_CARDS","is_daily":false,"chose_seed":false,"campfire_upgraded":0,"win_rate":0.0,"timestamp":1612039336,"path_taken":["M","?","?","M","?","E","M","R","T","E","M","?","?","M","R","BOSS"],"items_purchased_type":["Card"],"build_version":"2020-12-22","purchased_purges":0,"victory":false,"max_hp_per_floor":[70,70,70,70,70,70,70,70,77,77,77,77,77,77,77,77,77],"card_choices":[{"not_picked":["FourthMatchFlame","CherryBlossom"],"picked":"SolemnVow","floor":0},{"not_picked":["UniverseFragment","PunishingBird"],"picked":"CherryBlossoms","floor":1},{"not_picked":["CherryBlossom"],"picked":"Penitence","floor":1},{"not_picked":["Scorched","Mercenary"],"picked":"OSAHOGD","floor":2},{"not_picked":["Tough"],"picked":"RapturousDream","floor":2},{"not_picked":["CrumblingArmor","Murderer"],"picked":"MHz","floor":4},{"not_picked":["Lantern"],"picked":"TodaysExpression","floor":4},{"not_picked":["Scorched","Wellcheers"],"picked":"HeroicMonk","floor":6},{"not_picked":["Regret_ego"],"picked":"Penitence","floor":6},{"not_picked":["Scorched","ShyLook"],"picked":"SilentOrchestra","floor":7},{"not_picked":["Noise"],"picked":"Tough","floor":7},{"not_picked":["BlueScar"],"picked":"Lamp","floor":10},{"not_picked":["Woodsman","CrumblingArmor"],"picked":"NothingThere","floor":11},{"not_picked":["RedEyes"],"picked":"Beak","floor":11},{"not_picked":["Regret_ego"],"picked":"Gaze","floor":13}],"player_experience":47828,"relics_obtained":[{"floor":1,"key":"LetterFromLob"},{"floor":6,"key":"Whetstone"},{"floor":9,"key":"Strawberry"},{"floor":10,"key":"Ornamental Fan"}],"event_choices":[{"cards_removed":["InformationCode"],"damage_healed":5,"gold_gain":0,"player_choice":"Offered Special","damage_taken":0,"max_hp_gain":0,"max_hp_loss":0,"event_name":"Bonfire Elementals","floor":5,"gold_loss":0},{"damage_healed":0,"gold_gain":0,"player_choice":"Bought 2 Potions","damage_taken":0,"max_hp_gain":0,"max_hp_loss":0,"event_name":"The Woman in Blue","floor":12,"gold_loss":0}],"is_beta":false,"boss_relics":[],"items_purged_floors":[],"is_endless":false,"potions_floor_spawned":[1,11],"killed_by":"Hexaghost","ascension_level":3}}