{"host":"toh0bbw446wnuexf","time":1612050140,"event":{"mods":["BaseMod","Downfall","Hermit","Minty Spire (QoL Compilation)","Random Character Button","StSLib"],"gold_per_floor":[99,116,131,116,128,128,128,193,193,205,222,222,222,59,69,69,69,69],"floor_reached":16,"language":"ENG","playtime":1526,"items_purged":["champ:Execute"],"score":97,"play_id":"3dd0f454-08b8-4e7d-811b-7c4918465c2b","local_time":"20210131124220","is_ascension_mode":true,"campfire_choices":[{"floor":13,"key":"REST"}],"circlet_count":0,"master_deck":["sneckomod:Strike","sneckomod:Strike","sneckomod:Strike","sneckomod:Defend","sneckomod:Defend","sneckomod:Defend","sneckomod:SnekBite","bronze:Constructor","sneckomod:UnknownUncommonPower","Guardian:StasisField","sneckomod:UnknownUncommonSkill","sneckomod:UnknownUncommonAttack"],"relics":["sneckomod:SneckoSoul","Pen Nib","Omamori"],"acts_visited":["Exordium"],"potions_floor_usage":[15],"damage_taken":[{"damage":1,"enemies":"Cultist","floor":2,"turns":4},{"damage":2,"enemies":"Small Slimes","floor":3,"turns":4},{"damage":0,"enemies":"downfall:FleeingMerchant","floor":4,"turns":4},{"damage":8,"enemies":"Jaw Worm","floor":5,"turns":5},{"damage":33,"enemies":"3 Sentries","floor":8,"turns":14},{"damage":41,"enemies":"Exordium Thugs","floor":10,"turns":7},{"damage":21,"enemies":"Large Slime","floor":11,"turns":6},{"damage":25,"enemies":"downfall:FleeingMerchant","floor":14,"turns":4},{"damage":0,"enemies":"Gremlin Gang","floor":15,"turns":3},{"damage":111,"enemies":"IC_STATUS_ARCHETYPE","floor":16,"turns":18}],"seed_played":"7290607835102838013","potions_obtained":[{"floor":5,"key":"Explosive Potion"},{"floor":8,"key":"sneckomod:MuddlingPotion"},{"floor":15,"key":"FairyPotion"}],"is_trial":false,"path_per_floor":["R","M","M","$","M","R","T","?","R","M","M","?","R","$","M","B"],"character_chosen":"THE_SNECKO","items_purchased":["sneckomod:UnknownUncommonAttack"],"campfire_rested":1,"item_purchase_floors":[14],"current_hp_per_floor":[90,89,87,87,79,79,79,46,46,25,24,24,51,46,46,0,0,0],"gold":69,"neow_bonus":"REMOVE_CARD","is_daily":false,"chose_seed":false,"campfire_upgraded":0,"win_rate":0.0,"timestamp":1612050140,"path_taken":["R","M","M","$","M","R","T","?","R","M","M","?","R","$","M","BOSS"],"items_purchased_type":["Card"],"build_version":"2020-12-22","purchased_purges":1,"victory":false,"max_hp_per_floor":[90,90,90,90,90,90,90,90,90,90,90,90,90,90,90,90,90,90],"card_choices":[{"not_picked":["sneckomod:DiceBlock","sneckomod:UnknownExhaust"],"picked":"sneckomod:Unknown1Cost","floor":2},{"not_picked":["sneckomod:IronFang","sneckomod:DiceBoulder"],"picked":"sneckomod:UnknownUncommonPower","floor":3},{"not_picked":["sneckomod:QuickMove","sneckomod:IronFang","sneckomod:SnakeSap"],"picked":"SKIP","floor":4},{"not_picked":["sneckomod:UnknownBlock","sneckomod:UnknownDraw","sneckomod:DiceBlock"],"picked":"SKIP","floor":5},{"not_picked":["sneckomod:DefensiveFlair","sneckomod:RainOfDice","sneckomod:CheapStock"],"picked":"SKIP","floor":10},{"not_picked":["sneckomod:DiceBlock","sneckomod:Unknown2Cost"],"picked":"sneckomod:UnknownUncommonSkill","floor":11},{"not_picked":["sneckomod:QuickMove","sneckomod:SoulRoll","sneckomod:UnknownDraw"],"picked":"SKIP","floor":14},{"not_picked":["sneckomod:GlitteringGambit","sneckomod:DiceCrush","sneckomod:UnknownStrike"],"picked":"SKIP","floor":15}],"player_experience":638115,"relics_obtained":[{"floor":7,"key":"Pen Nib"},{"floor":8,"key":"Omamori"}],"event_choices":[{"damage_healed":0,"gold_gain":0,"player_choice":"Fled","damage_taken":0,"max_hp_gain":0,"max_hp_loss":0,"event_name":"Scrap Ooze","floor":12,"gold_loss":0}],"is_beta":false,"boss_relics":[],"items_purged_floors":[14],"is_endless":false,"potions_floor_spawned":[5,8,15],"killed_by":"IC_STATUS_ARCHETYPE","ascension_level":1}}