{"host":"tq99ucv8ezzqzioe","time":1612049622,"event":{"mods":["BaseMod","Colored Map","Downfall","Highlight Path","Minty Spire (QoL Compilation)","StSLib"],"gold_per_floor":[116,126,137,137,107,107,135,146,219,219,219,233,233,233,233,233,233],"floor_reached":16,"language":"ENG","playtime":711,"items_purged":[],"score":143,"play_id":"05fa79cc-0103-4669-9e64-e7d3a157ad88","local_time":"20210130183342","is_ascension_mode":true,"campfire_choices":[{"data":"Body Slam","floor":6,"key":"SMITH"},{"data":"Body Slam","floor":15,"key":"SMITH"}],"circlet_count":0,"master_deck":["Strike_R","Strike_R","Strike_R","Strike_R","Defend_R","Defend_R","Defend_R","Defend_R","Bash","Impervious","Body Slam+1","Headbutt","Body Slam+1","Uppercut","True Grit"],"relics":["Burning Blood","Bird Faced Urn","Golden Idol","Ginger"],"acts_visited":["Exordium"],"potions_floor_usage":[7,11],"damage_taken":[{"damage":9,"enemies":"2 Louse","floor":1,"turns":3},{"damage":5,"enemies":"Small Slimes","floor":2,"turns":3},{"damage":9,"enemies":"Cultist","floor":3,"turns":5},{"damage":2,"enemies":"Looter","floor":5,"turns":4},{"damage":55,"enemies":"3 Sentries","floor":7,"turns":15},{"damage":0,"enemies":"Large Slime","floor":8,"turns":5},{"damage":22,"enemies":"Gremlin Nob","floor":11,"turns":4},{"damage":7,"enemies":"Exordium Wildlife","floor":12,"turns":4},{"damage":33,"enemies":"Slime Boss","floor":16,"turns":3}],"seed_played":"-8938899107204893427","potions_obtained":[{"floor":2,"key":"LiquidBronze"},{"floor":3,"key":"SmokeBomb"}],"is_trial":false,"path_per_floor":["M","M","M","?","M","R","E","M","T","?","E","M","?","T","R","B"],"character_chosen":"IRONCLAD","items_purchased":[],"campfire_rested":0,"item_purchase_floors":[],"current_hp_per_floor":[69,70,67,67,71,71,22,28,28,28,12,11,11,11,11,0,0],"gold":233,"neow_bonus":"ONE_RANDOM_RARE_CARD","is_daily":false,"chose_seed":false,"campfire_upgraded":2,"win_rate":0.0,"timestamp":1612049622,"path_taken":["M","M","M","?","M","R","E","M","T","?","E","M","?","?","R","BOSS"],"items_purchased_type":[],"build_version":"2020-12-22","purchased_purges":0,"victory":false,"max_hp_per_floor":[80,80,80,80,80,80,80,80,80,80,80,80,74,74,74,74,74],"card_choices":[{"not_picked":["True Grit","Power Through"],"picked":"Body Slam","floor":1},{"not_picked":["Twin Strike","Flex","Heavy Blade"],"picked":"SKIP","floor":2},{"not_picked":["Blood for Blood","Rage"],"picked":"Headbutt","floor":3},{"not_picked":["Pommel Strike","Havoc","Perfected Strike"],"picked":"SKIP","floor":5},{"not_picked":["Double Tap","Perfected Strike"],"picked":"Body Slam","floor":7},{"not_picked":["Clothesline","Armaments","True Grit"],"picked":"SKIP","floor":8},{"not_picked":["Clash","Limit Break"],"picked":"True Grit","floor":12}],"player_experience":826809,"relics_obtained":[{"floor":7,"key":"Bird Faced Urn"},{"floor":14,"key":"Ginger"}],"event_choices":[{"damage_healed":0,"gold_gain":0,"player_choice":"Ignored","damage_taken":0,"max_hp_gain":0,"max_hp_loss":0,"event_name":"Liars Game","floor":4,"gold_loss":0},{"damage_healed":0,"gold_gain":0,"cards_transformed":["Strike_R"],"player_choice":"Change","damage_taken":0,"max_hp_gain":0,"max_hp_loss":0,"event_name":"Living Wall","floor":10,"gold_loss":0,"cards_obtained":["Uppercut"]},{"damage_healed":0,"gold_gain":0,"player_choice":"Lose Max HP","damage_taken":0,"relics_obtained":["Golden Idol"],"max_hp_gain":0,"max_hp_loss":6,"event_name":"Golden Idol","floor":13,"gold_loss":0}],"is_beta":false,"boss_relics":[],"items_purged_floors":[],"is_endless":false,"potions_floor_spawned":[2,3],"killed_by":"Slime Boss","ascension_level":6}}