{"host":"iphsb0ccnjx0pfn6","time":1612008172,"event":{"mods":["2.2 Compatiblity","AchievementEnabler","BaseMod","Colored Map","DeckTracker","Keyboard Shortcuts","Minty Spire (QoL Compilation)","Permanent Neow","Quick Restart","Relic Stats","StSLib","SuperFastMode","Uncapped","everything is the same but u backflip on backflip"],"gold_per_floor":[110,129,54,129,149,149,164,174,200,200,211,361,374,168,168,239,239,258,53,73,73,93,93,93,93,117,143,143,143,40,40,40,128,128,142,152,2,22,40,67,86,86,86,103,120,170,170,189,189,189,189],"floor_reached":50,"language":"KOR","playtime":1337,"items_purged":["Strike_B","Doubt","Strike_B","Defend_B"],"score":972,"play_id":"5005b6a8-57e3-4657-80ef-b1c06973eb3e","local_time":"20210130210252","is_ascension_mode":true,"campfire_choices":[{"data":"Go for the Eyes","floor":6.0,"key":"SMITH"},{"data":"Buffer","floor":10.0,"key":"SMITH"},{"data":"Loop","floor":15.0,"key":"SMITH"},{"data":"Recycle","floor":23.0,"key":"SMITH"},{"floor":25.0,"key":"REST"},{"data":"Zap","floor":29.0,"key":"SMITH"},{"data":"Madness","floor":32.0,"key":"SMITH"},{"data":"Hologram","floor":42,"key":"SMITH"},{"floor":49,"key":"REST"}],"circlet_count":0,"master_deck":["AscendersBane","Defend_B","Zap+1","Go for the Eyes+1","Genetic Algorithm","Glacier","Loop+1","Gash","Ball Lightning","Buffer+1","Gash","Electrodynamics","Hologram+1","All For One","Recycle+1","Gash","Madness+1","Fission"],"relics":["Cracked Core","DataDisk","SacredBark","Bag of Preparation","Art of War","CeramicFish","Empty Cage","PreservedInsect","FossilizedHelix","Pocketwatch"],"acts_visited":["TheCity","TheBeyond"],"potions_floor_usage":[41,46,50],"damage_taken":[{"damage":3.0,"enemies":"Small Slimes","floor":1.0,"turns":4.0},{"damage":4.0,"enemies":"Jaw Worm","floor":2.0,"turns":3.0},{"damage":0.0,"enemies":"2 Louse","floor":5.0,"turns":3.0},{"damage":7.0,"enemies":"Red Slaver","floor":7.0,"turns":6.0},{"damage":6.0,"enemies":"Looter","floor":8.0,"turns":3.0},{"damage":0.0,"enemies":"Large Slime","floor":11.0,"turns":4.0},{"damage":15.0,"enemies":"Gremlin Gang","floor":13.0,"turns":4.0},{"damage":6.0,"enemies":"Hexaghost","floor":16.0,"turns":8.0},{"damage":1.0,"enemies":"Shell Parasite","floor":18.0,"turns":5.0},{"damage":0.0,"enemies":"Chosen","floor":20.0,"turns":4.0},{"damage":28.0,"enemies":"3 Cultists","floor":22.0,"turns":4.0},{"damage":9.0,"enemies":"Gremlin Leader","floor":27.0,"turns":3.0},{"damage":15.0,"enemies":"Automaton","floor":33.0,"turns":8.0},{"damage":1.0,"enemies":"3 Shapes","floor":35.0,"turns":3.0},{"damage":0.0,"enemies":"3 Darklings","floor":36.0,"turns":4.0},{"damage":8.0,"enemies":"4 Shapes","floor":38.0,"turns":4.0},{"damage":4.0,"enemies":"Sphere and 2 Shapes","floor":39.0,"turns":4.0},{"damage":26.0,"enemies":"Nemesis","floor":40.0,"turns":7.0},{"damage":0,"enemies":"Jaw Worm Horde","floor":41,"turns":2},{"damage":0,"enemies":"4 Shapes","floor":44,"turns":4},{"damage":0,"enemies":"Transient","floor":45,"turns":6},{"damage":11,"enemies":"2 Orb Walkers","floor":46,"turns":3},{"damage":17,"enemies":"Jaw Worm Horde","floor":48,"turns":4},{"damage":48,"enemies":"Time Eater","floor":50,"turns":6}],"seed_played":"-4254785581615532777","potions_obtained":[{"floor":5.0,"key":"LiquidBronze"},{"floor":7.0,"key":"Dexterity Potion"},{"floor":22.0,"key":"LiquidMemories"},{"floor":27.0,"key":"Regen Potion"},{"floor":35.0,"key":"FearPotion"},{"floor":39.0,"key":"DistilledChaos"},{"floor":41,"key":"CultistPotion"}],"is_trial":false,"path_per_floor":["M","M","$","?","M","R","M","M","T","R","M","?","M","$","R","B",null,"M","$","M","$","M","R","?","R","T","E","?","R","$","?","R","B",null,"M","M","$","M","M","E","M","R","T","M","M","?","?","M","R","B"],"character_chosen":"DEFECT","items_purchased":["Gash","Hologram","Recycle","Madness"],"campfire_rested":2,"item_purchase_floors":[14,14,19,30],"current_hp_per_floor":[61,57,57,46,46,46,39,33,33,33,33,33,18,18,18,12,51,50,50,50,50,22,22,22,41,41,32,32,32,32,32,32,64,64,63,63,63,55,51,25,25,25,25,25,25,14,52,35,50,2,2],"gold":189,"neow_bonus":"TRANSFORM_TWO_CARDS","is_daily":false,"chose_seed":false,"campfire_upgraded":7,"win_rate":0.0,"timestamp":1612008172,"path_taken":["M","M","$","?","M","R","M","M","T","R","M","?","M","$","R","BOSS","M","$","M","$","M","R","?","R","T","E","?","R","?","?","R","BOSS","M","M","$","M","M","E","M","R","T","M","M","?","?","M","R","BOSS"],"items_purchased_type":["Card","Card","Card","Card"],"build_version":"2020-12-22","purchased_purges":4,"victory":false,"max_hp_per_floor":[64,64,64,64,64,64,64,64,64,64,64,64,64,64,64,64,64,64,64,64,64,64,64,64,64,64,64,64,64,64,64,64,64,64,64,64,64,64,64,64,64,64,64,64,64,64,52,52,52,52,52],"relic_stats":{"counters":[24,105],"CeramicFish":9,"PreservedInsect":0,"Bag of Preparation":[26],"Art of War":[5],"obtain_stats":[{"DataDisk":9,"SacredBark":17,"CeramicFish":31,"PreservedInsect":40,"Bag of Preparation":26,"Art of War":27,"Cracked Core":0,"Empty Cage":34,"FossilizedHelix":43,"Pocketwatch":46},{"DataDisk":5,"SacredBark":8,"CeramicFish":12,"PreservedInsect":18,"Bag of Preparation":11,"Art of War":12,"Cracked Core":0,"Empty Cage":13,"FossilizedHelix":19,"Pocketwatch":22},{"DataDisk":19,"SacredBark":34,"CeramicFish":50,"PreservedInsect":80,"Bag of Preparation":47,"Art of War":50,"Cracked Core":0,"Empty Cage":58,"FossilizedHelix":82,"Pocketwatch":95}],"Pocketwatch":[6]},"card_choices":[{"not_picked":["Stack","Rebound"],"picked":"Glacier","floor":1.0},{"not_picked":["Steam","Go for the Eyes"],"picked":"Loop","floor":2.0},{"not_picked":["Go for the Eyes","Leap"],"picked":"Gash","floor":5.0},{"not_picked":["Leap","Ball Lightning","Genetic Algorithm"],"picked":"SKIP","floor":7.0},{"not_picked":["Leap","Genetic Algorithm"],"picked":"Ball Lightning","floor":7.0},{"not_picked":["Turbo","Streamline"],"picked":"Buffer","floor":8.0},{"not_picked":["Turbo","Defragment"],"picked":"Gash","floor":11.0},{"not_picked":["Cold Snap","Sweeping Beam"],"picked":"Electrodynamics","floor":13.0},{"not_picked":["Buffer","Meteor Strike"],"picked":"All For One","floor":16.0},{"not_picked":["Storm","Reprogram","Conserve Battery"],"picked":"SKIP","floor":18.0},{"not_picked":["Melter+1","Conserve Battery","Steam"],"picked":"SKIP","floor":20.0},{"not_picked":["Steam","Turbo"],"picked":"Gash","floor":22.0},{"not_picked":["Buffer","Streamline","Hologram"],"picked":"SKIP","floor":27.0},{"not_picked":["Core Surge","Thunder Strike"],"picked":"Fission","floor":33.0},{"not_picked":["Blizzard","Steam","BootSequence"],"picked":"SKIP","floor":35.0},{"not_picked":["Hello World","Sweeping Beam","Double Energy"],"picked":"SKIP","floor":36.0},{"not_picked":["Cold Snap","Recycle","Leap"],"picked":"SKIP","floor":38.0},{"not_picked":["Rebound","Beam Cell","Lockon"],"picked":"SKIP","floor":39.0},{"not_picked":["Chaos","Stack","Darkness"],"picked":"SKIP","floor":40.0},{"not_picked":["Recycle","Tempest","Go for the Eyes"],"picked":"SKIP","floor":41},{"not_picked":["Consume","Hyperbeam","Force Field"],"picked":"SKIP","floor":44},{"not_picked":["Sunder","Barrage","Sweeping Beam"],"picked":"SKIP","floor":45},{"not_picked":["Leap","White Noise","Self Repair"],"picked":"SKIP","floor":48}],"player_experience":1290961,"relics_obtained":[{"floor":9.0,"key":"DataDisk"},{"floor":26.0,"key":"Bag of Preparation"},{"floor":27.0,"key":"Art of War"},{"floor":40.0,"key":"PreservedInsect"},{"floor":43,"key":"FossilizedHelix"},{"floor":46,"key":"Pocketwatch"}],"event_choices":[{"damage_healed":0.0,"max_hp_gain":0.0,"max_hp_loss":0.0,"gold_gain":75.0,"event_name":"World of Goop","player_choice":"Gather Gold","floor":4.0,"gold_loss":0.0,"damage_taken":11.0},{"damage_healed":0.0,"max_hp_gain":0.0,"max_hp_loss":0.0,"gold_gain":150.0,"event_name":"Liars Game","player_choice":"AGREE","floor":12.0,"gold_loss":0.0,"damage_taken":0.0,"cards_obtained":["Doubt"]},{"damage_healed":0.0,"max_hp_gain":0.0,"max_hp_loss":0.0,"gold_gain":0.0,"cards_transformed":["Strike_B","Defend_B"],"event_name":"Drug Dealer","player_choice":"Became Test Subject","floor":24.0,"gold_loss":0.0,"damage_taken":0.0,"cards_obtained":["Sweeping Beam","Barrage"]},{"cards_removed":["Barrage"],"damage_healed":0.0,"max_hp_gain":0.0,"max_hp_loss":0.0,"gold_gain":0.0,"event_name":"Back to Basics","player_choice":"Elegance","floor":28.0,"gold_loss":0.0,"damage_taken":0.0},{"cards_removed":["Gash"],"damage_healed":0.0,"max_hp_gain":0.0,"max_hp_loss":0.0,"gold_gain":0.0,"event_name":"WeMeetAgain","player_choice":"Gave Card","floor":31.0,"gold_loss":0.0,"damage_taken":0.0,"relics_obtained":["CeramicFish"]},{"damage_healed":0,"gold_gain":0,"player_choice":"Fight","damage_taken":0,"max_hp_gain":0,"max_hp_loss":0,"event_name":"Mysterious Sphere","floor":46,"gold_loss":0},{"damage_healed":52,"gold_gain":0,"player_choice":"Heal","damage_taken":0,"max_hp_gain":0,"max_hp_loss":12,"event_name":"The Moai Head","floor":47,"gold_loss":0}],"is_beta":false,"boss_relics":[{"not_picked":["Tiny House","Runic Dome"],"picked":"SacredBark"},{"not_picked":["Pandora\u0027s Box","Cursed Key"],"picked":"Empty Cage"}],"items_purged_floors":[3,14,19,37],"is_endless":false,"potions_floor_spawned":[5,7,11,22,27,35,39,40,41,44],"killed_by":"Time Eater","ascension_level":20}}