{"host":"favrcuc0pmi4z15q","time":1612026862,"event":{"mods":["Act Like it!","BaseMod","Colored Powertips","Minty Spire (QoL Compilation)","Reliquary","Replay The Spire","Shop Mod","StSLib","Td1madao Mod","The Jungle"],"gold_per_floor":[111,61,61,61,81,81,108,108,108,108,118,118,118,118,118,221,221],"floor_reached":16,"language":"ENG","playtime":428,"items_purged":[],"score":171,"play_id":"f9539640-7991-441f-8f23-350179d3f92f","local_time":"20210130181422","is_ascension_mode":false,"campfire_choices":[{"data":"Fire Up","floor":6,"key":"SMITH"},{"data":"Pod Fire","floor":8,"key":"SMITH"},{"data":"Chip","floor":10,"key":"SMITH"},{"data":"Floating Swing Kick","floor":12,"key":"SMITH"},{"floor":15,"key":"RECALL"}],"circlet_count":0,"master_deck":["Strike_C","Strike_C","Strike_C","Defend_C","Defend_C","Defend_C","Defend_C","Chip+1","Fire Up+1","Gravity Defend+1","Pod Fire+1","Floating Swing Kick+1"],"relics":["Apod","NeowsBlessing","Question Card","Potion Belt"],"acts_visited":["Exordium"],"potions_floor_usage":[],"damage_taken":[{"damage":0,"enemies":"Small Slimes","floor":1,"turns":1},{"damage":0,"enemies":"Jaw Worm","floor":5,"turns":1},{"damage":0,"enemies":"Lagavulin","floor":7,"turns":1},{"damage":0,"enemies":"Cultist","floor":11,"turns":4},{"damage":25,"enemies":"Slime Boss","floor":16,"turns":8}],"seed_played":"-3849954972266546517","potions_obtained":[{"floor":5,"key":"SkillPotion"},{"floor":7,"key":"Weak Potion"},{"floor":11,"key":"Elixir"}],"is_trial":false,"path_per_floor":["M","?","?","?","M","R","E","R","T","R","M","R","$","$","R","B"],"character_chosen":"TD1MADAO_CLASS","items_purchased":[],"campfire_rested":0,"item_purchase_floors":[],"current_hp_per_floor":[70,70,70,70,70,70,70,70,70,70,70,70,70,70,70,45,45],"gold":221,"neow_bonus":"THREE_ENEMY_KILL","is_daily":false,"chose_seed":false,"campfire_upgraded":4,"win_rate":0.0,"timestamp":1612026862,"path_taken":["M","?","?","?","M","R","E","R","T","R","M","R","?","$","R","BOSS"],"items_purchased_type":[],"build_version":"2020-12-22","purchased_purges":0,"victory":false,"max_hp_per_floor":[70,70,70,70,70,70,70,70,70,70,70,70,70,70,70,70,70],"card_choices":[{"not_picked":["Cursed Blade","Light Attack"],"picked":"Fire Up","floor":1},{"not_picked":["Trader","Oblique Hack"],"picked":"Pod Fire","floor":5},{"not_picked":["Transfer Energy","Money Cant Rescue","Provocative"],"picked":"SKIP","floor":7},{"not_picked":["Weapon Shift","Black Hand","Twin Teeth"],"picked":"Floating Swing Kick","floor":11}],"player_experience":1054469,"relics_obtained":[{"floor":7,"key":"Question Card"},{"floor":9,"key":"Potion Belt"}],"event_choices":[{"cards_removed":["Strike_C"],"damage_healed":0,"gold_gain":0,"player_choice":"Card Removal","damage_taken":0,"max_hp_gain":0,"max_hp_loss":0,"event_name":"The Cleric","floor":2,"gold_loss":50},{"damage_healed":0,"gold_gain":0,"player_choice":"Ignored","damage_taken":0,"max_hp_gain":0,"max_hp_loss":0,"event_name":"Liars Game","floor":3,"gold_loss":0}],"is_beta":false,"boss_relics":[],"items_purged_floors":[],"is_endless":false,"potions_floor_spawned":[5,7,11],"killed_by":"Slime Boss","ascension_level":0}}