{"host":"89iuq2p5kwriuwfq","time":1612014589,"event":{"mods":["BaseMod","Curses Come First","Minty Spire (QoL Compilation)","Permanent Neow","StSLib"],"gold_per_floor":[112,123,123,140,42,42,70,82,119,81,110,141,188,213,225,333,345,374,397,409,432,460,491,533,563,575,587,599,646,195,235,235,345,345,369,369,369,381,179,179,219,219,219,219,245,289,289,312,312,312],"floor_reached":51,"language":"ENG","playtime":4554,"items_purged":["Defend_P","Defend_P"],"score":1249,"play_id":"403bbb56-c172-4a47-8ae7-693037f5b060","local_time":"20210130134949","is_ascension_mode":true,"campfire_choices":[{"data":"MentalFortress","floor":6.0,"key":"SMITH"},{"data":"WindmillStrike","floor":15.0,"key":"SMITH"},{"data":"LikeWater","floor":27.0,"key":"SMITH"},{"data":"LikeWater","floor":32.0,"key":"SMITH"},{"floor":40.0,"key":"REST"},{"data":"Protect","floor":42,"key":"SMITH"},{"floor":49,"key":"REST"}],"circlet_count":0,"master_deck":["Strike_P+1","Eruption+1","Vigilance","WindmillStrike+1","MentalFortress+1","Judgement","Adaptation","CrushJoints+1","Crescendo","Protect+1","Meditate","FearNoEvil","EmptyBody+1","Establishment","CutThroughFate+1","Alpha","Adaptation+1","Wireheading+1","LikeWater+1","LikeWater+1","Halt","MentalFortress+1","DeceiveReality+1","Protect+1","LessonLearned","ThirdEye+1","Indignation","InnerPeace","Vault+1","Protect+1"],"relics":["PureWater","FaceOfCleric","MawBank","Ancient Tea Set","Blood Vial","Empty Cage","Pen Nib","Whetstone","Enchiridion","Darkstone Periapt","HornCleat","CeramicFish","VioletLotus","Yang","Mummified Hand","Dead Branch"],"acts_visited":["Exordium","TheCity","TheBeyond"],"potions_floor_usage":[41,41,46,46,46,46,50,50],"damage_taken":[{"damage":0.0,"enemies":"Cultist","floor":1.0,"turns":4.0},{"damage":0.0,"enemies":"2 Louse","floor":2.0,"turns":2.0},{"damage":2.0,"enemies":"Jaw Worm","floor":4.0,"turns":4.0},{"damage":10.0,"enemies":"3 Sentries","floor":7.0,"turns":6.0},{"damage":6.0,"enemies":"Looter","floor":11.0,"turns":3.0},{"damage":14.0,"enemies":"Lots of Slimes","floor":12.0,"turns":3.0},{"damage":0.0,"enemies":"Lagavulin","floor":13.0,"turns":6.0},{"damage":1.0,"enemies":"Exordium Wildlife","floor":14.0,"turns":3.0},{"damage":23.0,"enemies":"Hexaghost","floor":16.0,"turns":8.0},{"damage":1.0,"enemies":"Chosen","floor":18.0,"turns":4.0},{"damage":1.0,"enemies":"Shell Parasite","floor":19.0,"turns":4.0},{"damage":19.0,"enemies":"Snecko","floor":21.0,"turns":6.0},{"damage":16.0,"enemies":"Chosen and Byrds","floor":22.0,"turns":6.0},{"damage":7.0,"enemies":"Centurion and Healer","floor":23.0,"turns":4.0},{"damage":18.0,"enemies":"Book of Stabbing","floor":24.0,"turns":4.0},{"damage":23.0,"enemies":"Snake Plant","floor":25.0,"turns":4.0},{"damage":15.0,"enemies":"Slavers","floor":29.0,"turns":6.0},{"damage":0.0,"enemies":"Book of Stabbing","floor":31.0,"turns":5.0},{"damage":28.0,"enemies":"Automaton","floor":33.0,"turns":11.0},{"damage":9.0,"enemies":"3 Shapes","floor":35.0,"turns":11.0},{"damage":54.0,"enemies":"3 Darklings","floor":38.0,"turns":9.0},{"damage":26,"enemies":"Reptomancer","floor":41,"turns":7},{"damage":0,"enemies":"4 Shapes","floor":45,"turns":6},{"damage":0,"enemies":"Giant Head","floor":46,"turns":7},{"damage":0,"enemies":"Sphere and 2 Shapes","floor":48,"turns":11},{"damage":55,"enemies":"Awakened One","floor":50,"turns":9}],"seed_played":"-3227642537244064647","potions_obtained":[{"floor":1.0,"key":"Block Potion"},{"floor":2.0,"key":"BlessingOfTheForge"},{"floor":12.0,"key":"LiquidBronze"},{"floor":14.0,"key":"Explosive Potion"},{"floor":24.0,"key":"FairyPotion"},{"floor":25.0,"key":"FairyPotion"},{"floor":29.0,"key":"SkillPotion"},{"floor":31.0,"key":"Strength Potion"},{"floor":33.0,"key":"Explosive Potion"},{"floor":38.0,"key":"ColorlessPotion"},{"floor":41,"key":"LiquidMemories"},{"floor":45,"key":"EntropicBrew"},{"floor":48,"key":"GamblersBrew"}],"is_trial":false,"path_per_floor":["M","M","?","M","$","R","E","?","T","?","M","M","E","M","R","B",null,"M","M","?","M","M","M","E","M","T","R","?","E","$","E","R","B",null,"M","?","?","M","$","R","E","R","T","?","M","E","?","M","R","B",null],"character_chosen":"WATCHER","items_purchased":["Adaptation","CrushJoints","MentalFortress","HornCleat","DeceiveReality","Fruit Juice"],"campfire_rested":2,"item_purchase_floors":[5,5,30,30,30,39],"current_hp_per_floor":[65,65,65,64,64,64,55,55,55,55,50,37,38,40,40,20,64,66,68,68,52,39,35,20,26,26,26,10,26,26,29,29,4,68,62,62,62,11,11,38,20,20,20,20,23,26,26,29,59,7],"gold":312,"neow_bonus":"UPGRADE_CARD","is_daily":false,"chose_seed":false,"campfire_upgraded":5,"win_rate":0.0,"timestamp":1612014589,"path_taken":["M","M","?","?","?","R","E","?","T","?","M","M","E","?","R","BOSS","M","M","?","?","M","M","E","M","T","R","?","E","$","E","R","BOSS","M","?","?","M","$","R","E","R","T","?","M","E","?","M","R","BOSS"],"items_purchased_type":["Card","Card","Card","Relic","Card","Potion"],"build_version":"2020-12-22","purchased_purges":2,"victory":true,"max_hp_per_floor":[72,72,72,73,73,73,74,74,74,74,75,76,77,78,78,79,79,80,81,81,82,83,84,85,86,86,86,86,87,87,88,88,89,89,90,90,90,91,91,91,97,97,97,97,98,99,99,100,100,101],"card_choices":[{"not_picked":["ThirdEye","ReachHeaven"],"picked":"WindmillStrike","floor":1.0},{"not_picked":["PathToVictory","CrushJoints"],"picked":"MentalFortress","floor":2.0},{"not_picked":["EmptyFist","BattleHymn"],"picked":"Judgement","floor":4.0},{"not_picked":["Adaptation","CrushJoints"],"picked":"Crescendo","floor":7.0},{"not_picked":["PathToVictory","FlyingSleeves"],"picked":"Protect","floor":11.0},{"not_picked":["SashWhip","ForeignInfluence"],"picked":"Meditate","floor":12.0},{"not_picked":["Weave","Brilliance"],"picked":"FearNoEvil","floor":13.0},{"not_picked":["SashWhip","BowlingBash","EmptyBody"],"picked":"SKIP","floor":14.0},{"not_picked":["SashWhip","BowlingBash"],"picked":"EmptyBody","floor":14.0},{"not_picked":["ConjureBlade","Blasphemy"],"picked":"Establishment","floor":16.0},{"not_picked":["EmptyBody+1","FollowUp"],"picked":"CutThroughFate+1","floor":18.0},{"not_picked":["SashWhip+1","JustLucky+1","EmptyFist"],"picked":"SKIP","floor":19.0},{"not_picked":["WheelKick","Consecrate"],"picked":"Adaptation","floor":21.0},{"not_picked":["Devotion","PathToVictory"],"picked":"Wireheading+1","floor":22.0},{"not_picked":["SignatureMove","SashWhip+1","FollowUp"],"picked":"SKIP","floor":23.0},{"not_picked":["Evaluate","PathToVictory+1"],"picked":"LikeWater","floor":24.0},{"not_picked":["EmptyMind","CutThroughFate"],"picked":"LikeWater","floor":25.0},{"not_picked":["EmptyBody+1","Study"],"picked":"Halt","floor":29.0},{"not_picked":["CrushJoints+1","ForeignInfluence+1"],"picked":"Protect","floor":31.0},{"not_picked":["Vault","Alpha"],"picked":"LessonLearned","floor":33.0},{"not_picked":["PathToVictory+1","Nirvana"],"picked":"ThirdEye+1","floor":35.0},{"not_picked":["JustLucky","BowlingBash","PathToVictory+1"],"picked":"SKIP","floor":38.0},{"not_picked":["EmptyFist+1","Blasphemy"],"picked":"Indignation","floor":41},{"not_picked":["CrushJoints+1","PathToVictory+1"],"picked":"InnerPeace","floor":45},{"not_picked":["JustLucky+1","Conclude+1"],"picked":"Vault","floor":46},{"not_picked":["Study+1","Consecrate+1"],"picked":"Protect+1","floor":48}],"player_experience":598655,"relics_obtained":[{"floor":7.0,"key":"MawBank"},{"floor":9.0,"key":"Ancient Tea Set"},{"floor":13.0,"key":"Blood Vial"},{"floor":24.0,"key":"Pen Nib"},{"floor":26.0,"key":"Whetstone"},{"floor":28.0,"key":"Enchiridion"},{"floor":29.0,"key":"Darkstone Periapt"},{"floor":31.0,"key":"CeramicFish"},{"floor":41,"key":"Yang"},{"floor":43,"key":"Mummified Hand"},{"floor":46,"key":"Dead Branch"}],"event_choices":[{"damage_healed":0.0,"max_hp_gain":0.0,"max_hp_loss":0.0,"gold_gain":0.0,"event_name":"FaceTrader","player_choice":"Trade","floor":3.0,"gold_loss":0.0,"damage_taken":0.0,"relics_obtained":["FaceOfCleric"]},{"damage_healed":0.0,"max_hp_gain":0.0,"max_hp_loss":0.0,"gold_gain":0.0,"event_name":"Liars Game","player_choice":"Ignored","floor":8.0,"gold_loss":0.0,"damage_taken":0.0},{"cards_removed":["Strike_P"],"damage_healed":0.0,"max_hp_gain":0.0,"max_hp_loss":0.0,"gold_gain":0.0,"event_name":"The Cleric","player_choice":"Card Removal","floor":10.0,"gold_loss":50.0,"damage_taken":0.0},{"damage_healed":0.0,"max_hp_gain":0.0,"max_hp_loss":0.0,"gold_gain":0.0,"cards_transformed":["Defend_P"],"event_name":"Transmorgrifier","player_choice":"Transformed","floor":20.0,"gold_loss":0.0,"damage_taken":0.0,"cards_obtained":["Alpha"]},{"damage_healed":0.0,"max_hp_gain":0.0,"max_hp_loss":0.0,"gold_gain":0.0,"event_name":"Cursed Tome","player_choice":"Obtained Book","floor":28.0,"gold_loss":0.0,"damage_taken":16.0},{"damage_healed":0.0,"max_hp_gain":0.0,"max_hp_loss":0.0,"gold_gain":0.0,"event_name":"Tomb of Lord Red Mask","player_choice":"Ignored","floor":36.0,"gold_loss":0.0,"damage_taken":0.0},{"cards_removed":["Strike_P"],"damage_healed":0.0,"max_hp_gain":0.0,"max_hp_loss":0.0,"gold_gain":0.0,"event_name":"Falling","player_choice":"Removed Attack","floor":37.0,"gold_loss":0.0,"damage_taken":0.0},{"damage_healed":0,"gold_gain":0,"player_choice":"Memory 1","damage_taken":0,"max_hp_gain":0,"max_hp_loss":0,"event_name":"SensoryStone","floor":44,"gold_loss":0},{"damage_healed":0,"gold_gain":0,"player_choice":"Forge","damage_taken":0,"max_hp_gain":0,"max_hp_loss":0,"event_name":"Accursed Blacksmith","floor":47,"gold_loss":0,"cards_upgraded":["Vault"]}],"is_beta":false,"boss_relics":[{"not_picked":["HolyWater","Busted Crown"],"picked":"Empty Cage"},{"not_picked":["SacredBark","Black Star"],"picked":"VioletLotus"}],"items_purged_floors":[30,39],"is_endless":false,"potions_floor_spawned":[1,2,12,14,19,24,25,29,31,33,38,41,45,48],"ascension_level":9}}