{"host":"6xsbn6ynqlzwllfm","time":1612027660,"event":{"mods":["2.2 Compatiblity","BaseMod","Bestiary","Colored Map","Colored Powertips","Curses Come First","Highlight Path","Keyboard Shortcuts","Minty Spire (QoL Compilation)","Relic Stats","Slay the Relics Exporter","StSLib","SuperFastMode"],"gold_per_floor":[111,111,111,129,142,175,175,210,255,255,268,300,313,28,28,105,105,122,136,136,136,12,12,23,58,58,91,91,124,124,137,137,211,211,222,497,417,433,446,446,461,461,461,461,473,485,216,216,216,216,216,216,5,35,35,35],"floor_reached":55,"language":"ENG","playtime":2398,"items_purged":["Strike_B","Regret","Strike_B"],"score":1553,"play_id":"7c1e6052-2009-4626-9e12-792e7d7aa40b","local_time":"20210130122740","is_ascension_mode":true,"campfire_choices":[{"data":"Self Repair","floor":7.0,"key":"SMITH"},{"floor":10.0,"key":"REST"},{"data":"Capacitor","floor":15.0,"key":"SMITH"},{"data":"Defragment","floor":23,"key":"SMITH"},{"data":"Static Discharge","floor":28,"key":"SMITH"},{"data":"Coolheaded","floor":32,"key":"SMITH"},{"data":"Loop","floor":40,"key":"SMITH"},{"data":"Defragment","floor":42,"key":"SMITH"},{"floor":44,"key":"RECALL"},{"data":"Blizzard","floor":49,"key":"SMITH"},{"data":"Heatsinks","floor":52,"key":"SMITH"}],"circlet_count":0,"master_deck":["AscendersBane","Strike_B","Defend_B","Defend_B","Defend_B","Zap","Dualcast","Cold Snap","Consume","Compile Driver","Self Repair+1","Loop+1","Barrage","Turbo","Cold Snap","Coolheaded+1","Capacitor+1","Skim","Static Discharge+1","Biased Cognition","Defragment+1","Self Repair","Cold Snap","Self Repair","Defragment+1","Buffer","Glacier+1","Machine Learning","Loop","Heatsinks+1","Blizzard+1","Loop","Loop","Loop","Capacitor"],"relics":["Cracked Core","The Courier","FaceOfCleric","Akabeko","Darkstone Periapt","Oddly Smooth Stone","Centennial Puzzle","PreservedInsect","Coffee Dripper","Bottled Flame","DataDisk","Nunchaku","Boot","Snecko Eye","Sundial"],"acts_visited":["Exordium","TheCity","TheBeyond","TheEnding"],"potions_floor_usage":[16,27,31,33,33,54],"damage_taken":[{"damage":1.0,"enemies":"Cultist","floor":1.0,"turns":4.0},{"damage":2.0,"enemies":"Small Slimes","floor":4.0,"turns":3.0},{"damage":1.0,"enemies":"2 Louse","floor":5.0,"turns":2.0},{"damage":28.0,"enemies":"Gremlin Nob","floor":6.0,"turns":4.0},{"damage":25.0,"enemies":"Lagavulin","floor":8.0,"turns":8.0},{"damage":4.0,"enemies":"Large Slime","floor":11.0,"turns":6.0},{"damage":16.0,"enemies":"Gremlin Nob","floor":12.0,"turns":4.0},{"damage":16.0,"enemies":"Gremlin Gang","floor":13.0,"turns":4.0},{"damage":26,"enemies":"Slime Boss","floor":16,"turns":8},{"damage":33,"enemies":"Shell Parasite","floor":18,"turns":7},{"damage":11,"enemies":"3 Byrds","floor":19,"turns":7},{"damage":32,"enemies":"Snake Plant","floor":24,"turns":6},{"damage":26,"enemies":"Book of Stabbing","floor":25,"turns":4},{"damage":36,"enemies":"Slavers","floor":27,"turns":5},{"damage":32,"enemies":"Book of Stabbing","floor":29,"turns":4},{"damage":16,"enemies":"Shelled Parasite and Fungi","floor":31,"turns":3},{"damage":0,"enemies":"Automaton","floor":33,"turns":11},{"damage":4,"enemies":"Orb Walker","floor":35,"turns":5},{"damage":11,"enemies":"3 Darklings","floor":38,"turns":11},{"damage":4,"enemies":"Transient","floor":39,"turns":6},{"damage":59,"enemies":"Spire Growth","floor":41,"turns":6},{"damage":1,"enemies":"4 Shapes","floor":45,"turns":8},{"damage":10,"enemies":"Writhing Mass","floor":46,"turns":9},{"damage":23,"enemies":"Donu and Deca","floor":50,"turns":18},{"damage":40,"enemies":"Shield and Spear","floor":54,"turns":11},{"damage":105,"enemies":"The Heart","floor":55,"turns":14}],"seed_played":"-8423905911879666734","potions_obtained":[{"floor":4.0,"key":"Ancient Potion"},{"floor":5.0,"key":"ColorlessPotion"},{"floor":11.0,"key":"DistilledChaos"},{"floor":13.0,"key":"CultistPotion"},{"floor":19,"key":"BlessingOfTheForge"},{"floor":25,"key":"CultistPotion"},{"floor":29,"key":"Energy Potion"},{"floor":31,"key":"Dexterity Potion"},{"floor":33,"key":"Fire Potion"},{"floor":35,"key":"GamblersBrew"},{"floor":41,"key":"PotionOfCapacity"}],"is_trial":false,"path_per_floor":["M","?","?","M","M","E","R","E","T","R","M","E","M","$","R","B",null,"M","M","?","?","$","R","M","E","T","E","R","E","?","M","R","B",null,"M","?","$","M","M","R","M","R","T","R","M","M","$","?","R","B",null,"R","$","E","B"],"character_chosen":"DEFECT","items_purchased":["PreservedInsect","Coolheaded","Capacitor","Defragment","Self Repair","Loop","Heatsinks","Blizzard","Loop","Loop","Loop","Capacitor"],"campfire_rested":1,"item_purchase_floors":[14,14,14,22,22,47,47,47,53,53,53,53],"current_hp_per_floor":[70,59,59,58,58,31,31,17,17,41,48,43,28,28,28,13,68,46,46,46,98,98,98,84,76,76,61,61,47,47,46,46,71,96,105,111,111,112,113,113,79,79,79,79,103,116,116,116,116,117,117,117,117,102,0,0],"gold":35,"neow_bonus":"TEN_PERCENT_HP_BONUS","is_daily":false,"chose_seed":false,"campfire_upgraded":9,"win_rate":0.0,"timestamp":1612027660,"path_taken":["M","?","?","M","M","E","R","E","T","R","M","E","?","$","R","BOSS","M","M","?","?","$","R","?","E","T","E","R","E","?","?","R","BOSS","M","?","$","M","M","R","?","R","T","R","M","M","?","?","R","BOSS","R","$","E","BOSS"],"items_purchased_type":["Relic","Card","Card","Card","Card","Card","Card","Card","Card","Card","Card","Card"],"build_version":"2020-12-22","purchased_purges":3,"victory":false,"max_hp_per_floor":[78,78,78,79,80,81,81,82,82,82,83,84,85,85,85,86,86,87,88,88,98,98,98,99,100,100,101,101,102,102,103,103,104,104,105,111,111,112,113,113,114,114,114,114,115,116,116,116,116,117,117,117,117,118,118,118],"relic_stats":{"Darkstone Periapt":6,"Centennial Puzzle":[54],"Nunchaku":[14],"FaceOfCleric":24,"counters":[26,177],"Sundial":[4],"Snecko Eye":[193,198,200,199],"PreservedInsect":204,"Boot":[131],"obtain_stats":[{"Darkstone Periapt":8,"Oddly Smooth Stone":9,"The Courier":2,"PreservedInsect":14,"Boot":29,"Akabeko":6,"Centennial Puzzle":12,"Bottled Flame":25,"DataDisk":26,"Nunchaku":27,"FaceOfCleric":3,"Sundial":54,"Snecko Eye":34,"Coffee Dripper":17,"Cracked Core":0},{"Darkstone Periapt":5,"Oddly Smooth Stone":5,"The Courier":1,"PreservedInsect":8,"Boot":15,"Akabeko":4,"Centennial Puzzle":7,"Bottled Flame":13,"DataDisk":13,"Nunchaku":14,"FaceOfCleric":1,"Sundial":25,"Snecko Eye":17,"Coffee Dripper":9,"Cracked Core":0},{"Darkstone Periapt":21,"Oddly Smooth Stone":21,"The Courier":4,"PreservedInsect":35,"Boot":76,"Akabeko":13,"Centennial Puzzle":31,"Bottled Flame":67,"DataDisk":67,"Nunchaku":72,"FaceOfCleric":4,"Sundial":163,"Snecko Eye":90,"Coffee Dripper":43,"Cracked Core":0}]},"card_choices":[{"not_picked":["Gash","Coolheaded"],"picked":"Cold Snap","floor":1.0},{"not_picked":["Hologram","Leap"],"picked":"Consume","floor":4.0},{"not_picked":["Genetic Algorithm","Coolheaded"],"picked":"Compile Driver","floor":5.0},{"not_picked":["White Noise","Tempest"],"picked":"Self Repair","floor":6.0},{"not_picked":["Rip and Tear","Skim"],"picked":"Loop","floor":8.0},{"not_picked":["Double Energy","Redo"],"picked":"Barrage","floor":11.0},{"not_picked":["Compile Driver","Skim"],"picked":"Turbo","floor":12.0},{"not_picked":["Rainbow","Hologram"],"picked":"Cold Snap","floor":13.0},{"not_picked":["Buffer","Hyperbeam"],"picked":"Rainbow","floor":16},{"not_picked":["Gash","Streamline+1"],"picked":"Skim","floor":18},{"not_picked":["Compile Driver","Blizzard+1"],"picked":"Static Discharge","floor":19},{"not_picked":["Beam Cell","Gash"],"picked":"Cold Snap","floor":24},{"not_picked":["Blizzard+1","Streamline+1","Beam Cell"],"picked":"SKIP","floor":25},{"not_picked":["Rainbow","Meteor Strike"],"picked":"Self Repair","floor":29},{"not_picked":["Auto Shields","Compile Driver"],"picked":"Defragment","floor":31},{"not_picked":["Fission","Rainbow"],"picked":"Buffer","floor":33},{"not_picked":["FTL","Beam Cell+1"],"picked":"Glacier+1","floor":35},{"not_picked":["Stack","FTL","Sweeping Beam"],"picked":"SKIP","floor":38},{"not_picked":["Stack","Leap+1"],"picked":"Machine Learning","floor":41},{"not_picked":["Streamline","Ball Lightning","Reprogram"],"picked":"SKIP","floor":54}],"player_experience":1289179,"relics_obtained":[{"floor":6.0,"key":"Akabeko"},{"floor":8.0,"key":"Darkstone Periapt"},{"floor":9.0,"key":"Oddly Smooth Stone"},{"floor":12.0,"key":"Centennial Puzzle"},{"floor":25,"key":"Bottled Flame"},{"floor":26,"key":"DataDisk"},{"floor":27,"key":"Nunchaku"},{"floor":29,"key":"Boot"},{"floor":54,"key":"Sundial"}],"event_choices":[{"damage_healed":0.0,"max_hp_gain":0.0,"max_hp_loss":0.0,"gold_gain":0.0,"event_name":"Scrap Ooze","player_choice":"Success","floor":2.0,"gold_loss":0.0,"damage_taken":11.0,"relics_obtained":["The Courier"]},{"damage_healed":0.0,"max_hp_gain":0.0,"max_hp_loss":0.0,"gold_gain":0.0,"event_name":"FaceTrader","player_choice":"Trade","floor":3.0,"gold_loss":0.0,"damage_taken":0.0,"relics_obtained":["FaceOfCleric"]},{"damage_healed":0,"gold_gain":0,"player_choice":"Read","damage_taken":0,"max_hp_gain":0,"max_hp_loss":0,"event_name":"The Library","floor":20,"gold_loss":0,"cards_obtained":["Biased Cognition"]},{"cards_removed":["Rainbow"],"damage_healed":42,"gold_gain":0,"player_choice":"Offered Rare","damage_taken":0,"max_hp_gain":10,"max_hp_loss":0,"event_name":"Bonfire Elementals","floor":21,"gold_loss":0},{"cards_removed":["Strike_B"],"damage_healed":0,"gold_gain":0,"player_choice":"Purged","damage_taken":0,"max_hp_gain":0,"max_hp_loss":0,"event_name":"Purifier","floor":30,"gold_loss":0},{"damage_healed":0,"gold_gain":275,"player_choice":"Desecrate","damage_taken":0,"max_hp_gain":0,"max_hp_loss":0,"event_name":"Golden Shrine","floor":36,"gold_loss":0,"cards_obtained":["Regret"]},{"cards_removed":["Defend_B"],"damage_healed":0,"gold_gain":0,"player_choice":"Removed Skill","damage_taken":0,"max_hp_gain":0,"max_hp_loss":0,"event_name":"Falling","floor":48,"gold_loss":0}],"is_beta":false,"boss_relics":[{"not_picked":["Velvet Choker","Black Star"],"picked":"Coffee Dripper"},{"not_picked":["SlaversCollar","Runic Dome"],"picked":"Snecko Eye"}],"items_purged_floors":[14,37,47],"is_endless":false,"potions_floor_spawned":[4,5,11,13,19,25,29,31,33,35,39,41,46],"killed_by":"The Heart","ascension_level":19}}