{"host":"1pkwkj8mkn7raipg","time":1612016658,"event":{"mods":["BaseMod","LagranYue(¿≠∏Ò¿ °§‘¬)","Minty Spire (QoL Compilation)","Replay The Spire","StSLib","TestMod","The Animator","The Hierophant","The Saiyan"],"gold_per_floor":[367,8,8,8,32,32,72,72,95,17,50,69,69,69,69,167,167,187,211,211,211,226,270,270,284,284,284,64,79,79],"floor_reached":29,"language":"ZHS","playtime":1413,"items_purged":["Strike_R"],"score":532,"play_id":"6704610b-bbca-4786-98c1-8536fa6c55f0","local_time":"20210130222418","is_ascension_mode":true,"campfire_choices":[{"data":"hierophant:ChurchCoffers","floor":6.0,"key":"SMITH"},{"data":"True Grit","floor":8.0,"key":"SMITH"},{"data":"ReplayTheSpireMod:Strike From Hell","floor":13.0,"key":"SMITH"},{"data":"Feel No Pain","floor":15.0,"key":"SMITH"},{"data":"Dual Wield","floor":24,"key":"SMITH"},{"data":"True Grit","floor":27,"key":"SMITH"}],"circlet_count":0,"master_deck":["AscendersBane","Strike_R+1","Strike_R+1","Strike_R+1","Defend_R+1","Defend_R+1","Defend_R+1","Defend_R+1","Bash","hierophant:ChurchCoffers+1","Defend_P","Run Through","ReplayTheSpireMod:Strike From Hell+1","True Grit+1","Feel No Pain+1","Havoc","Demonic Infusion","Dual Wield+1","True Grit+1","Shrug It Off"],"relics":["Burning Blood","testmod-TestBox","LagranYue:RandomDrawCardRelic","testmod-ArcanaOfDestiny","Replay:Ringing Soul","Golden Idol","LagranYue:ReturningEmperorRelic","Simple Rune","MealTicket","LagranYue:SoulBurningRelic","BranchBurnRelic","testmod-Acrobat"],"acts_visited":["Exordium","TheCity"],"potions_floor_usage":[],"damage_taken":[{"damage":9.0,"enemies":"Small Slimes","floor":1.0,"turns":4.0},{"damage":7.0,"enemies":"Jaw Worm","floor":5.0,"turns":4.0},{"damage":32.0,"enemies":"Gremlin Nob","floor":7.0,"turns":5.0},{"damage":0.0,"enemies":"3 Sentries","floor":11.0,"turns":10.0},{"damage":0.0,"enemies":"Cultist","floor":12.0,"turns":3.0},{"damage":20.0,"enemies":"Fading Forest","floor":16.0,"turns":11.0},{"damage":5.0,"enemies":"3 Byrds","floor":18.0,"turns":7.0},{"damage":33.0,"enemies":"Chosen","floor":19.0,"turns":8.0},{"damage":18,"enemies":"3 Cultists","floor":22,"turns":7},{"damage":26,"enemies":"Slavers","floor":23,"turns":11},{"damage":0,"enemies":"Snake Plant","floor":25,"turns":5},{"damage":64,"enemies":"Gremlin Leader","floor":29,"turns":8}],"seed_played":"-7342129957321822909","potions_obtained":[{"floor":1.0,"key":"Languid Potion"},{"floor":12.0,"key":"Toxic Potion"},{"floor":16.0,"key":"Block Potion"},{"floor":19.0,"key":"ElixirPotion"},{"floor":21.0,"key":"EntropicBrew"}],"is_trial":false,"path_per_floor":["M","$","?","?","M","R","E","R","T","$","E","M","R","$","R","B",null,"M","M","?","?","M","E","R","M","T","R","$","E"],"character_chosen":"IRONCLAD","items_purchased":["Replay:Ringing Soul","Feel No Pain","testmod-Acrobat","Shrug It Off"],"campfire_rested":0,"item_purchase_floors":[2,10,28,28],"current_hp_per_floor":[65,65,58,32,34,34,11,11,11,14,23,29,29,44,44,33,75,75,49,49,49,38,17,17,32,32,32,48,0,0],"gold":79,"neow_bonus":"TWO_FIFTY_GOLD","is_daily":false,"chose_seed":false,"campfire_upgraded":6,"win_rate":0.0,"timestamp":1612016658,"path_taken":["M","$","?","?","M","R","E","R","T","$","E","M","R","?","R","BOSS","M","M","?","?","?","E","R","M","T","R","?","E"],"items_purchased_type":["Relic","Card","Relic","Card"],"build_version":"2020-12-22","purchased_purges":1,"victory":false,"max_hp_per_floor":[75,75,75,75,78,78,81,81,81,84,87,87,87,87,87,90,90,90,93,93,93,96,96,96,96,96,96,99,99,99],"card_choices":[{"not_picked":["Body Slam","Shockwave"],"picked":"Run Through","floor":1.0},{"not_picked":["Reckless Charge","Iron Wave"],"picked":"ReplayTheSpireMod:Strike From Hell","floor":5.0},{"not_picked":["Bloodletting","Feel No Pain"],"picked":"True Grit","floor":7.0},{"not_picked":["Corruption","Body Slam"],"picked":"Havoc","floor":11.0},{"not_picked":["Heavy Blade","Perfected Strike","Run Through"],"picked":"SKIP","floor":12.0},{"not_picked":["Berserk","Offering"],"picked":"Demonic Infusion","floor":16.0},{"not_picked":["Twin Strike","ReplayTheSpireMod:Limb From Limb","Pommel Strike"],"picked":"SKIP","floor":18.0},{"not_picked":["ReplayTheSpireMod:Stacked","Replay:Undeath\u0027s Touch"],"picked":"Dual Wield","floor":19.0},{"not_picked":["Combust","Rampage"],"picked":"True Grit","floor":22},{"not_picked":["Immolate","Rage","Sever Soul"],"picked":"SKIP","floor":23},{"not_picked":["Thunderclap","ReplayTheSpireMod:Stacked","Anger"],"picked":"SKIP","floor":25}],"player_experience":385697,"relics_obtained":[{"floor":7.0,"key":"LagranYue:ReturningEmperorRelic"},{"floor":9.0,"key":"Simple Rune"},{"floor":11.0,"key":"MealTicket"},{"floor":23,"key":"Dead Branch"}],"event_choices":[{"cards_removed":["Strike_R"],"damage_healed":0.0,"max_hp_gain":0.0,"max_hp_loss":0.0,"gold_gain":0.0,"event_name":"Golden Wing","player_choice":"Card Removal","floor":3.0,"gold_loss":0.0,"damage_taken":7.0},{"damage_healed":0.0,"max_hp_gain":0.0,"max_hp_loss":0.0,"gold_gain":0.0,"event_name":"Golden Idol","player_choice":"Take Damage","floor":4.0,"gold_loss":0.0,"damage_taken":26.0,"relics_obtained":["Golden Idol"]},{"damage_healed":0.0,"max_hp_gain":0.0,"max_hp_loss":0.0,"gold_gain":0.0,"event_name":"Back to Basics","player_choice":"Simplicity","floor":20.0,"gold_loss":0.0,"damage_taken":0.0,"cards_upgraded":["Strike_R","Strike_R","Strike_R","Defend_R","Defend_R","Defend_R","Defend_R","Defend_P"]},{"damage_healed":0.0,"max_hp_gain":0.0,"max_hp_loss":0.0,"gold_gain":0.0,"event_name":"Lab","player_choice":"Got Potions","floor":21.0,"gold_loss":0.0,"damage_taken":0.0}],"is_beta":false,"boss_relics":[{"not_picked":["testmod-SaigiyounoYou","testmod-KeyOfTheVoid"],"picked":"LagranYue:SoulBurningRelic"}],"items_purged_floors":[2],"is_endless":false,"potions_floor_spawned":[1,12,16,19,23],"killed_by":"Gremlin Leader","ascension_level":17}}