{"host":"vlzg4xe8i30enmd8","time":1612029358,"event":{"mods":["100% Spire Juice","A Magickal Journey","AchievementEnabler","Act Like it!","Aspiration","Bartender","BaseMod","Better Note","Better Third Choice","CapriCore","Conspire","Downfall","Duelist Mod","Gensokyo","GifTheSpireLib","GungeonMod","Hallownest","Hermit","Hubris","KinomotoSakuraMod(????)","Marisa????????","Minty Spire (QoL Compilation)","Reimu??????","Replay The Spire","Shade Mod","StSLib","Stuff the Spire","The Administrix","The Alterego","The Animator","The Bug Knight","The Cursed","The Disciple","The Hayseed","The Immortal","The Jungle","The Poker Player","The Runesmith","The Servant 0.9.4","thorton"],"gold_per_floor":[112,125,66,66,66,66,77,77,77,397,397,397,397,151,151,151,151],"floor_reached":16,"language":"ENG","playtime":3404,"items_purged":[],"score":88,"play_id":"f73e017e-5d16-407c-b18b-816834b85d82","local_time":"20210130095558","is_ascension_mode":false,"campfire_choices":[{"floor":6,"key":"RECALL"},{"data":"Shade:OfferingToTheBeyond","floor":8,"key":"SMITH"},{"floor":12,"key":"REST"},{"data":"Shade:AuraOfUnlife","floor":15,"key":"SMITH"}],"circlet_count":0,"master_deck":["Shade:Strike_Shade","Shade:Strike_Shade","Shade:Strike_Shade","Shade:Strike_Shade","Shade:Defend_Shade","Shade:Defend_Shade","Shade:Defend_Shade","Shade:Defend_Shade","Shade:AnimateDead","Shade:CarefulCut","Shade:Excise","Shade:OfferingToTheBeyond+1","Shade:AblativeArmor","Shade:AuraOfUnlife+1","ReplayUltimateDefense","Shade:OpenGraves"],"relics":["Shade:YorickSkull","Gensokyo:PortableGap","DemoMod:MemoryAlloy","Dream Catcher","StuffTheSpire:Nightcore"],"acts_visited":["Gensokyo:Gensokyo"],"potions_floor_usage":[16],"damage_taken":[{"damage":2,"enemies":"Gensokyo:Python","floor":1,"turns":3},{"damage":0,"enemies":"Gensokyo:3_Fairies","floor":2,"turns":3},{"damage":0,"enemies":"Gensokyo:Gryphon","floor":7,"turns":6},{"damage":30,"enemies":"Gensokyo:LivingMonolith","floor":10,"turns":5},{"damage":77,"enemies":"Gensokyo:Reimu","floor":16,"turns":15}],"seed_played":"3081099329102401440","potions_obtained":[{"floor":1,"key":"Adrenaline Potion"},{"floor":10,"key":"sneckomod:MuddlingPotion"}],"is_trial":false,"path_per_floor":["M","M","COS","?","?","R","M","R","T","M","?","R","?","$","R","B"],"character_chosen":"SHADE","items_purchased":["ReplayUltimateDefense","Shade:OpenGraves"],"campfire_rested":1,"item_purchase_floors":[14,14],"current_hp_per_floor":[69,69,69,64,52,52,52,52,52,22,22,41,41,41,41,0,0],"gold":151,"neow_bonus":"TEN_PERCENT_HP_BONUS","is_daily":false,"chose_seed":false,"campfire_upgraded":2,"win_rate":0.0,"timestamp":1612029358,"path_taken":["M","M","COS","?","?","R","M","R","T","M","?","R","?","?","R","BOSS"],"items_purchased_type":["Card","Card"],"build_version":"2020-12-22","purchased_purges":0,"victory":false,"max_hp_per_floor":[71,71,71,64,64,64,64,64,64,64,64,64,64,64,64,64,64],"card_choices":[{"not_picked":["Shade:Doomsay","Shade:CommandSoldier"],"picked":"Shade:Excise","floor":1},{"not_picked":["Shade:Doomsay","Shade:SkeletonHug"],"picked":"Shade:OfferingToTheBeyond","floor":2},{"not_picked":["Shade:GreyBargain","Shade:Trample","Shade:ClawBack"],"picked":"SKIP","floor":7},{"not_picked":["Shade:WallOfFlesh","Shade:Brains"],"picked":"Shade:AblativeArmor","floor":10},{"not_picked":["Shade:AblativeArmor","Shade:RitualOffering"],"picked":"Shade:AuraOfUnlife","floor":12}],"player_experience":100540,"relics_obtained":[],"event_choices":[],"is_beta":false,"boss_relics":[],"items_purged_floors":[],"is_endless":false,"potions_floor_spawned":[1,10],"killed_by":"Gensokyo:Reimu","ascension_level":0}}