{"host":"vl29iwkwnyytuw8q","time":1612047781,"event":{"mods":["BaseMod","Minty Spire (QoL Compilation)","Permanent Neow","Relic Stats","StSLib"],"gold_per_floor":[113,129,149,149,149,149,174,186,236,236,258,276,307,326,326,403,403,423,436,447,46,65,65,65,65],"floor_reached":24,"language":"ENG","playtime":839,"items_purged":[],"score":420,"play_id":"5d9f7d9c-c333-43c3-ae7e-0fe787d0242e","local_time":"20210131000301","is_ascension_mode":true,"campfire_choices":[{"data":"Skewer","floor":6.0,"key":"SMITH"},{"floor":10.0,"key":"REST"},{"data":"Cloak And Dagger","floor":15.0,"key":"SMITH"},{"floor":23,"key":"REST"}],"circlet_count":0,"master_deck":["AscendersBane","Survivor","Neutralize","Cloak And Dagger+1","Night Terror+1","A Thousand Cuts+1","Skewer+1","Endless Agony","Backflip","PiercingWail","Prepared","Terror","Leg Sweep","Quick Slash","Cloak And Dagger+1","After Image","Venomology","Eviscerate","Dash","Crippling Poison","Blade Dance","Backflip","Slice+1","Underhanded Strike","Well Laid Plans","Burst","Backflip+1"],"relics":["Astrolabe","Ninja Scroll","Omamori","Odd Mushroom","Bronze Scales","Pandora\u0027s Box","Oddly Smooth Stone"],"acts_visited":["Exordium","TheCity"],"potions_floor_usage":[20,22,24],"damage_taken":[{"damage":0.0,"enemies":"Jaw Worm","floor":1.0,"turns":6.0},{"damage":7.0,"enemies":"Small Slimes","floor":2.0,"turns":4.0},{"damage":1.0,"enemies":"Cultist","floor":3.0,"turns":3.0},{"damage":19.0,"enemies":"Lagavulin","floor":7.0,"turns":4.0},{"damage":11.0,"enemies":"Looter","floor":8.0,"turns":2.0},{"damage":2.0,"enemies":"The Mushroom Lair","floor":11.0,"turns":3.0},{"damage":0.0,"enemies":"2 Fungi Beasts","floor":12.0,"turns":2.0},{"damage":6.0,"enemies":"3 Sentries","floor":13.0,"turns":6.0},{"damage":0.0,"enemies":"Lots of Slimes","floor":14.0,"turns":2.0},{"damage":11.0,"enemies":"Slime Boss","floor":16.0,"turns":6.0},{"damage":4.0,"enemies":"Shell Parasite","floor":18.0,"turns":4.0},{"damage":8.0,"enemies":"2 Thieves","floor":19.0,"turns":4.0},{"damage":12,"enemies":"Shelled Parasite and Fungi","floor":20,"turns":5},{"damage":17,"enemies":"Snecko","floor":22,"turns":7},{"damage":32,"enemies":"Book of Stabbing","floor":24,"turns":3}],"seed_played":"-6781274348240084698","potions_obtained":[{"floor":1.0,"key":"FearPotion"},{"floor":7.0,"key":"Strength Potion"},{"floor":8.0,"key":"Block Potion"},{"floor":13.0,"key":"Explosive Potion"},{"floor":19.0,"key":"Block Potion"},{"floor":22,"key":"Fire Potion"}],"is_trial":false,"path_per_floor":["M","M","M","?","?","R","E","M","T","R","?","M","E","M","R","B",null,"M","M","M","$","M","R","E"],"character_chosen":"THE_SILENT","items_purchased":["Well Laid Plans","Burst","Oddly Smooth Stone"],"campfire_rested":2,"item_purchase_floors":[21,21,21],"current_hp_per_floor":[59,52,51,44,44,44,25,14,14,33,31,31,25,25,25,14,53,49,41,29,29,12,31,0,0],"gold":65,"neow_bonus":"BOSS_RELIC","is_daily":false,"chose_seed":false,"campfire_upgraded":2,"win_rate":0.0,"timestamp":1612047781,"path_taken":["M","M","M","?","?","R","E","?","T","R","?","M","E","M","R","BOSS","M","M","M","$","M","R","E"],"items_purchased_type":["Card","Card","Relic"],"build_version":"2020-12-22","purchased_purges":0,"victory":false,"max_hp_per_floor":[66,66,66,66,66,66,66,66,66,66,66,66,66,66,66,66,66,66,66,66,66,66,66,66,66],"relic_stats":{"counters":[15,61],"Astrolabe":["Cloak And Dagger","Night Terror","A Thousand Cuts"],"Bronze Scales":[78],"Pandora\u0027s Box":["Venomology","Eviscerate","Dash","Crippling Poison","Blade Dance"],"obtain_stats":[{"Ninja Scroll":7,"Astrolabe":0,"Bronze Scales":13,"Oddly Smooth Stone":21,"Pandora\u0027s Box":17,"Omamori":9,"Odd Mushroom":11,"Ring of the Snake":0},{"Ninja Scroll":4,"Astrolabe":0,"Bronze Scales":8,"Oddly Smooth Stone":13,"Pandora\u0027s Box":10,"Omamori":5,"Odd Mushroom":6,"Ring of the Snake":0},{"Ninja Scroll":17,"Astrolabe":0,"Bronze Scales":30,"Oddly Smooth Stone":51,"Pandora\u0027s Box":38,"Omamori":19,"Odd Mushroom":22,"Ring of the Snake":0}]},"card_choices":[{"not_picked":["Heel Hook","Dagger Spray"],"picked":"Skewer","floor":1.0},{"not_picked":["Tactician","Prepared"],"picked":"Endless Agony","floor":2.0},{"not_picked":["Dagger Throw","Slice"],"picked":"Backflip","floor":3.0},{"not_picked":["Acrobatics","Deadly Poison"],"picked":"PiercingWail","floor":7.0},{"not_picked":["Underhanded Strike","Reflex"],"picked":"Prepared","floor":8.0},{"not_picked":["Noxious Fumes","Backflip"],"picked":"Terror","floor":11.0},{"not_picked":["All Out Attack","Infinite Blades"],"picked":"Leg Sweep","floor":12.0},{"not_picked":["Eviscerate","Night Terror"],"picked":"Quick Slash","floor":13.0},{"not_picked":["Noxious Fumes","Dodge and Roll"],"picked":"Cloak And Dagger","floor":14.0},{"not_picked":["A Thousand Cuts","Tools of the Trade"],"picked":"After Image","floor":16.0},{"not_picked":["Flechettes","Quick Slash"],"picked":"Backflip","floor":18.0},{"not_picked":["Dagger Throw","Dagger Spray"],"picked":"Slice+1","floor":19.0},{"not_picked":["Caltrops","Riddle With Holes"],"picked":"Underhanded Strike","floor":20},{"not_picked":["Accuracy","Underhanded Strike"],"picked":"Backflip+1","floor":22}],"player_experience":652022,"relics_obtained":[{"floor":7.0,"key":"Ninja Scroll"},{"floor":9.0,"key":"Omamori"},{"floor":11.0,"key":"Odd Mushroom"},{"floor":13.0,"key":"Bronze Scales"}],"event_choices":[{"cards_removed":["Strike_G"],"damage_healed":0.0,"max_hp_gain":0.0,"max_hp_loss":0.0,"gold_gain":0.0,"event_name":"Golden Wing","player_choice":"Card Removal","floor":4.0,"gold_loss":0.0,"damage_taken":7.0},{"cards_removed":["Defend_G"],"damage_healed":0.0,"max_hp_gain":0.0,"max_hp_loss":0.0,"gold_gain":0.0,"event_name":"Wheel of Change","player_choice":"Card Removal","floor":5.0,"gold_loss":0.0,"damage_taken":0.0},{"damage_healed":0.0,"max_hp_gain":0.0,"max_hp_loss":0.0,"gold_gain":0.0,"event_name":"Mushrooms","player_choice":"Fought Mushrooms","floor":11.0,"gold_loss":0.0,"damage_taken":0.0}],"is_beta":false,"boss_relics":[{"not_picked":["Philosopher\u0027s Stone","Black Star"],"picked":"Pandora\u0027s Box"}],"items_purged_floors":[],"is_endless":false,"potions_floor_spawned":[1,7,8,13,19,22],"killed_by":"Book of Stabbing","ascension_level":20}}