{"host":"08t08ld674si40tv","time":1612020701,"event":{"mods":["AchievementEnabler","BaseMod","Colored Map","Minty Spire (QoL Compilation)","StSLib","SuperFastMode"],"gold_per_floor":[113,113,132,57,57,85,85,118,143,175,175,209,284,296,296,375,375,390,390,3994,4044,4062,4062,4079,4096,4096,4108,4108,4108,4108],"floor_reached":29,"language":"KOR","playtime":510,"items_purged":["Strike_B","Strike_B"],"score":687,"play_id":"7162f283-31a3-4dfe-9672-dc59552334cc","local_time":"20210131003141","is_ascension_mode":true,"campfire_choices":[{"data":"Zap","floor":11,"key":"SMITH"},{"data":"Beam Cell","floor":15,"key":"SMITH"},{"floor":23,"key":"REST"}],"circlet_count":0,"master_deck":["AscendersBane","Strike_B","Strike_B","Defend_B+1","Defend_B","Defend_B","Defend_B","Zap+1","Dualcast","Ball Lightning+1","Chill","Barrage","Beam Cell+1","Gash","Machine Learning+1","FTL","Panache+1","Gash","Go for the Eyes+1","Core Surge"],"relics":["Cracked Core","NeowsBlessing","Question Card","Shuriken","Potion Belt","Cables","PreservedInsect","Frozen Egg 2","StoneCalendar","Nuclear Battery","TungstenRod","Mango","HandDrill","Peace Pipe"],"acts_visited":["Exordium","TheCity"],"potions_floor_usage":[8,8,18,22,25,29],"damage_taken":[{"damage":0,"enemies":"Cultist","floor":1,"turns":1},{"damage":0,"enemies":"2 Louse","floor":3,"turns":1},{"damage":0,"enemies":"Lagavulin","floor":6,"turns":1},{"damage":5,"enemies":"3 Sentries","floor":8,"turns":7},{"damage":0,"enemies":"Gremlin Nob","floor":10,"turns":2},{"damage":8,"enemies":"Lagavulin","floor":12,"turns":4},{"damage":0,"enemies":"Small Slimes","floor":14,"turns":2},{"damage":32,"enemies":"Hexaghost","floor":16,"turns":8},{"damage":11,"enemies":"3 Byrds","floor":18,"turns":4},{"damage":14,"enemies":"Shell Parasite","floor":22,"turns":3},{"damage":15,"enemies":"Centurion and Healer","floor":24,"turns":5},{"damage":13,"enemies":"Chosen and Byrds","floor":25,"turns":4},{"damage":18,"enemies":"Sentry and Sphere","floor":27,"turns":4},{"damage":20,"enemies":"Snecko","floor":29,"turns":3}],"seed_played":"6933749438318262993","potions_obtained":[{"floor":1,"key":"Block Potion"},{"floor":6,"key":"SteroidPotion"},{"floor":16,"key":"AttackPotion"},{"floor":22,"key":"FocusPotion"}],"is_trial":false,"path_per_floor":["M","?","M","$","?","E","?","E","T","E","R","E","?","M","R","B",null,"M","?","$","?","M","R","M","M","T","M","?","M"],"character_chosen":"DEFECT","items_purchased":["TungstenRod","Mango","HandDrill","FTL","Panache+1","Fire Potion","EssenceOfSteel","Dexterity Potion"],"campfire_rested":1,"item_purchase_floors":[20,20,20,20,20,20,20,20],"current_hp_per_floor":[64,69,69,69,46,46,46,41,41,41,41,33,33,33,33,1,57,46,24,38,38,24,52,37,24,24,6,6,0,0],"gold":4108,"neow_bonus":"THREE_ENEMY_KILL","is_daily":false,"chose_seed":false,"campfire_upgraded":2,"win_rate":0.0,"timestamp":1612020701,"path_taken":["M","?","M","$","?","E","?","E","T","E","R","E","?","M","R","BOSS","M","?","$","?","M","R","M","M","T","M","?","M"],"items_purchased_type":["Relic","Relic","Relic","Card","Card","Potion","Potion","Potion"],"build_version":"2020-12-22","purchased_purges":2,"victory":false,"max_hp_per_floor":[71,76,76,76,76,76,76,76,76,76,76,76,76,76,76,76,76,76,81,95,95,95,95,95,95,95,95,95,95,95],"card_choices":[{"not_picked":["Storm","Leap","Doom and Gloom"],"picked":"Ball Lightning","floor":1},{"not_picked":["Rebound","Redo","Conserve Battery","Fusion"],"picked":"SKIP","floor":3},{"not_picked":["Chaos","Compile Driver","Creative AI"],"picked":"Chill","floor":6},{"not_picked":["Steam","Self Repair","Conserve Battery"],"picked":"Barrage","floor":8},{"not_picked":["Conserve Battery","Force Field","Fission","Hello World+1"],"picked":"SKIP","floor":10},{"not_picked":["Loop+1","Fusion","Static Discharge+1"],"picked":"Beam Cell","floor":12},{"not_picked":["Static Discharge+1","Coolheaded","Barrage"],"picked":"Gash","floor":14},{"not_picked":["Thunder Strike","Creative AI+1","Hyperbeam"],"picked":"Machine Learning+1","floor":16},{"not_picked":["Ball Lightning","Leap","Redo","Double Energy"],"picked":"SKIP","floor":18},{"not_picked":["Leap","Go for the Eyes","Auto Shields"],"picked":"Gash","floor":22},{"not_picked":["Rebound","Turbo","Conserve Battery"],"picked":"Go for the Eyes","floor":24},{"not_picked":["Lockon","Leap","Go for the Eyes","Fusion"],"picked":"SKIP","floor":25},{"not_picked":["Darkness","Redo","Aggregate"],"picked":"Core Surge","floor":27}],"player_experience":274618,"relics_obtained":[{"floor":6,"key":"Potion Belt"},{"floor":8,"key":"Cables"},{"floor":9,"key":"PreservedInsect"},{"floor":10,"key":"Frozen Egg 2"},{"floor":12,"key":"StoneCalendar"},{"floor":26,"key":"Peace Pipe"}],"event_choices":[{"damage_healed":0,"gold_gain":0,"player_choice":"Donut","damage_taken":0,"max_hp_gain":5,"max_hp_loss":0,"event_name":"Big Fish","floor":2,"gold_loss":0},{"damage_healed":0,"gold_gain":0,"player_choice":"Entered Light","damage_taken":23,"max_hp_gain":0,"max_hp_loss":0,"event_name":"Shining Light","floor":5,"gold_loss":0,"cards_upgraded":["Ball Lightning","Defend_B"]},{"damage_healed":0,"gold_gain":0,"player_choice":"Ignored","damage_taken":0,"max_hp_gain":0,"max_hp_loss":0,"event_name":"Liars Game","floor":7,"gold_loss":0},{"damage_healed":0,"gold_gain":75,"player_choice":"Gained Gold","damage_taken":0,"max_hp_gain":0,"max_hp_loss":0,"event_name":"Golden Wing","floor":13,"gold_loss":0},{"damage_healed":0,"gold_gain":0,"player_choice":"Shed Blood","damage_taken":27,"max_hp_gain":5,"max_hp_loss":0,"event_name":"Forgotten Altar","floor":19,"gold_loss":0},{"damage_healed":0,"gold_gain":50,"player_choice":"Stole From Cult","damage_taken":0,"max_hp_gain":0,"max_hp_loss":0,"event_name":"Nest","floor":21,"gold_loss":0},{"damage_healed":0,"gold_gain":0,"player_choice":"Forge","damage_taken":0,"max_hp_gain":0,"max_hp_loss":0,"event_name":"Accursed Blacksmith","floor":28,"gold_loss":0,"cards_upgraded":["Go for the Eyes"]}],"is_beta":false,"boss_relics":[{"not_picked":["SlaversCollar","Coffee Dripper"],"picked":"Nuclear Battery"}],"items_purged_floors":[4,20],"is_endless":false,"potions_floor_spawned":[1,6,16,22],"killed_by":"Snecko","ascension_level":19}}