{"host":"1nniobf0g4s2td4e","time":1612021839,"event":{"mods":["2.2 Compatiblity","BaseMod","Minty Spire (QoL Compilation)","StSLib","SuperFastMode"],"gold_per_floor":[118,136,147,160,177,177,203,203,203,203,218,234,264,280,280,382,382,399,81,100,10,24,24,42,42,95,105,124,143,143,172,172,268,268,281,300,161,177,187,187,222,239,288,288,306,323,81,113,113,113,113,113,38,65,65],"floor_reached":56,"language":"ENG","playtime":3234,"items_purged":["Strike_B","Defend_B","Defend_B","Defend_B"],"score":1424,"play_id":"d71440b6-6cb3-4a9e-871c-38f4d2710be1","local_time":"20210130095039","is_ascension_mode":false,"campfire_choices":[{"data":"Streamline","floor":6,"key":"SMITH"},{"data":"Go for the Eyes","floor":8,"key":"SMITH"},{"floor":10,"key":"RECALL"},{"data":"Coolheaded","floor":15,"key":"SMITH"},{"data":"Chill","floor":23,"key":"SMITH"},{"data":"Redo","floor":25,"key":"SMITH"},{"data":"Blizzard","floor":30,"key":"SMITH"},{"data":"Loop","floor":32,"key":"SMITH"},{"data":"Defragment","floor":40,"key":"SMITH"},{"data":"Redo","floor":44,"key":"SMITH"},{"data":"Fission","floor":49,"key":"SMITH"},{"data":"Defragment","floor":52,"key":"SMITH"}],"circlet_count":0,"master_deck":["Strike_B","Strike_B","Defend_B","Dualcast+1","Streamline+1","Glacier","Go for the Eyes+1","Go for the Eyes","Coolheaded+1","Blizzard+1","Coolheaded","Reboot","Chill+1","Loop+1","Redo+1","Defragment+1","Defragment+1","Redo+1","Fission+1"],"relics":["Sozu","Bird Faced Urn","The Courier","InkBottle","Nuclear Battery","Membership Card","Prayer Wheel","Singing Bowl","StrikeDummy","Empty Cage","DataDisk","Gremlin Horn","Nunchaku","Bag of Preparation","TungstenRod","Letter Opener","Emotion Chip"],"acts_visited":["Exordium","TheCity","TheBeyond","TheEnding"],"potions_floor_usage":[],"damage_taken":[{"damage":2,"enemies":"Small Slimes","floor":1,"turns":3},{"damage":1,"enemies":"Cultist","floor":2,"turns":3},{"damage":1,"enemies":"2 Louse","floor":3,"turns":2},{"damage":3,"enemies":"2 Fungi Beasts","floor":4,"turns":3},{"damage":1,"enemies":"Looter","floor":5,"turns":3},{"damage":13,"enemies":"Gremlin Nob","floor":7,"turns":5},{"damage":6,"enemies":"Exordium Wildlife","floor":11,"turns":5},{"damage":0,"enemies":"2 Fungi Beasts","floor":12,"turns":3},{"damage":9,"enemies":"3 Sentries","floor":13,"turns":9},{"damage":12,"enemies":"3 Louse","floor":14,"turns":3},{"damage":9,"enemies":"Hexaghost","floor":16,"turns":14},{"damage":1,"enemies":"3 Byrds","floor":18,"turns":8},{"damage":1,"enemies":"Spheric Guardian","floor":20,"turns":6},{"damage":3,"enemies":"Snecko","floor":22,"turns":7},{"damage":2,"enemies":"Cultist and Chosen","floor":24,"turns":9},{"damage":5,"enemies":"3 Cultists","floor":27,"turns":6},{"damage":9,"enemies":"Shelled Parasite and Fungi","floor":28,"turns":7},{"damage":0,"enemies":"Snake Plant","floor":29,"turns":5},{"damage":0,"enemies":"Slavers","floor":31,"turns":4},{"damage":24,"enemies":"Champ","floor":33,"turns":17},{"damage":4,"enemies":"3 Darklings","floor":35,"turns":6},{"damage":0,"enemies":"Orb Walker","floor":36,"turns":4},{"damage":0,"enemies":"Jaw Worm Horde","floor":38,"turns":4},{"damage":0,"enemies":"3 Darklings","floor":39,"turns":4},{"damage":0,"enemies":"Giant Head","floor":41,"turns":11},{"damage":0,"enemies":"Transient","floor":42,"turns":5},{"damage":0,"enemies":"4 Shapes","floor":45,"turns":7},{"damage":0,"enemies":"Jaw Worm Horde","floor":46,"turns":5},{"damage":0,"enemies":"Nemesis","floor":48,"turns":11},{"damage":0,"enemies":"Time Eater","floor":50,"turns":15},{"damage":0,"enemies":"Shield and Spear","floor":54,"turns":9},{"damage":32,"enemies":"The Heart","floor":55,"turns":14}],"seed_played":"-6642625474437626801","potions_obtained":[],"is_trial":false,"path_per_floor":["M","M","M","M","M","R","E","R","T","R","M","M","E","M","R","B",null,"M","$","M","?","M","R","M","R","T","M","M","M","R","E","R","B",null,"M","M","$","M","M","R","E","M","T","R","M","M","$","E","R","B",null,"R","$","E","B",null],"character_chosen":"DEFECT","items_purchased":["Membership Card","Chill","Prayer Wheel","DataDisk","Defragment","Bag of Preparation","TungstenRod"],"campfire_rested":0,"item_purchase_floors":[19,19,19,37,37,47,47],"current_hp_per_floor":[73,72,71,68,67,67,54,54,54,54,48,48,39,27,27,18,75,74,74,77,77,76,76,78,78,78,79,76,80,80,82,82,62,97,97,103,103,107,109,109,111,115,115,115,119,121,121,123,123,123,123,123,123,125,95],"gold":65,"neow_bonus":"BOSS_RELIC","is_daily":false,"chose_seed":false,"campfire_upgraded":11,"win_rate":0.0,"timestamp":1612021839,"path_taken":["M","M","M","M","M","R","E","R","T","R","M","M","E","M","R","BOSS","M","$","M","?","M","R","M","R","T","M","M","M","R","E","R","BOSS","M","M","$","M","M","R","E","M","T","R","?","M","$","E","R","BOSS","R","$","E","BOSS"],"items_purchased_type":["Relic","Card","Relic","Relic","Card","Relic","Relic"],"build_version":"2020-12-22","purchased_purges":4,"victory":true,"max_hp_per_floor":[75,75,75,75,75,75,75,75,75,75,75,75,75,75,75,75,75,75,75,79,79,81,81,83,83,83,87,91,93,93,95,95,97,97,99,103,103,107,109,109,111,115,115,115,119,121,121,123,123,123,123,123,123,125,125],"card_choices":[{"not_picked":["Turbo","Rebound"],"picked":"Streamline","floor":1},{"not_picked":["Rebound","White Noise"],"picked":"Gash","floor":2},{"not_picked":["Lockon","Reinforced Body","White Noise"],"picked":"SKIP","floor":3},{"not_picked":["Rip and Tear","Recycle"],"picked":"Glacier","floor":4},{"not_picked":["Tempest","Turbo"],"picked":"Go for the Eyes","floor":5},{"not_picked":["Hologram","Storm","Barrage"],"picked":"SKIP","floor":7},{"not_picked":["Force Field","Steam Power"],"picked":"Go for the Eyes","floor":11},{"not_picked":["Darkness","Glacier"],"picked":"Coolheaded","floor":12},{"not_picked":["Double Energy","Coolheaded"],"picked":"Blizzard","floor":13},{"not_picked":["Reinforced Body","Beam Cell"],"picked":"Coolheaded","floor":14},{"not_picked":["Thunder Strike","Hyperbeam"],"picked":"Reboot","floor":16},{"not_picked":["Hologram","BootSequence","Undo"],"picked":"SKIP","floor":18},{"not_picked":["Sweeping Beam","Go for the Eyes","Rip and Tear"],"picked":"SKIP","floor":20},{"not_picked":["Turbo+1","Conserve Battery","Steam+1"],"picked":"SKIP","floor":20},{"not_picked":["Sweeping Beam","Go for the Eyes","Rip and Tear"],"picked":"Singing Bowl","floor":20},{"not_picked":["Turbo+1","Conserve Battery","Steam+1"],"picked":"Singing Bowl","floor":20},{"not_picked":["Rebound","Hologram","Hello World"],"picked":"Singing Bowl","floor":22},{"not_picked":["Coolheaded","Blizzard"],"picked":"Loop","floor":22},{"not_picked":["Coolheaded","Turbo","Sunder"],"picked":"Singing Bowl","floor":24},{"not_picked":["Sweeping Beam","Hologram"],"picked":"Redo","floor":24},{"not_picked":["Sweeping Beam+1","Hello World","Doom and Gloom"],"picked":"Singing Bowl","floor":27},{"not_picked":["Steam","Streamline+1","Machine Learning"],"picked":"Singing Bowl","floor":27},{"not_picked":["Go for the Eyes","Gash","Conserve Battery+1"],"picked":"Singing Bowl","floor":28},{"not_picked":["Compile Driver","Coolheaded","Sweeping Beam+1"],"picked":"Singing Bowl","floor":28},{"not_picked":["Genetic Algorithm","Barrage","Conserve Battery+1"],"picked":"Singing Bowl","floor":29},{"not_picked":["Leap+1","Machine Learning","Coolheaded"],"picked":"SKIP","floor":29},{"not_picked":["Undo","Turbo","Streamline"],"picked":"Singing Bowl","floor":31},{"not_picked":["Amplify","Biased Cognition","All For One"],"picked":"Singing Bowl","floor":33},{"not_picked":["Rebound+1","Reprogram","Stack+1"],"picked":"Singing Bowl","floor":35},{"not_picked":["Leap","Turbo+1"],"picked":"Defragment","floor":35},{"not_picked":["Barrage","Steam Power+1","Rebound+1"],"picked":"Singing Bowl","floor":36},{"not_picked":["Streamline+1","Stack+1","Multi-Cast"],"picked":"Singing Bowl","floor":36},{"not_picked":["Stack","Cold Snap","Conserve Battery+1"],"picked":"Singing Bowl","floor":38},{"not_picked":["Steam","Beam Cell+1","Coolheaded"],"picked":"Singing Bowl","floor":38},{"not_picked":["Rebound+1","Go for the Eyes"],"picked":"Redo","floor":39},{"not_picked":["Barrage+1","Hologram+1","Go for the Eyes+1"],"picked":"SKIP","floor":39},{"not_picked":["Barrage+1","Hologram+1","Go for the Eyes+1"],"picked":"Singing Bowl","floor":39},{"not_picked":["Thunder Strike","Hologram+1","Coolheaded+1"],"picked":"Singing Bowl","floor":41},{"not_picked":["Leap+1","Reinforced Body+1","Conserve Battery+1"],"picked":"Singing Bowl","floor":42},{"not_picked":["Beam Cell+1","Blizzard+1","Conserve Battery+1"],"picked":"Singing Bowl","floor":42},{"not_picked":["Self Repair+1","Gash","Skim"],"picked":"Singing Bowl","floor":45},{"not_picked":["Go for the Eyes","Ball Lightning","Gash"],"picked":"Singing Bowl","floor":45},{"not_picked":["Reprogram","Leap","Turbo"],"picked":"Singing Bowl","floor":46},{"not_picked":["FTL+1","Compile Driver+1"],"picked":"Fission","floor":46},{"not_picked":["Electrodynamics","Streamline","Conserve Battery+1"],"picked":"Singing Bowl","floor":48},{"not_picked":["Ball Lightning","Hello World+1","Sunder+1"],"picked":"Singing Bowl","floor":54}],"player_experience":719993,"relics_obtained":[{"floor":7,"key":"Bird Faced Urn"},{"floor":9,"key":"The Courier"},{"floor":13,"key":"InkBottle"},{"floor":31,"key":"StrikeDummy"},{"floor":41,"key":"Gremlin Horn"},{"floor":43,"key":"Nunchaku"},{"floor":48,"key":"Letter Opener"},{"floor":54,"key":"Emotion Chip"}],"event_choices":[{"cards_removed":["Gash"],"damage_healed":0,"gold_gain":0,"player_choice":"Upgrade and Remove","damage_taken":0,"max_hp_gain":0,"max_hp_loss":0,"event_name":"Designer","floor":21,"gold_loss":90,"cards_upgraded":["Dualcast"]}],"is_beta":false,"boss_relics":[{"not_picked":["Busted Crown","Snecko Eye"],"picked":"Nuclear Battery"},{"not_picked":["Coffee Dripper","Philosopher\u0027s Stone"],"picked":"Empty Cage"}],"items_purged_floors":[19,37,47,53],"is_endless":false,"potions_floor_spawned":[1,5,7,13,16,18,24,27,29,31,36,41],"ascension_level":0}}