{"host":"nx6ib2o6hmd449ys","time":1612004092,"event":{"mods":["100% Spire Juice","2.2 Compatiblity","Act Like it!","Arknights The Spire","Aspiration","BaseMod","BetterRewards","CCEM","Clockwork Mod","Colorless Booster Pack","Conjunction","Conspire","Dota2Spire","Downfall","Energized Spire","Fox Events","Friendly Minions","Gensokyo","GifTheSpireLib","GungeonMod","Halation","Hermit","HornydragonMod","Hubris","Infinite Spire","Jedi Mod","Kalas","Luminous","Marisa????????","Minty Spire (QoL Compilation)","MostiFishMod","Quick Restart","RRrroohrrRGHHhhh!!","Rare Cards Sparkle","RatMod","Reliquary","Replay The Spire","Retaliation","RumiaBox-????????","Shop Mod","Slay the StarCraft II Mod","Small Relic Pack","Spicy Shops","Spikes Relics","Spire Arcade","StS++","StSLib","Stuff the Spire","SuperFastMode","TestMod","The Administrix","The Bladedancer","The Blue Laboratory","The Factory","The Jungle","Wandering Minibosses","Wide Potions","Yuyuko","[IsaacMod]????","noobMod","sanctuary","vexMod","??????REMEMod"],"gold_per_floor":[112,112,112,26,40,75,75,75,75],"floor_reached":8,"language":"ENG","playtime":540,"items_purged":["Doubt","downfall:Bewildered"],"score":79,"play_id":"b91ac988-00e3-4e2e-b0c2-c3db8edcb28a","local_time":"20210130115452","is_ascension_mode":false,"campfire_choices":[],"circlet_count":0,"master_deck":["AdministrixMod:Strike_Administrix","AdministrixMod:Strike_Administrix","AdministrixMod:Strike_Administrix","AdministrixMod:Strike_Administrix","AdministrixMod:RedCloak","AdministrixMod:Defend_Administrix","AdministrixMod:Defend_Administrix","AdministrixMod:Defend_Administrix","AdministrixMod:Defend_Administrix","AdministrixMod:BlueCloak","Doppelganger","AdministrixMod:CrackingPangu","AdministrixMod:CrackingPangu","Bomb","AdministrixMod:TrickOfTheLight"],"relics":["vexMod:MemoryStick","m_GuardianBlood","Sandwich","Du-Vu Doll","DemoMod:AgedBell","ats:Defend","Dota2Spire:MaskOfMadness","REME_PoisonedDagger","AdministrixMod:ConductorRitualBaton","CCEMRelics:GrapeVine","aspiration:PoetsPen","Coffee Dripper","DollysMirror","StoneCalendar","DianPoetry","MagicBroom","SynthV:TestCard","halation:Risk","Replay:Wanted Poster","infinitespire:Chaos","CCEMRelics:BiPhaseBiplane","reliquary:Stiletto","Quantum Egg"],"acts_visited":["Exordium"],"potions_floor_usage":[],"damage_taken":[{"damage":4,"enemies":"2 Louse","floor":1,"turns":6},{"damage":18,"enemies":"infinitespire:Voidling","floor":5,"turns":2},{"damage":0,"enemies":"Gremlin Nob","floor":6,"turns":2},{"damage":37,"enemies":"3 Sentries","floor":8,"turns":3}],"seed_played":"4210882470298750330","potions_obtained":[{"floor":5,"key":"REME_GoldPotion"}],"is_trial":false,"path_per_floor":["M","?","T","$","M","E","?","E"],"character_chosen":"TheAdministrix","items_purchased":["Dodecahedron","Pet Ghost","DemoMod:GnawedKey","HornCleat","testmod-Laevatain","infinitespire:Chaos","CCEMRelics:BiPhaseBiplane","reliquary:Stiletto"],"campfire_rested":0,"item_purchase_floors":[0,0,0,0,0,4,4,4],"current_hp_per_floor":[65,50,50,50,38,44,44,7,7],"gold":75,"neow_bonus":"","is_daily":false,"chose_seed":false,"campfire_upgraded":0,"win_rate":0.0,"timestamp":1612004092,"path_taken":["M","?","?","$","?","E","?","E"],"items_purchased_type":["Relic","Relic","Relic","Relic","Relic","Relic","Relic","Relic"],"build_version":"2020-12-13","purchased_purges":2,"victory":false,"max_hp_per_floor":[65,65,65,65,65,65,65,65,65],"card_choices":[{"not_picked":["AdministrixMod:PassageOfAges","AdministrixMod:ArmillarySphere"],"picked":"AdministrixMod:CrackingPangu","floor":1},{"not_picked":["Twin Strike","Body Slam","AdministrixMod:CrackingPangu","AdministrixMod:FeastOfDew"],"picked":"Bomb","floor":5},{"not_picked":["AdministrixMod:WickedPunishment","AdministrixMod:BishamonBlessing","AdministrixMod:QuietConspiracy","AdministrixMod:SipOfSparks"],"picked":"AdministrixMod:TrickOfTheLight","floor":6}],"player_experience":378716,"relics_obtained":[{"floor":1,"key":"SynthV:TestCard"},{"floor":3,"key":"Blood Vial"},{"floor":6,"key":"Quantum Egg"}],"event_choices":[{"cards_removed":["Gensokyo:AllTheWorldsEvil","Flag"],"damage_healed":0,"gold_gain":0,"player_choice":"Removed Curses","damage_taken":0,"max_hp_gain":0,"max_hp_loss":0,"event_name":"Fountain of Cleansing","floor":7,"gold_loss":0}],"is_beta":false,"boss_relics":[],"items_purged_floors":[0,0],"is_endless":false,"potions_floor_spawned":[5],"killed_by":"3 Sentries","ascension_level":0}}