{"host":"iphsb0ccnjx0pfn6","time":1612025469,"event":{"mods":["2.2 Compatiblity","AchievementEnabler","BaseMod","Colored Map","DeckTracker","Keyboard Shortcuts","Minty Spire (QoL Compilation)","Permanent Neow","Quick Restart","Relic Stats","StSLib","SuperFastMode","Uncapped","everything is the same but u backflip on backflip"],"gold_per_floor":[112,112,38,57,57,57,89,109,132,142,142,175,175,188,188,261,261,281,281,281,281,312,312,237,267,291,291,291,314,314,332,332,407,407,426,215,268,268,268,268,302,302,302,315,335,349,19,46,46,46,46],"floor_reached":52,"language":"KOR","playtime":1712,"items_purged":["Strike_B","Strike_B"],"score":1964,"play_id":"37aa0637-4eb2-4c03-a042-194ed0df97ed","local_time":"20210131015109","is_ascension_mode":true,"campfire_choices":[{"data":"Dualcast","floor":6.0,"key":"SMITH"},{"data":"Sunder","floor":11.0,"key":"SMITH"},{"data":"Biased Cognition","floor":13.0,"key":"SMITH"},{"data":"Ball Lightning","floor":15.0,"key":"SMITH"},{"data":"Turbo","floor":23.0,"key":"SMITH"},{"data":"Buffer","floor":27.0,"key":"SMITH"},{"data":"Ghostly","floor":30.0,"key":"SMITH"},{"data":"Ghostly","floor":32.0,"key":"SMITH"},{"data":"Thunder Strike","floor":40.0,"key":"SMITH"},{"data":"Echo Form","floor":42.0,"key":"SMITH"},{"data":"Ghostly","floor":49,"key":"SMITH"}],"circlet_count":0,"master_deck":["AscendersBane","Strike_B","Strike_B","Defend_B","Defend_B","Defend_B","Defend_B","Zap","Dualcast+1","Echo Form+1","Ball Lightning+1","Sunder+1","Glacier","Biased Cognition+1","Buffer+1","Turbo+1","Undo","Go for the Eyes","Ghostly+1","Ghostly+1","Ghostly+1","Thunder Strike+1","Defragment+1","Apotheosis","Core Surge+1","Core Surge+1"],"relics":["Bag of Preparation","White Beast Statue","Omamori","Juzu Bracelet","Cursed Key","Nloth\u0027s Gift","Red Mask","Smiling Mask","Akabeko","MealTicket","Snecko Eye","Happy Flower","Bird Faced Urn","Molten Egg 2","Medical Kit","Anchor","Darkstone Periapt"],"acts_visited":["Exordium","TheCity","TheBeyond"],"potions_floor_usage":[44,51],"damage_taken":[{"damage":1.0,"enemies":"Cultist","floor":1.0,"turns":3.0},{"damage":2.0,"enemies":"Jaw Worm","floor":4.0,"turns":3.0},{"damage":10.0,"enemies":"Lagavulin","floor":7.0,"turns":6.0},{"damage":4.0,"enemies":"2 Louse","floor":8.0,"turns":2.0},{"damage":16.0,"enemies":"Lots of Slimes","floor":10.0,"turns":4.0},{"damage":17.0,"enemies":"3 Sentries","floor":12.0,"turns":6.0},{"damage":0.0,"enemies":"Large Slime","floor":14.0,"turns":4.0},{"damage":2.0,"enemies":"Slime Boss","floor":16.0,"turns":8.0},{"damage":0.0,"enemies":"Spheric Guardian","floor":18.0,"turns":2.0},{"damage":2.0,"enemies":"Masked Bandits","floor":22.0,"turns":4.0},{"damage":16.0,"enemies":"Gremlin Leader","floor":25.0,"turns":6.0},{"damage":3.0,"enemies":"Chosen","floor":31.0,"turns":5.0},{"damage":10.0,"enemies":"Champ","floor":33.0,"turns":15.0},{"damage":0.0,"enemies":"3 Shapes","floor":35.0,"turns":7.0},{"damage":3.0,"enemies":"2 Orb Walkers","floor":37.0,"turns":6.0},{"damage":0.0,"enemies":"Reptomancer","floor":41.0,"turns":7.0},{"damage":11,"enemies":"3 Darklings","floor":44,"turns":4},{"damage":2,"enemies":"Jaw Worm Horde","floor":45,"turns":6},{"damage":0,"enemies":"Sphere and 2 Shapes","floor":46,"turns":7},{"damage":1,"enemies":"Giant Head","floor":48,"turns":9},{"damage":0,"enemies":"Donu and Deca","floor":50,"turns":11},{"damage":8,"enemies":"Time Eater","floor":51,"turns":14}],"seed_played":"7797511850239251465","potions_obtained":[{"floor":1.0,"key":"DistilledChaos"},{"floor":8.0,"key":"FocusPotion"},{"floor":12.0,"key":"Dexterity Potion"},{"floor":14.0,"key":"SpeedPotion"},{"floor":16.0,"key":"Fire Potion"},{"floor":25.0,"key":"SneckoOil"},{"floor":33.0,"key":"Weak Potion"},{"floor":44,"key":"GamblersBrew"}],"is_trial":false,"path_per_floor":["M","?","?","M","?","R","E","M","T","M","R","E","R","M","R","B",null,"M","?","?","?","?","R","$","E","T","R","?","T","R","M","R","B",null,"M","$","?","?","?","R","E","R","T","M","M","M","$","E","R","B","B",null],"character_chosen":"DEFECT","items_purchased":["Happy Flower","Medical Kit","Anchor"],"campfire_rested":0,"item_purchase_floors":[36,47,47],"current_hp_per_floor":[63,63,63,61,66,66,56,52,52,36,36,19,19,19,19,17,61,61,39,39,39,37,37,37,21,21,21,21,21,21,18,18,8,32,32,40,37,37,37,37,38,38,38,27,33,38,38,38,38,38,36],"gold":46,"neow_bonus":"ONE_RANDOM_RARE_CARD","is_daily":false,"chose_seed":false,"campfire_upgraded":11,"win_rate":0.0,"timestamp":1612025469,"path_taken":["M","?","?","?","?","R","E","M","T","M","R","E","R","M","R","BOSS","M","?","?","?","?","R","$","E","T","R","?","?","R","M","R","BOSS","M","$","?","?","?","R","E","R","T","M","M","M","$","E","R","BOSS","BOSS"],"items_purchased_type":["Relic","Relic","Relic"],"build_version":"2020-12-22","purchased_purges":2,"victory":true,"max_hp_per_floor":[71,71,71,71,76,76,76,76,76,76,76,76,76,76,76,76,76,76,81,81,81,81,81,81,81,81,81,40,40,40,40,40,40,40,40,40,40,40,38,38,38,38,38,38,38,38,38,38,38,38,38],"relic_stats":{"Darkstone Periapt":0,"Happy Flower":[21],"counters":[22,139],"Bag of Preparation":[42],"Juzu Bracelet":1,"Cursed Key":2,"Smiling Mask":50,"Medical Kit":[1],"Bird Faced Urn":[21],"Snecko Eye":[110,106,127,101],"MealTicket":8,"Nloth\u0027s Gift":2,"obtain_stats":[{"Darkstone Periapt":48,"Happy Flower":36,"Bag of Preparation":3,"Omamori":9,"Juzu Bracelet":12,"Cursed Key":17,"Smiling Mask":25,"Medical Kit":47,"White Beast Statue":7,"Akabeko":26,"Anchor":47,"Bird Faced Urn":37,"Snecko Eye":34,"MealTicket":29,"Molten Egg 2":41,"Nloth\u0027s Gift":20,"Red Mask":22,"Cracked Core":0},{"Darkstone Periapt":20,"Happy Flower":14,"Bag of Preparation":1,"Omamori":4,"Juzu Bracelet":6,"Cursed Key":8,"Smiling Mask":11,"Medical Kit":19,"White Beast Statue":3,"Akabeko":11,"Anchor":19,"Bird Faced Urn":15,"Snecko Eye":13,"MealTicket":11,"Molten Egg 2":16,"Nloth\u0027s Gift":9,"Red Mask":10,"Cracked Core":0},{"Darkstone Periapt":114,"Happy Flower":75,"Bag of Preparation":3,"Omamori":14,"Juzu Bracelet":24,"Cursed Key":36,"Smiling Mask":48,"Medical Kit":105,"White Beast Statue":12,"Akabeko":48,"Anchor":105,"Bird Faced Urn":81,"Snecko Eye":68,"MealTicket":48,"Molten Egg 2":88,"Nloth\u0027s Gift":38,"Red Mask":42,"Cracked Core":0}]},"card_choices":[{"not_picked":["Cold Snap","Self Repair"],"picked":"Ball Lightning","floor":1.0},{"not_picked":["Stack","Gash","Hello World"],"picked":"SKIP","floor":4.0},{"not_picked":["Barrage","FTL"],"picked":"Sunder","floor":7.0},{"not_picked":["Steam","Beam Cell","Stack"],"picked":"SKIP","floor":8.0},{"not_picked":["Scrape","Aggregate"],"picked":"Glacier","floor":10.0},{"not_picked":["Reprogram","Ball Lightning"],"picked":"Biased Cognition","floor":12.0},{"not_picked":["Force Field","FTL","Fusion"],"picked":"SKIP","floor":14.0},{"not_picked":["All For One","Meteor Strike"],"picked":"Buffer","floor":16.0},{"not_picked":["Cold Snap","Glacier"],"picked":"Turbo","floor":18.0},{"not_picked":["Lockon","Sunder","Go for the Eyes"],"picked":"SKIP","floor":25.0},{"not_picked":["Lockon","Sunder"],"picked":"Go for the Eyes","floor":25.0},{"not_picked":["Steam","Go for the Eyes","Leap"],"picked":"SKIP","floor":31.0},{"not_picked":["Reboot","Amplify"],"picked":"Thunder Strike","floor":33.0},{"not_picked":["Cold Snap","Aggregate"],"picked":"Defragment+1","floor":35.0},{"not_picked":["Chrysalis","Impatience"],"picked":"Apotheosis","floor":38.0},{"not_picked":["Steam","Reinforced Body+1"],"picked":"Core Surge+1","floor":41.0},{"not_picked":["Cold Snap+1","Conserve Battery","Self Repair"],"picked":"SKIP","floor":44},{"not_picked":["Compile Driver+1","Go for the Eyes+1","FTL+1"],"picked":"SKIP","floor":45},{"not_picked":["Rip and Tear+1","Redo+1","Genetic Algorithm"],"picked":"SKIP","floor":46},{"not_picked":["Thunder Strike+1","Biased Cognition"],"picked":"Core Surge+1","floor":48}],"player_experience":1293372,"relics_obtained":[{"floor":7.0,"key":"White Beast Statue"},{"floor":9.0,"key":"Omamori"},{"floor":12.0,"key":"Juzu Bracelet"},{"floor":22.0,"key":"Red Mask"},{"floor":25.0,"key":"Smiling Mask"},{"floor":26.0,"key":"Akabeko"},{"floor":29.0,"key":"MealTicket"},{"floor":37.0,"key":"Bird Faced Urn"},{"floor":41.0,"key":"Molten Egg 2"},{"floor":48,"key":"Darkstone Periapt"}],"event_choices":[{"damage_healed":0.0,"max_hp_gain":0.0,"max_hp_loss":0.0,"gold_gain":0.0,"event_name":"Liars Game","player_choice":"Ignored","floor":2.0,"gold_loss":0.0,"damage_taken":0.0},{"damage_healed":0.0,"max_hp_gain":0.0,"max_hp_loss":0.0,"gold_gain":0.0,"event_name":"WeMeetAgain","player_choice":"Paid Gold","floor":3.0,"gold_loss":74.0,"damage_taken":0.0,"relics_obtained":["Bag of Preparation"]},{"damage_healed":0.0,"max_hp_gain":5.0,"max_hp_loss":0.0,"gold_gain":0.0,"event_name":"Big Fish","player_choice":"Donut","floor":5.0,"gold_loss":0.0,"damage_taken":0.0},{"damage_healed":0.0,"max_hp_gain":5.0,"max_hp_loss":0.0,"gold_gain":0.0,"event_name":"Forgotten Altar","player_choice":"Shed Blood","floor":19.0,"gold_loss":0.0,"damage_taken":27.0},{"damage_healed":0.0,"max_hp_gain":0.0,"max_hp_loss":0.0,"gold_gain":0.0,"event_name":"N\u0027loth","player_choice":"Traded Relic","floor":20.0,"relics_lost":["Cracked Core"],"gold_loss":0.0,"damage_taken":0.0,"relics_obtained":["Nloth\u0027s Gift"]},{"damage_healed":0.0,"max_hp_gain":0.0,"max_hp_loss":0.0,"gold_gain":0.0,"event_name":"The Library","player_choice":"Read","floor":21.0,"gold_loss":0.0,"damage_taken":0.0,"cards_obtained":["Undo"]},{"damage_healed":0.0,"max_hp_gain":0.0,"max_hp_loss":0.0,"gold_gain":0.0,"event_name":"Masked Bandits","player_choice":"Fought Bandits","floor":22.0,"gold_loss":0.0,"damage_taken":0.0},{"damage_healed":0.0,"max_hp_gain":0.0,"max_hp_loss":41.0,"gold_gain":0.0,"event_name":"Ghosts","player_choice":"Became a Ghost","floor":28.0,"gold_loss":0.0,"damage_taken":0.0,"cards_obtained":["Ghostly","Ghostly","Ghostly"]},{"damage_healed":0.0,"max_hp_gain":0.0,"max_hp_loss":0.0,"gold_gain":0.0,"event_name":"Mysterious Sphere","player_choice":"Fight","floor":37.0,"gold_loss":0.0,"damage_taken":0.0},{"damage_healed":0.0,"max_hp_gain":0.0,"max_hp_loss":0.0,"gold_gain":0.0,"event_name":"SensoryStone","player_choice":"Memory 1","floor":38.0,"gold_loss":0.0,"damage_taken":0.0},{"damage_healed":0.0,"max_hp_gain":0.0,"max_hp_loss":2.0,"gold_gain":0.0,"event_name":"Winding Halls","player_choice":"Max HP","floor":39.0,"gold_loss":0.0,"damage_taken":0.0}],"is_beta":false,"boss_relics":[{"not_picked":["SacredBark","Inserter"],"picked":"Cursed Key"},{"not_picked":["Nuclear Battery","Pandora\u0027s Box"],"picked":"Snecko Eye"}],"items_purged_floors":[24,36],"is_endless":false,"potions_floor_spawned":[1,8,10,12,14,16,18,22,25,31,33,35,37,41,44,45,46,48],"ascension_level":20}}