{"host":"3jpwrwmmgyabjceh","time":1612016397,"event":{"mods":["AchievementEnabler","BaseMod","Colored Map","Colored Powertips","Highlight Path","Minty Spire (QoL Compilation)","Quick Restart","Relic Stats","StSLib","SuperFastMode"],"gold_per_floor":[111,123,140,156,156,190,190,215,215,215,242,81,106,135,135,240,240,260,270,270,283,156,156,184,184,208,237,237,252,252,277,277,376,376,394,409,458,558,570,600,138,155,182,213,213,0,0,16,16,16],"floor_reached":51,"language":"ENG","playtime":1853,"items_purged":["Strike_R","Strike_R","Strike_R"],"score":1152,"play_id":"4028c9c5-9e7d-4b32-8636-462036c29fb7","local_time":"20210130171957","is_ascension_mode":true,"campfire_choices":[{"floor":7.0,"key":"REST"},{"data":"Carnage","floor":10.0,"key":"SMITH"},{"floor":15.0,"key":"REST"},{"data":"Demon Form","floor":23.0,"key":"SMITH"},{"floor":25.0,"key":"REST"},{"data":"Flame Barrier","floor":30.0,"key":"SMITH"},{"floor":32.0,"key":"REST"},{"floor":45.0,"key":"REST"},{"data":"1","floor":49,"key":"LIFT"}],"circlet_count":0,"master_deck":["Defend_R","Defend_R","Defend_R","Defend_R","Bash+1","Carnage+1","Havoc","Shrug It Off","Fire Breathing","Demon Form+1","Shrug It Off","Heavy Blade+1","Bloodletting","Body Slam+1","Barricade","Heavy Blade+1","Inflame","Havoc","Flame Barrier+1","Combust","Exhume","Shrug It Off+1","Offering","Whirlwind+1","Offering","Inflame","Pommel Strike+1","Ghostly Armor","Rage+1"],"relics":["Philosopher\u0027s Stone","Molten Egg 2","Happy Flower","InkBottle","Bird Faced Urn","Odd Mushroom","Omamori","Cursed Key","WarpedTongs","Pocketwatch","Pear","Lantern","Runic Pyramid","Turnip","Sundial","PreservedInsect","OrangePellets","Boot","Girya","Red Mask"],"acts_visited":["Exordium","TheCity","TheBeyond"],"potions_floor_usage":[48,50],"damage_taken":[{"damage":7.0,"enemies":"2 Louse","floor":1.0,"turns":2.0},{"damage":13.0,"enemies":"Jaw Worm","floor":2.0,"turns":3.0},{"damage":3.0,"enemies":"Small Slimes","floor":3.0,"turns":3.0},{"damage":14.0,"enemies":"Exordium Thugs","floor":4.0,"turns":4.0},{"damage":18.0,"enemies":"Gremlin Nob","floor":6.0,"turns":4.0},{"damage":18.0,"enemies":"3 Sentries","floor":8.0,"turns":5.0},{"damage":8.0,"enemies":"Gremlin Nob","floor":11.0,"turns":3.0},{"damage":7.0,"enemies":"The Mushroom Lair","floor":13.0,"turns":4.0},{"damage":11.0,"enemies":"3 Sentries","floor":14.0,"turns":5.0},{"damage":8.0,"enemies":"Hexaghost","floor":16.0,"turns":6.0},{"damage":11.0,"enemies":"Shell Parasite","floor":18.0,"turns":4.0},{"damage":4.0,"enemies":"2 Thieves","floor":19.0,"turns":4.0},{"damage":17.0,"enemies":"3 Cultists","floor":21.0,"turns":5.0},{"damage":36.0,"enemies":"Slavers","floor":24.0,"turns":4.0},{"damage":14.0,"enemies":"Gremlin Leader","floor":27.0,"turns":5.0},{"damage":12.0,"enemies":"Cultist and Chosen","floor":29.0,"turns":3.0},{"damage":44.0,"enemies":"Slavers","floor":31.0,"turns":5.0},{"damage":11.0,"enemies":"Collector","floor":33.0,"turns":6.0},{"damage":14.0,"enemies":"3 Darklings","floor":35.0,"turns":4.0},{"damage":2.0,"enemies":"3 Shapes","floor":36.0,"turns":4.0},{"damage":44.0,"enemies":"2 Orb Walkers","floor":37.0,"turns":4.0},{"damage":14.0,"enemies":"Spire Growth","floor":39.0,"turns":4.0},{"damage":16.0,"enemies":"Giant Head","floor":40.0,"turns":5.0},{"damage":7.0,"enemies":"Transient","floor":42.0,"turns":5.0},{"damage":14.0,"enemies":"Nemesis","floor":44.0,"turns":3.0},{"damage":1,"enemies":"Jaw Worm Horde","floor":48,"turns":2},{"damage":53,"enemies":"Donu and Deca","floor":50,"turns":7}],"seed_played":"-438761135857157599","potions_obtained":[{"floor":2.0,"key":"Ancient Potion"},{"floor":4.0,"key":"CultistPotion"},{"floor":8.0,"key":"SkillPotion"},{"floor":14.0,"key":"Dexterity Potion"},{"floor":18.0,"key":"LiquidMemories"},{"floor":21.0,"key":"Strength Potion"},{"floor":24.0,"key":"Weak Potion"},{"floor":27.0,"key":"DistilledChaos"},{"floor":33.0,"key":"DuplicationPotion"},{"floor":35.0,"key":"Strength Potion"},{"floor":36.0,"key":"Energy Potion"},{"floor":42.0,"key":"GamblersBrew"},{"floor":48,"key":"SneckoOil"}],"is_trial":false,"path_per_floor":["M","M","M","M","?","E","R","E","T","R","E","$","?","E","R","B",null,"M","M","?","M","$","R","E","R","T","E","?","M","R","E","R","B",null,"M","M","?","?","M","E","$","M","T","E","R","?","?","M","R","B",null],"character_chosen":"IRONCLAD","items_purchased":["Bloodletting","PowerPotion","Havoc","PreservedInsect","OrangePellets","Inflame"],"campfire_rested":5,"item_purchase_floors":[12,12,22,41,41,41],"current_hp_per_floor":[65,52,49,35,35,17,41,23,23,23,15,15,10,1,25,21,65,58,58,58,47,47,47,15,39,39,41,41,39,39,3,30,29,75,67,73,37,37,33,27,27,26,26,18,45,45,45,46,46,5],"gold":16,"neow_bonus":"BOSS_RELIC","is_daily":false,"chose_seed":false,"campfire_upgraded":3,"win_rate":0.0,"timestamp":1612016397,"path_taken":["M","M","M","M","?","E","R","E","T","R","E","$","?","E","R","BOSS","M","M","?","M","?","R","E","R","T","E","?","M","R","E","R","BOSS","M","M","?","?","?","E","$","M","T","E","R","?","?","M","R","BOSS"],"items_purchased_type":["Card","Potion","Card","Relic","Relic","Card"],"build_version":"2020-12-22","purchased_purges":3,"victory":true,"max_hp_per_floor":[80,80,80,80,80,80,80,80,80,80,80,80,80,80,80,80,80,80,80,80,80,80,80,80,80,80,90,90,90,90,90,90,90,90,90,90,90,90,90,90,90,90,90,90,90,90,90,90,90,90],"relic_stats":{"Happy Flower":[30],"counters":[27,113],"PreservedInsect":58,"Cursed Key":2,"Boot":[4],"WarpedTongs":[66],"OrangePellets":[0],"Sundial":[0],"Bird Faced Urn":[128],"Turnip":[0],"obtain_stats":[{"Girya":44,"Lantern":31,"Pear":27,"Happy Flower":8,"PreservedInsect":41,"Omamori":14,"Odd Mushroom":13,"Cursed Key":17,"Boot":43,"Burning Blood":0,"WarpedTongs":20,"OrangePellets":41,"Sundial":40,"Bird Faced Urn":11,"Philosopher\u0027s Stone":0,"Molten Egg 2":6,"Turnip":37,"Red Mask":46,"InkBottle":9,"Pocketwatch":24,"Runic Pyramid":34},{"Girya":25,"Lantern":17,"Pear":15,"Happy Flower":6,"PreservedInsect":23,"Omamori":9,"Odd Mushroom":8,"Cursed Key":10,"Boot":24,"Burning Blood":0,"WarpedTongs":12,"OrangePellets":23,"Sundial":23,"Bird Faced Urn":7,"Philosopher\u0027s Stone":0,"Molten Egg 2":5,"Turnip":21,"Red Mask":25,"InkBottle":6,"Pocketwatch":14,"Runic Pyramid":18},{"Girya":104,"Lantern":69,"Pear":61,"Happy Flower":21,"PreservedInsect":96,"Omamori":33,"Odd Mushroom":28,"Cursed Key":39,"Boot":101,"Burning Blood":0,"WarpedTongs":47,"OrangePellets":96,"Sundial":96,"Bird Faced Urn":24,"Philosopher\u0027s Stone":0,"Molten Egg 2":16,"Turnip":87,"Red Mask":104,"InkBottle":21,"Pocketwatch":56,"Runic Pyramid":75}],"InkBottle":[41],"Pocketwatch":[12]},"card_choices":[{"not_picked":["Clothesline","Heavy Blade"],"picked":"Carnage","floor":1.0},{"not_picked":["Sword Boomerang","Anger"],"picked":"Havoc","floor":2.0},{"not_picked":["Heavy Blade","Dual Wield"],"picked":"Shrug It Off","floor":3.0},{"not_picked":["Havoc","Blood for Blood"],"picked":"Fire Breathing","floor":4.0},{"not_picked":["Rage","Sword Boomerang+1"],"picked":"Demon Form","floor":6.0},{"not_picked":["Body Slam+1","Flex"],"picked":"Shrug It Off","floor":8.0},{"not_picked":["Armaments","Twin Strike+1"],"picked":"Heavy Blade+1","floor":11.0},{"not_picked":["Shrug It Off","Demon Form"],"picked":"Body Slam+1","floor":14.0},{"not_picked":["Feed+1","Fiend Fire+1"],"picked":"Barricade","floor":16.0},{"not_picked":["Twin Strike+1","Thunderclap+1","Dual Wield+1"],"picked":"SKIP","floor":18.0},{"not_picked":["Iron Wave+1","Flame Barrier"],"picked":"Heavy Blade+1","floor":19.0},{"not_picked":["Flex+1","Dual Wield"],"picked":"Inflame","floor":21.0},{"not_picked":["Sword Boomerang+1","Clothesline+1"],"picked":"Flame Barrier","floor":24.0},{"not_picked":["Perfected Strike+1","Sentinel+1","Sever Soul+1"],"picked":"SKIP","floor":27.0},{"not_picked":["Perfected Strike+1","Dual Wield"],"picked":"Shrug It Off+1","floor":29.0},{"not_picked":["Headbutt+1","Blood for Blood+1","Clash+1"],"picked":"SKIP","floor":31.0},{"not_picked":["Exhume","Double Tap"],"picked":"Offering","floor":33.0},{"not_picked":["Second Wind","Sword Boomerang+1","Reckless Charge+1"],"picked":"SKIP","floor":35.0},{"not_picked":["Clash+1","Twin Strike+1"],"picked":"Whirlwind+1","floor":36.0},{"not_picked":["Cleave+1","Perfected Strike+1"],"picked":"Offering","floor":37.0},{"not_picked":["Cleave+1","Clash+1","Warcry+1"],"picked":"SKIP","floor":39.0},{"not_picked":["Iron Wave+1","Evolve","Thunderclap+1"],"picked":"SKIP","floor":40.0},{"not_picked":["Thunderclap+1","Heavy Blade+1"],"picked":"Pommel Strike+1","floor":42.0},{"not_picked":["Hemokinesis+1","Feel No Pain"],"picked":"Ghostly Armor","floor":44.0},{"not_picked":["Sword Boomerang+1","Whirlwind+1"],"picked":"Rage+1","floor":48}],"player_experience":302830,"relics_obtained":[{"floor":6.0,"key":"Molten Egg 2"},{"floor":8.0,"key":"Happy Flower"},{"floor":9.0,"key":"InkBottle"},{"floor":11.0,"key":"Bird Faced Urn"},{"floor":13.0,"key":"Odd Mushroom"},{"floor":14.0,"key":"Omamori"},{"floor":24.0,"key":"Pocketwatch"},{"floor":27.0,"key":"Pear"},{"floor":31.0,"key":"Lantern"},{"floor":37.0,"key":"Turnip"},{"floor":40.0,"key":"Sundial"},{"floor":43.0,"key":"Boot"},{"floor":44.0,"key":"Girya"}],"event_choices":[{"damage_healed":0.0,"max_hp_gain":0.0,"max_hp_loss":0.0,"gold_gain":0.0,"event_name":"Living Wall","player_choice":"Grow","floor":5.0,"gold_loss":0.0,"damage_taken":0.0,"cards_upgraded":["Bash"]},{"damage_healed":0.0,"max_hp_gain":0.0,"max_hp_loss":0.0,"gold_gain":0.0,"event_name":"Mushrooms","player_choice":"Fought Mushrooms","floor":13.0,"gold_loss":0.0,"damage_taken":0.0},{"damage_healed":0.0,"max_hp_gain":0.0,"max_hp_loss":0.0,"gold_gain":0.0,"event_name":"Accursed Blacksmith","player_choice":"Rummage","floor":20.0,"gold_loss":0.0,"damage_taken":0.0,"relics_obtained":["WarpedTongs"],"cards_obtained":["Pain"]},{"damage_healed":0.0,"max_hp_gain":0.0,"max_hp_loss":0.0,"gold_gain":0.0,"cards_transformed":["Strike_R","Strike_R"],"event_name":"Drug Dealer","player_choice":"Became Test Subject","floor":28.0,"gold_loss":0.0,"damage_taken":0.0,"cards_obtained":["Combust","Exhume"]},{"damage_healed":0.0,"max_hp_gain":0.0,"max_hp_loss":0.0,"gold_gain":0.0,"event_name":"Mysterious Sphere","player_choice":"Fight","floor":37.0,"gold_loss":0.0,"damage_taken":0.0},{"damage_healed":0.0,"max_hp_gain":0.0,"max_hp_loss":0.0,"gold_gain":100.0,"event_name":"Golden Shrine","player_choice":"Pray","floor":38.0,"gold_loss":0.0,"damage_taken":0.0},{"damage_healed":0.0,"max_hp_gain":0.0,"max_hp_loss":0.0,"gold_gain":0.0,"event_name":"Tomb of Lord Red Mask","player_choice":"Paid","floor":46.0,"gold_loss":213.0,"damage_taken":0.0,"relics_obtained":["Red Mask"]},{"cards_removed":["Writhe"],"damage_healed":0.0,"max_hp_gain":0.0,"max_hp_loss":0.0,"gold_gain":0.0,"event_name":"Purifier","player_choice":"Purged","floor":47.0,"gold_loss":0.0,"damage_taken":0.0}],"is_beta":false,"boss_relics":[{"not_picked":["Fusion Hammer","SlaversCollar"],"picked":"Cursed Key"},{"not_picked":["Calling Bell","SacredBark"],"picked":"Runic Pyramid"}],"items_purged_floors":[12,22,41],"is_endless":false,"potions_floor_spawned":[2,4,8,14,18,21,24,27,33,35,36,39,42,48],"ascension_level":7}}