{"host":"Bilverbakes","time":1612036108,"event":{"mods":["2.2 Compatiblity","AchievementEnabler","BaseMod","Bestiary","Colored Map","Minty Spire (QoL Compilation)","Relic Stats","StSLib","ojb\u0027s Info Mod"],"gold_per_floor":[113,113,129,146,146,146,187,208,208,239,239,264,22,40,40,133,133,147,147,147,171,171,212,212,256,256,256,156,179,219,269,269,365,365,385,607,620,639,697,697,697,740,740,740,771,282,301,314,314,314,314,314,314,12,56,56,56],"floor_reached":56,"language":"ENG","playtime":3133,"items_purged":["Strike_G","Parasite"],"score":2181,"play_id":"60fd907f-db21-4169-a580-442993a6e612","local_time":"20210130134828","is_ascension_mode":true,"campfire_choices":[{"data":"Neutralize","floor":6.0,"key":"SMITH"},{"data":"Well Laid Plans","floor":15.0,"key":"SMITH"},{"data":"Tactician","floor":24.0,"key":"SMITH"},{"data":"Concentrate","floor":27.0,"key":"SMITH"},{"floor":32.0,"key":"REST"},{"data":"After Image","floor":40.0,"key":"SMITH"},{"data":"Acrobatics","floor":44,"key":"SMITH"},{"floor":49,"key":"RECALL"},{"data":"Prepared","floor":53,"key":"SMITH"}],"circlet_count":0,"master_deck":["AscendersBane","Strike_G+1","Defend_G","Defend_G","Defend_G","Survivor+1","Neutralize+1","Sadistic Nature","Dagger Throw","Deadly Poison","Poisoned Stab","Eviscerate","Dash","Slice","Acrobatics+1","Well Laid Plans+1","Adrenaline","Noxious Fumes+1","Reflex+1","Blade Dance+1","Concentrate+1","Tactician+1","Terror","Adrenaline","Adrenaline","Blade Dance","Dodge and Roll+1","After Image+1","Prepared+1","Predator+1","Backflip+1","Eviscerate","Prepared+1","Reflex"],"relics":["Ring of the Snake","Golden Idol","Strawberry","Shuriken","Orichalcum","Astrolabe","Letter Opener","Red Mask","Nunchaku","Ancient Tea Set","Cursed Key","Calipers","Thread and Needle","Centennial Puzzle","Ginger","Lee\u0027s Waffle","TheAbacus","Mercury Hourglass"],"acts_visited":["Exordium","TheCity","TheBeyond","TheEnding"],"potions_floor_usage":[50,51,55],"damage_taken":[{"damage":2.0,"enemies":"Small Slimes","floor":1.0,"turns":5.0},{"damage":3.0,"enemies":"2 Louse","floor":3.0,"turns":3.0},{"damage":2.0,"enemies":"Jaw Worm","floor":4.0,"turns":3.0},{"damage":8.0,"enemies":"Gremlin Nob","floor":7.0,"turns":3.0},{"damage":0.0,"enemies":"Looter","floor":8.0,"turns":3.0},{"damage":25.0,"enemies":"Lagavulin","floor":10.0,"turns":4.0},{"damage":7.0,"enemies":"Large Slime","floor":12.0,"turns":5.0},{"damage":1.0,"enemies":"2 Fungi Beasts","floor":14.0,"turns":3.0},{"damage":10.0,"enemies":"The Guardian","floor":16.0,"turns":9.0},{"damage":0.0,"enemies":"3 Byrds","floor":18.0,"turns":4.0},{"damage":2.0,"enemies":"Chosen","floor":21.0,"turns":5.0},{"damage":12.0,"enemies":"Book of Stabbing","floor":23.0,"turns":4.0},{"damage":9.0,"enemies":"Masked Bandits","floor":25.0,"turns":3.0},{"damage":0.0,"enemies":"Sentry and Sphere","floor":29.0,"turns":2.0},{"damage":0.0,"enemies":"Gremlin Leader","floor":30.0,"turns":3.0},{"damage":23.0,"enemies":"Collector","floor":33.0,"turns":5.0},{"damage":0.0,"enemies":"Orb Walker","floor":35.0,"turns":2.0},{"damage":1.0,"enemies":"3 Darklings","floor":37.0,"turns":3.0},{"damage":0.0,"enemies":"Maw","floor":38.0,"turns":4.0},{"damage":0.0,"enemies":"2 Orb Walkers","floor":39.0,"turns":4.0},{"damage":6,"enemies":"Nemesis","floor":42,"turns":5},{"damage":0,"enemies":"Reptomancer","floor":45,"turns":3},{"damage":0,"enemies":"Jaw Worm Horde","floor":47,"turns":2},{"damage":0,"enemies":"Spire Growth","floor":48,"turns":4},{"damage":0,"enemies":"Donu and Deca","floor":50,"turns":4},{"damage":1,"enemies":"Time Eater","floor":51,"turns":9},{"damage":0,"enemies":"Shield and Spear","floor":55,"turns":5},{"damage":65,"enemies":"The Heart","floor":56,"turns":3}],"seed_played":"1308635830983137294","potions_obtained":[{"floor":1.0,"key":"Fire Potion"},{"floor":3.0,"key":"ColorlessPotion"},{"floor":4.0,"key":"Poison Potion"},{"floor":16.0,"key":"Swift Potion"},{"floor":23.0,"key":"GhostInAJar"},{"floor":38.0,"key":"Ancient Potion"},{"floor":42,"key":"Poison Potion"},{"floor":47,"key":"Swift Potion"}],"is_trial":false,"path_per_floor":["M","?","M","M","?","R","E","M","T","E","?","M","$","M","R","B",null,"M","?","?","M","?","E","R","?","T","R","$","M","E","?","R","B",null,"M","?","M","M","?","R","T","E","T","R","E","$","M","M","R","B","B",null,"R","$","E","B"],"character_chosen":"THE_SILENT","items_purchased":["Orichalcum","Ginger","Lee\u0027s Waffle","Reflex","TheAbacus","SkillPotion"],"campfire_rested":1,"item_purchase_floors":[13,46,46,54,54,54],"current_hp_per_floor":[57,39,36,34,34,34,33,33,33,8,23,16,16,15,15,5,47,47,47,47,45,45,33,33,24,24,24,24,24,24,24,41,18,48,48,48,47,47,47,47,47,41,41,41,41,65,65,65,65,65,64,65,65,65,65,0,0],"gold":56,"neow_bonus":"RANDOM_COLORLESS_2","is_daily":false,"chose_seed":false,"campfire_upgraded":7,"win_rate":0.0,"timestamp":1612036108,"path_taken":["M","?","M","M","?","R","E","M","T","E","?","M","$","M","R","BOSS","M","?","?","M","?","E","R","?","T","R","$","M","E","?","R","BOSS","M","?","M","M","?","R","?","E","T","R","E","$","M","?","R","BOSS","BOSS","R","$","E","BOSS"],"items_purchased_type":["Relic","Relic","Relic","Card","Relic","Potion"],"build_version":"2020-12-18","purchased_purges":2,"victory":false,"max_hp_per_floor":[60,60,60,60,54,54,61,61,61,61,61,61,61,61,61,61,61,61,61,61,61,61,61,61,61,61,61,58,58,58,58,58,58,58,58,58,58,58,58,58,58,58,58,58,58,65,65,65,65,65,65,65,65,65,65,65,65],"relic_stats":{"Lee\u0027s Waffle":24,"counters":[28,112],"Golden Idol":196,"Astrolabe":["Noxious Fumes","Reflex","Blade Dance"],"Letter Opener":[367],"Ginger":[5],"Orichalcum":[84],"Cursed Key":0,"Mercury Hourglass":[9],"Nunchaku":[29],"Centennial Puzzle":[4],"TheAbacus":[6],"Shuriken":[93],"obtain_stats":[{"Lee\u0027s Waffle":46,"Calipers":39,"Golden Idol":5,"Astrolabe":17,"Thread and Needle":42,"Letter Opener":23,"Ginger":46,"Orichalcum":13,"Ancient Tea Set":30,"Cursed Key":34,"Mercury Hourglass":55,"Nunchaku":26,"Centennial Puzzle":45,"TheAbacus":54,"Shuriken":10,"Strawberry":7,"Red Mask":25,"Ring of the Snake":0},{"Lee\u0027s Waffle":22,"Calipers":20,"Golden Idol":3,"Astrolabe":9,"Thread and Needle":21,"Letter Opener":12,"Ginger":22,"Orichalcum":7,"Ancient Tea Set":15,"Cursed Key":16,"Mercury Hourglass":27,"Nunchaku":13,"Centennial Puzzle":22,"TheAbacus":26,"Shuriken":6,"Strawberry":4,"Red Mask":13,"Ring of the Snake":0},{"Lee\u0027s Waffle":85,"Calipers":77,"Golden Idol":11,"Astrolabe":38,"Thread and Needle":82,"Letter Opener":51,"Ginger":85,"Orichalcum":26,"Ancient Tea Set":59,"Cursed Key":64,"Mercury Hourglass":109,"Nunchaku":54,"Centennial Puzzle":85,"TheAbacus":104,"Shuriken":21,"Strawberry":14,"Red Mask":54,"Ring of the Snake":0}],"Ring of the Snake":[56]},"card_choices":[{"not_picked":["Master of Strategy","Secret Technique"],"picked":"Sadistic Nature","floor":0.0},{"not_picked":["Slice","Distraction"],"picked":"Dagger Throw","floor":1.0},{"not_picked":["Acrobatics","Deflect"],"picked":"Deadly Poison","floor":3.0},{"not_picked":["Blade Dance","Flying Knee"],"picked":"Poisoned Stab","floor":4.0},{"not_picked":["Escape Plan","Slice"],"picked":"Eviscerate","floor":7.0},{"not_picked":["Heel Hook","Cloak And Dagger"],"picked":"Dash","floor":8.0},{"not_picked":["Outmaneuver","Blur"],"picked":"Slice","floor":10.0},{"not_picked":["Distraction","Choke"],"picked":"Acrobatics","floor":12.0},{"not_picked":["Underhanded Strike","Dagger Throw"],"picked":"Well Laid Plans","floor":14.0},{"not_picked":["Venomology","Unload"],"picked":"Adrenaline","floor":16.0},{"not_picked":["Quick Slash","Poisoned Stab","Deadly Poison"],"picked":"SKIP","floor":18.0},{"not_picked":["Blade Dance","Bane+1"],"picked":"Tactician","floor":21.0},{"not_picked":["Reflex","Noxious Fumes+1"],"picked":"Adrenaline","floor":23.0},{"not_picked":["Dodge and Roll","Infinite Blades"],"picked":"Blade Dance","floor":25.0},{"not_picked":["Dagger Spray","Deadly Poison"],"picked":"Dodge and Roll+1","floor":29.0},{"not_picked":["Deflect","Choke","Terror+1"],"picked":"SKIP","floor":30.0},{"not_picked":["Die Die Die","Burst"],"picked":"After Image","floor":33.0},{"not_picked":["Backflip","Infinite Blades"],"picked":"Prepared+1","floor":35.0},{"not_picked":["Outmaneuver","Cloak And Dagger","Infinite Blades"],"picked":"SKIP","floor":37.0},{"not_picked":["Dagger Spray","Catalyst"],"picked":"Predator+1","floor":38.0},{"not_picked":["Cloak And Dagger+1","Flechettes"],"picked":"Backflip+1","floor":39.0},{"not_picked":["Well Laid Plans","Catalyst","Accuracy"],"picked":"SKIP","floor":42},{"not_picked":["Noxious Fumes+1","Flying Knee+1","Doppelganger"],"picked":"SKIP","floor":45},{"not_picked":["Dagger Throw","Poisoned Stab"],"picked":"Eviscerate","floor":47},{"not_picked":["Dagger Throw","PiercingWail"],"picked":"Prepared","floor":48},{"not_picked":["Dagger Spray","Blade Dance","Skewer+1"],"picked":"SKIP","floor":55}],"player_experience":852676,"relics_obtained":[{"floor":7.0,"key":"Strawberry"},{"floor":10.0,"key":"Shuriken"},{"floor":23.0,"key":"Letter Opener"},{"floor":25.0,"key":"Red Mask"},{"floor":26.0,"key":"Nunchaku"},{"floor":30.0,"key":"Ancient Tea Set"},{"floor":39.0,"key":"Calipers"},{"floor":42,"key":"Thread and Needle"},{"floor":45,"key":"Centennial Puzzle"},{"floor":55,"key":"Mercury Hourglass"}],"event_choices":[{"damage_healed":0.0,"max_hp_gain":0.0,"max_hp_loss":0.0,"gold_gain":0.0,"event_name":"Shining Light","player_choice":"Entered Light","floor":2.0,"gold_loss":0.0,"damage_taken":18.0,"cards_upgraded":["Strike_G","Survivor"]},{"damage_healed":0.0,"max_hp_gain":0.0,"max_hp_loss":6.0,"gold_gain":0.0,"event_name":"Golden Idol","player_choice":"Lose Max HP","floor":5.0,"gold_loss":0.0,"damage_taken":0.0,"relics_obtained":["Golden Idol"]},{"damage_healed":15.0,"max_hp_gain":0.0,"max_hp_loss":0.0,"gold_gain":0.0,"event_name":"Mushrooms","player_choice":"Healed and dodged fight","floor":11.0,"gold_loss":0.0,"damage_taken":0.0,"cards_obtained":["Parasite"]},{"damage_healed":0.0,"max_hp_gain":0.0,"max_hp_loss":0.0,"gold_gain":0.0,"event_name":"Ghosts","player_choice":"Ignored","floor":19.0,"gold_loss":0.0,"damage_taken":0.0},{"damage_healed":0.0,"max_hp_gain":0.0,"max_hp_loss":0.0,"gold_gain":0.0,"event_name":"The Library","player_choice":"Read","floor":20.0,"gold_loss":0.0,"damage_taken":0.0,"cards_obtained":["Concentrate"]},{"damage_healed":0.0,"max_hp_gain":0.0,"max_hp_loss":0.0,"gold_gain":0.0,"cards_transformed":["Strike_G","Defend_G"],"event_name":"Drug Dealer","player_choice":"Became Test Subject","floor":22.0,"gold_loss":0.0,"damage_taken":0.0,"cards_obtained":["Terror","Adrenaline"]},{"damage_healed":0.0,"max_hp_gain":0.0,"max_hp_loss":0.0,"gold_gain":0.0,"event_name":"Masked Bandits","player_choice":"Fought Bandits","floor":25.0,"gold_loss":0.0,"damage_taken":0.0},{"damage_healed":0.0,"max_hp_gain":0.0,"max_hp_loss":0.0,"gold_gain":50.0,"event_name":"Nest","player_choice":"Stole From Cult","floor":31.0,"gold_loss":0.0,"damage_taken":0.0},{"damage_healed":0.0,"max_hp_gain":0.0,"max_hp_loss":0.0,"gold_gain":222.0,"event_name":"Tomb of Lord Red Mask","player_choice":"Wore Mask","floor":36.0,"gold_loss":0.0,"damage_taken":0.0},{"damage_healed":0.0,"max_hp_gain":0.0,"max_hp_loss":0.0,"gold_gain":0.0,"event_name":"Mysterious Sphere","player_choice":"Fight","floor":39.0,"gold_loss":0.0,"damage_taken":0.0}],"is_beta":true,"boss_relics":[{"not_picked":["Runic Dome","Calling Bell"],"picked":"Astrolabe"},{"not_picked":["Ring of the Serpent","Tiny House"],"picked":"Cursed Key"}],"items_purged_floors":[13,28],"is_endless":false,"potions_floor_spawned":[1,3,4,16,23,29,38,42,47],"killed_by":"The Heart","ascension_level":20}}