{"host":"363c1o4m0ew2jbar","time":1612001419,"event":{"mods":["AchievementEnabler","BaseMod","Better Note","Downfall","Hubris","Minty Spire (QoL Compilation)","StSLib"],"gold_per_floor":[99,110,128,428,428,442,514,57,57,74,74,74,91,103,121,121,121,121],"floor_reached":16,"language":"ENG","playtime":851,"items_purged":["downfall:Icky"],"score":94,"play_id":"2765a1a6-1eed-4f43-ab0a-53e6714b2bdc","local_time":"20210130001019","is_ascension_mode":false,"campfire_choices":[{"floor":1,"key":"RECALL"},{"floor":12,"key":"REST"}],"circlet_count":0,"master_deck":["bronze:Strike","bronze:Strike","bronze:Strike","bronze:Defend","bronze:Defend","bronze:Defend","bronze:Defend","bronze:Replicate","bronze:Goto","bronze:Repulsor","bronze:WhirlingStrike","downfall:Icky","bronze:BugBarrage","bronze:Constructor","bronze:ThunderWave","bronze:InfiniteBeams","bronze:Terminator","bronze:BugBarrage","bronze:ChosenStrike"],"relics":["bronze:BronzeCore","Ice Cream","hubris:SphereOfDissonance","Blood Vial","TheAbacus","downfall:ShatteredFragment"],"acts_visited":["Exordium"],"potions_floor_usage":[16,16],"damage_taken":[{"damage":1,"enemies":"Cultist","floor":2,"turns":3},{"damage":9,"enemies":"Jaw Worm","floor":3,"turns":4},{"damage":0,"enemies":"2 Louse","floor":6,"turns":3},{"damage":0,"enemies":"downfall:FleeingMerchant","floor":8,"turns":4},{"damage":12,"enemies":"Exordium Thugs","floor":10,"turns":4},{"damage":6,"enemies":"2 Fungi Beasts","floor":13,"turns":3},{"damage":6,"enemies":"Exordium Wildlife","floor":14,"turns":2},{"damage":8,"enemies":"Gremlin Gang","floor":15,"turns":2},{"damage":18,"enemies":"IC_STATUS_ARCHETYPE","floor":16,"turns":2}],"seed_played":"-6677589704664101365","potions_obtained":[{"floor":6,"key":"Ancient Potion"},{"floor":10,"key":"CultistPotion"},{"floor":14,"key":"hexamod:SoulburnPotion"}],"is_trial":false,"path_per_floor":["R","M","M","?","?","M","T","$","?","M","?","R","M","M","M","B"],"character_chosen":"THE_AUTOMATON","items_purchased":["Blood Vial","bronze:InfiniteBeams","TheAbacus"],"campfire_rested":1,"item_purchase_floors":[8,8,8],"current_hp_per_floor":[49,48,39,39,39,39,39,39,18,8,8,29,25,21,15,0,0,0],"gold":121,"neow_bonus":"ONE_RARE_RELIC","is_daily":false,"chose_seed":false,"campfire_upgraded":0,"win_rate":0.0,"timestamp":1612001419,"path_taken":["R","M","M","?","?","?","T","$","?","M","?","R","?","M","M","BOSS"],"items_purchased_type":["Relic","Card","Relic"],"build_version":"2020-12-22","purchased_purges":1,"victory":false,"max_hp_per_floor":[70,70,70,70,70,70,70,70,70,70,70,70,70,70,70,70,70,70],"card_choices":[{"not_picked":["bronze:Turbo","bronze:CutThrough"],"picked":"bronze:Repulsor","floor":2},{"not_picked":["bronze:Overheat","bronze:Philosophize"],"picked":"bronze:WhirlingStrike","floor":3},{"not_picked":["bronze:Overheat","bronze:DigitalCarnage"],"picked":"bronze:Constructor","floor":6},{"not_picked":["bronze:OilSpill","bronze:Iterate"],"picked":"bronze:ThunderWave","floor":8},{"not_picked":["bronze:Turbo","bronze:WhirlingStrike"],"picked":"bronze:Terminator","floor":10},{"not_picked":["bronze:ForLoop","bronze:Branch","bronze:Separator"],"picked":"SKIP","floor":13},{"not_picked":["bronze:DelayedSlice","bronze:Separator"],"picked":"bronze:BugBarrage","floor":14},{"not_picked":["bronze:ChildClass","bronze:Terminator"],"picked":"bronze:ChosenStrike","floor":15}],"player_experience":1227589,"relics_obtained":[{"floor":7,"key":"hubris:SphereOfDissonance"}],"event_choices":[],"is_beta":false,"boss_relics":[],"items_purged_floors":[8],"is_endless":false,"potions_floor_spawned":[6,10,14],"killed_by":"IC_STATUS_ARCHETYPE","ascension_level":0}}