{"host":"2py7ki924ssbu6hl","time":1612013245,"event":{"mods":["Act Like it!","BaseMod","Better Match","CapriCore","Colored Powertips","Friendly Minions","Gensokyo","GifTheSpireLib","Minty Spire (QoL Compilation)","Rare Cards Sparkle","ReimuÅiîé??öÎÅj","Relic Stats","StSLib","everything is the same but u backflip on backflip"],"gold_per_floor":[110,18,34,50,60,92,92,105,105,120,120,120,135,163,163,267,267,287,305,30,30,30],"floor_reached":21,"language":"ENG","playtime":2724,"items_purged":[],"score":193,"play_id":"bbdedf9a-541c-4be5-9c23-841f64913e22","local_time":"20210130142725","is_ascension_mode":false,"campfire_choices":[{"data":"ManaGlint:ReiMu","floor":7,"key":"SMITH"},{"data":"RunawayExorcism:ReiMu","floor":12,"key":"SMITH"},{"floor":15,"key":"REST"}],"circlet_count":0,"master_deck":["Strike_Lin:ReiMu","Strike_Lin:ReiMu","Strike_Lin:ReiMu","Strike_Lin:ReiMu","Defend_Lin:ReiMu","Defend_Lin:ReiMu","Defend_Lin:ReiMu","Defend_Lin:ReiMu","NB:ReiMu","Stagnation:ReiMu","CleanRite:ReiMu","Conquer:ReiMu","UpKicking:ReiMu","RunawayExorcism:ReiMu+1","ManaGlint:ReiMu+1","Dreaming2:ReiMu","YinYangSange:ReiMu","CareerPray:ReiMu","UniversalSpiritual:ReiMu","InherentArray:ReiMu","PhosphorusFlame:ReiMu","HakureiPhantom:ReiMu","AlertArray:ReiMu","Dreaming2:ReiMu","Gensokyo:MenInBlack","Gensokyo:LockedMedkit","Gensokyo:TarnishedGold"],"relics":["FlyPower:ReiMu","CrazyTorch:ReiMu","Bag of Preparation","Juzu Bracelet","FadedRune:ReiMu","Sozu"],"acts_visited":["Gensokyo:Gensokyo","Gensokyo:Gensokyoer"],"potions_floor_usage":[14,14,14],"damage_taken":[{"damage":15,"enemies":"Gensokyo:2_Kodama","floor":1,"turns":5},{"damage":11,"enemies":"Gensokyo:3_Fairies","floor":3,"turns":6},{"damage":5,"enemies":"Gensokyo:Python","floor":4,"turns":4},{"damage":4,"enemies":"Gensokyo:2_Rabbits","floor":5,"turns":5},{"damage":4,"enemies":"Gensokyo:Mamizou","floor":6,"turns":6},{"damage":14,"enemies":"Gensokyo:3_Kodama","floor":8,"turns":3},{"damage":0,"enemies":"Gensokyo:LivingMonolith","floor":10,"turns":3},{"damage":2,"enemies":"Gensokyo:Kitsune","floor":13,"turns":3},{"damage":13,"enemies":"Gensokyo:Aya","floor":14,"turns":5},{"damage":20,"enemies":"Gensokyo:Yukari","floor":16,"turns":10},{"damage":22,"enemies":"Gensokyo:AngelMirror","floor":18,"turns":4},{"damage":40,"enemies":"Gensokyo:3_Dogs","floor":19,"turns":5},{"damage":4,"enemies":"Gensokyo:Wraith","floor":21,"turns":5}],"seed_played":"-769113816580556061","potions_obtained":[{"floor":3,"key":"Block Potion"},{"floor":4,"key":"Energy Potion"},{"floor":6,"key":"Strength Potion"},{"floor":13,"key":"Regen Potion"}],"is_trial":false,"path_per_floor":["M","COS","M","M","M","E","R","M","T","M","?","R","M","E","R","B",null,"M","M","COS","M"],"character_chosen":"REIMU","items_purchased":[],"campfire_rested":1,"item_purchase_floors":[],"current_hp_per_floor":[50,50,39,34,30,26,26,12,12,12,12,12,10,11,30,10,65,43,3,3,0,0],"gold":30,"neow_bonus":"ONE_RANDOM_RARE_CARD","is_daily":false,"chose_seed":false,"campfire_upgraded":2,"win_rate":0.0,"timestamp":1612013245,"path_taken":["M","COS","M","M","M","E","R","M","T","M","?","R","M","E","R","BOSS","M","M","COS","M"],"items_purchased_type":[],"build_version":"2020-12-22","purchased_purges":0,"victory":false,"max_hp_per_floor":[65,65,65,65,65,65,65,65,65,65,65,65,65,65,65,65,65,65,65,65,65,65],"relic_stats":{"Sozu":1,"counters":[13,64],"Bag of Preparation":[16],"Juzu Bracelet":0,"obtain_stats":[{"Sozu":17,"FadedRune:ReiMu":14,"CrazyTorch:ReiMu":5,"Bag of Preparation":6,"Juzu Bracelet":9,"FlyPower:ReiMu":0},{"Sozu":10,"FadedRune:ReiMu":9,"CrazyTorch:ReiMu":4,"Bag of Preparation":5,"Juzu Bracelet":6,"FlyPower:ReiMu":0},{"Sozu":50,"FadedRune:ReiMu":40,"CrazyTorch:ReiMu":17,"Bag of Preparation":26,"Juzu Bracelet":29,"FlyPower:ReiMu":0}]},"card_choices":[{"not_picked":["AlertArray:ReiMu","TakeOff:ReiMu"],"picked":"Conquer:ReiMu","floor":1},{"not_picked":["SubAcupoint:ReiMu","Gathering:ReiMu"],"picked":"UpKicking:ReiMu","floor":3},{"not_picked":["Authority:ReiMu","Free:ReiMu"],"picked":"RunawayExorcism:ReiMu","floor":4},{"not_picked":["CareerPray:ReiMu","RainPray2:ReiMu"],"picked":"ManaGlint:ReiMu","floor":4},{"not_picked":["WonderfulDomain:ReiMu","CareerPray:ReiMu"],"picked":"Dreaming2:ReiMu","floor":5},{"not_picked":["RainPray2:ReiMu","AlertArray:ReiMu"],"picked":"YinYangSange:ReiMu","floor":6},{"not_picked":["Intuition:ReiMu","TightArray:ReiMu"],"picked":"CareerPray:ReiMu","floor":8},{"not_picked":["EmergencyTakeOff:ReiMu","LovePray:ReiMu"],"picked":"UniversalSpiritual:ReiMu","floor":10},{"not_picked":["Amulet:ReiMu","Enchanting:ReiMu"],"picked":"InherentArray:ReiMu","floor":13},{"not_picked":["RainPray2:ReiMu","Intuition:ReiMu"],"picked":"PhosphorusFlame:ReiMu","floor":14},{"not_picked":["CeremonyResonance:ReiMu","YinYang:ReiMu"],"picked":"HakureiPhantom:ReiMu","floor":16},{"not_picked":["AirStrike:ReiMu","SubcavityInstant:ReiMu"],"picked":"AlertArray:ReiMu","floor":18},{"not_picked":["CareerPray:ReiMu","AirStrike:ReiMu"],"picked":"Dreaming2:ReiMu","floor":19}],"player_experience":236664,"relics_obtained":[{"floor":6,"key":"Bag of Preparation"},{"floor":9,"key":"Juzu Bracelet"},{"floor":14,"key":"FadedRune:ReiMu"}],"event_choices":[],"is_beta":false,"boss_relics":[{"not_picked":["Philosopher\u0027s Stone","CrownOfHeavens:ReiMu"],"picked":"Sozu"}],"items_purged_floors":[],"is_endless":false,"potions_floor_spawned":[3,4,6,13,18],"killed_by":"Gensokyo:Wraith","ascension_level":0}}