{"host":"ysj15tgd1sneq0s0","time":1612006247,"event":{"mods":["AchievementEnabler","BaseMod","DeckTracker","Highlight Path","Minty Spire (QoL Compilation)","Permanent Neow","Quick Restart","StSLib","SuperFastMode","everything is the same but u backflip on backflip"],"gold_per_floor":[117,42,53,53,53,69,69,84,84,84,102,102,146,160,160,283,283,302,302,62,86,86,119,119,142,142,142,142,67,19,36,36,134,134,153,171,171,171,71,104,116,116,116,130,130,149,24,44,44,44],"floor_reached":51,"language":"KOR","playtime":2231,"items_purged":["Strike_G","Strike_G","Strike_G"],"score":806,"play_id":"3c2e661f-40a8-4422-9364-dce34f7a9e26","local_time":"20210130203047","is_ascension_mode":true,"campfire_choices":[{"data":"Bane","floor":7,"key":"SMITH"},{"floor":12,"key":"REST"},{"floor":15,"key":"REST"},{"floor":27,"key":"REST"},{"floor":32,"key":"REST"},{"floor":42,"key":"REST"},{"floor":49,"key":"REST"}],"circlet_count":0,"master_deck":["Strike_G","Strike_G","Defend_G","Defend_G+1","Defend_G+1","Survivor","Neutralize","Good Instincts","Poisoned Stab","Bane+1","Prepared","Dagger Spray","Catalyst","Deflect","Deadly Poison","Venomology+1","Deadly Poison+1","Deflect","Deadly Poison","After Image+1","Poisoned Stab+1","Quick Slash+1","Deflect","Footwork+1","Bane+1","Deadly Poison","Finisher+1"],"relics":["Ring of the Serpent","Bloody Idol","Kunai","Mercury Hourglass","Mummified Hand","Ninja Scroll","MutagenicStrength","Nunchaku","Frozen Egg 2","Philosopher\u0027s Stone","Bag of Preparation","Question Card"],"acts_visited":["Exordium","TheCity","TheBeyond"],"potions_floor_usage":[8,18,21,23,23,23,25,33,33,33,33,36,36,40,40,44,46,48,50,50,50,50],"damage_taken":[{"damage":1,"enemies":"Cultist","floor":1,"turns":4},{"damage":1,"enemies":"Small Slimes","floor":3,"turns":3},{"damage":5,"enemies":"2 Louse","floor":6,"turns":3},{"damage":10,"enemies":"Exordium Thugs","floor":8,"turns":8},{"damage":0,"enemies":"3 Louse","floor":11,"turns":3},{"damage":12,"enemies":"3 Sentries","floor":13,"turns":7},{"damage":0,"enemies":"2 Fungi Beasts","floor":14,"turns":3},{"damage":15,"enemies":"Hexaghost","floor":16,"turns":8},{"damage":0,"enemies":"Chosen","floor":18,"turns":5},{"damage":0,"enemies":"3 Byrds","floor":21,"turns":3},{"damage":83,"enemies":"Gremlin Leader","floor":23,"turns":11},{"damage":10,"enemies":"Centurion and Healer","floor":25,"turns":5},{"damage":3,"enemies":"Snake Plant","floor":31,"turns":4},{"damage":36,"enemies":"Champ","floor":33,"turns":10},{"damage":8,"enemies":"3 Shapes","floor":35,"turns":3},{"damage":37,"enemies":"3 Darklings","floor":36,"turns":6},{"damage":20,"enemies":"Giant Head","floor":40,"turns":7},{"damage":10,"enemies":"4 Shapes","floor":41,"turns":4},{"damage":1,"enemies":"Spire Growth","floor":44,"turns":4},{"damage":4,"enemies":"Maw","floor":46,"turns":6},{"damage":3,"enemies":"3 Darklings","floor":48,"turns":6},{"damage":31,"enemies":"Donu and Deca","floor":50,"turns":9}],"seed_played":"-5329416419870880497","potions_obtained":[{"floor":1,"key":"PowerPotion"},{"floor":8,"key":"BlessingOfTheForge"},{"floor":16,"key":"ColorlessPotion"},{"floor":25,"key":"LiquidBronze"},{"floor":31,"key":"DuplicationPotion"},{"floor":33,"key":"Ancient Potion"},{"floor":36,"key":"CunningPotion"},{"floor":41,"key":"AttackPotion"},{"floor":44,"key":"CunningPotion"},{"floor":46,"key":"BlessingOfTheForge"}],"is_trial":false,"path_per_floor":["M","$","M","$","?","M","R","M","T","?","M","R","E","M","R","B",null,"M","?","$","M","?","E","?","M","T","R","?","?","$","M","R","B",null,"M","M","?","?","$","E","M","R","T","M","?","M","$","M","R","B",null],"character_chosen":"THE_SILENT","items_purchased":["Ninja Scroll","Block Potion"],"campfire_rested":6,"item_purchase_floors":[20,30],"current_hp_per_floor":[69,69,68,68,51,46,46,36,36,22,22,43,31,31,52,37,70,70,70,70,70,70,2,25,15,15,36,36,36,36,38,59,28,70,67,35,35,35,35,20,15,36,36,40,40,41,41,43,64,33],"gold":44,"neow_bonus":"RANDOM_COLORLESS","is_daily":false,"chose_seed":false,"campfire_upgraded":1,"win_rate":0.0,"timestamp":1612006247,"path_taken":["M","?","M","$","?","M","R","M","T","?","M","R","E","M","R","BOSS","M","?","$","M","?","E","?","?","T","R","?","?","?","M","R","BOSS","M","M","?","?","$","E","M","R","T","?","?","?","$","M","R","BOSS"],"items_purchased_type":["Relic","Potion"],"build_version":"2020-12-22","purchased_purges":3,"victory":true,"max_hp_per_floor":[70,70,70,70,70,70,70,70,70,70,70,70,70,70,70,70,70,70,70,70,70,70,70,70,70,70,70,70,70,70,70,70,70,70,70,70,70,70,70,70,70,70,70,70,70,70,70,70,70,70],"card_choices":[{"not_picked":["Dramatic Entrance","Forethought"],"picked":"Good Instincts","floor":0},{"not_picked":["Deadly Poison","Riddle With Holes"],"picked":"Poisoned Stab","floor":1},{"not_picked":["Tactician","Underhanded Strike"],"picked":"Bane","floor":3},{"not_picked":["Outmaneuver","Eviscerate"],"picked":"Prepared","floor":6},{"not_picked":["Well Laid Plans","PiercingWail"],"picked":"Dagger Spray","floor":8},{"not_picked":["Acrobatics","Tactician"],"picked":"Catalyst","floor":11},{"not_picked":["Bane","Burst"],"picked":"Deflect","floor":13},{"not_picked":["PiercingWail","Dagger Throw"],"picked":"Deadly Poison","floor":14},{"not_picked":["Die Die Die","Night Terror"],"picked":"Venomology","floor":16},{"not_picked":["Flying Knee","Bane","Dodge and Roll"],"picked":"SKIP","floor":18},{"not_picked":["Sucker Punch+1","Leg Sweep"],"picked":"Deadly Poison+1","floor":21},{"not_picked":["Escape Plan","Riddle With Holes"],"picked":"Deflect","floor":23},{"not_picked":["Choke","Riddle With Holes+1"],"picked":"Deadly Poison","floor":25},{"not_picked":["Tactician+1","Eviscerate","Expertise"],"picked":"SKIP","floor":31},{"not_picked":["Tools of the Trade+1","Night Terror"],"picked":"After Image+1","floor":33},{"not_picked":["Slice","Prepared+1"],"picked":"Poisoned Stab+1","floor":35},{"not_picked":["Expertise+1","Flying Knee"],"picked":"Quick Slash+1","floor":36},{"not_picked":["PiercingWail+1","Venomology"],"picked":"Deflect","floor":40},{"not_picked":["Outmaneuver","Cloak And Dagger"],"picked":"Footwork+1","floor":41},{"not_picked":["PiercingWail","Sucker Punch+1","Eviscerate"],"picked":"Bane+1","floor":44},{"not_picked":["Caltrops+1","Prepared+1","Predator"],"picked":"Deadly Poison","floor":46},{"not_picked":["Blade Dance+1","Cloak And Dagger+1","Noxious Fumes+1"],"picked":"Finisher+1","floor":48}],"player_experience":41100,"relics_obtained":[{"floor":9,"key":"Kunai"},{"floor":13,"key":"Mercury Hourglass"},{"floor":23,"key":"Nunchaku"},{"floor":26,"key":"Frozen Egg 2"},{"floor":40,"key":"Bag of Preparation"},{"floor":43,"key":"Question Card"}],"event_choices":[{"damage_healed":0,"gold_gain":0,"player_choice":"Take Damage","damage_taken":17,"relics_obtained":["Golden Idol"],"max_hp_gain":0,"max_hp_loss":0,"event_name":"Golden Idol","floor":5,"gold_loss":0},{"damage_healed":0,"gold_gain":0,"player_choice":"Entered Light","damage_taken":14,"max_hp_gain":0,"max_hp_loss":0,"event_name":"Shining Light","floor":10,"gold_loss":0,"cards_upgraded":["Defend_G","Defend_G"]},{"damage_healed":0,"gold_gain":0,"player_choice":"Opened","damage_taken":0,"relics_obtained":["Mummified Hand"],"max_hp_gain":0,"max_hp_loss":0,"event_name":"The Mausoleum","floor":19,"gold_loss":0},{"damage_healed":0,"gold_gain":0,"player_choice":"Inject Mutagens","damage_taken":0,"relics_obtained":["MutagenicStrength"],"max_hp_gain":0,"max_hp_loss":0,"event_name":"Drug Dealer","floor":22,"gold_loss":0},{"damage_healed":23,"gold_gain":0,"player_choice":"Heal","damage_taken":0,"max_hp_gain":0,"max_hp_loss":0,"event_name":"The Library","floor":24,"gold_loss":0},{"damage_healed":0,"gold_gain":0,"player_choice":"Gave Idol","damage_taken":0,"relics_obtained":["Bloody Idol"],"max_hp_gain":0,"max_hp_loss":0,"event_name":"Forgotten Altar","floor":28,"relics_lost":["Golden Idol"],"gold_loss":0},{"cards_removed":["Defend_G"],"damage_healed":0,"gold_gain":0,"player_choice":"Gave Gold","damage_taken":0,"max_hp_gain":0,"max_hp_loss":0,"event_name":"Beggar","floor":29,"gold_loss":75},{"cards_removed":["Defend_G"],"damage_healed":0,"gold_gain":0,"player_choice":"Removed Skill","damage_taken":0,"max_hp_gain":0,"max_hp_loss":0,"event_name":"Falling","floor":37,"gold_loss":0},{"damage_healed":0,"gold_gain":0,"player_choice":"Forge","damage_taken":0,"max_hp_gain":0,"max_hp_loss":0,"event_name":"Accursed Blacksmith","floor":38,"gold_loss":0,"cards_upgraded":["Venomology"]},{"damage_healed":0,"gold_gain":0,"player_choice":"Bought 0 Potions","damage_taken":0,"max_hp_gain":0,"max_hp_loss":0,"event_name":"The Woman in Blue","floor":45,"gold_loss":0}],"is_beta":false,"boss_relics":[{"not_picked":["SacredBark","Empty Cage"],"picked":"Ring of the Serpent"},{"not_picked":["Cursed Key","Busted Crown"],"picked":"Philosopher\u0027s Stone"}],"items_purged_floors":[2,39,47],"is_endless":false,"potions_floor_spawned":[1,8,16,25,31,33,36,41,44,46],"ascension_level":1}}