{"host":"kh6fvhxn285ncg0o","time":1612037688,"event":{"mods":["Act Like it!","BaseMod","Colored Map","Friendly Minions","Keyboard Shortcuts","Minty Spire (QoL Compilation)","Quick Restart","Relic Stats","StSLib","SuperFastMode","UnlockEverythingMod"],"gold_per_floor":[116,130,143,143,143,143,156,170,220,250,250,281,281,294,294,369,369,383,433,452,302,315,315,343,393,393,428,438,465,465,492,492,492,492],"floor_reached":33,"language":"KOR","playtime":907,"items_purged":["Strike_R"],"score":930,"play_id":"247f099d-dec2-439a-88a6-4561c6c64492","local_time":"20210131051448","is_ascension_mode":true,"campfire_choices":[{"data":"Bash","floor":6,"key":"SMITH"},{"data":"Armaments","floor":11,"key":"SMITH"},{"data":"Battle Trance","floor":13,"key":"SMITH"},{"data":"Fire Breathing","floor":15,"key":"SMITH"},{"data":"Immolate","floor":23,"key":"SMITH"},{"data":"1","floor":30,"key":"LIFT"},{"floor":32,"key":"REST"}],"circlet_count":0,"master_deck":["AscendersBane","Strike_R","Strike_R","Strike_R","Defend_R","Defend_R","Defend_R","Defend_R","Bash+1","Headbutt","Battle Trance+1","Ghostly Armor","Impervious","Armaments+1","Fire Breathing+1","Battle Trance","Immolate+1","Dark Embrace","Shrug It Off","Evolve","Uppercut","Inflame+1"],"relics":["SacredBark","Akabeko","Bottled Flame","Regal Pillow","Velvet Choker","Girya","Question Card","Smiling Mask","Red Mask","Pen Nib"],"acts_visited":["TheCity"],"potions_floor_usage":[10,12,18,22,24,29,31,33],"damage_taken":[{"damage":1,"enemies":"Cultist","floor":1,"turns":3},{"damage":9,"enemies":"2 Louse","floor":2,"turns":2},{"damage":9,"enemies":"Jaw Worm","floor":3,"turns":4},{"damage":16,"enemies":"Lots of Slimes","floor":7,"turns":6},{"damage":3,"enemies":"Large Slime","floor":8,"turns":5},{"damage":35,"enemies":"3 Sentries","floor":10,"turns":11},{"damage":0,"enemies":"Lagavulin","floor":12,"turns":4},{"damage":2,"enemies":"Looter","floor":14,"turns":3},{"damage":0,"enemies":"Slime Boss","floor":16,"turns":5},{"damage":7,"enemies":"3 Byrds","floor":18,"turns":3},{"damage":0,"enemies":"Chosen","floor":20,"turns":4},{"damage":22,"enemies":"Snecko","floor":22,"turns":6},{"damage":0,"enemies":"Slavers","floor":24,"turns":1},{"damage":0,"enemies":"Gremlin Leader","floor":27,"turns":5},{"damage":9,"enemies":"Sentry and Sphere","floor":28,"turns":4},{"damage":2,"enemies":"Masked Bandits","floor":29,"turns":3},{"damage":0,"enemies":"Slavers","floor":31,"turns":4},{"damage":77,"enemies":"Collector","floor":33,"turns":8}],"seed_played":"3776790342772061080","potions_obtained":[{"floor":7,"key":"FearPotion"},{"floor":8,"key":"Fruit Juice"},{"floor":10,"key":"AttackPotion"},{"floor":12,"key":"DistilledChaos"},{"floor":14,"key":"GamblersBrew"},{"floor":20,"key":"DuplicationPotion"},{"floor":22,"key":"AttackPotion"},{"floor":28,"key":"AttackPotion"},{"floor":29,"key":"SpeedPotion"}],"is_trial":false,"path_per_floor":["M","M","M","?","?","R","M","M","T","E","R","E","R","M","R","B",null,"M","?","M","$","M","R","E","?","T","E","M","?","R","E","R","B"],"character_chosen":"IRONCLAD","items_purchased":["Evolve"],"campfire_rested":1,"item_purchase_floors":[21],"current_hp_per_floor":[67,58,49,74,74,74,58,55,55,30,30,30,30,28,28,28,71,64,64,64,64,42,42,42,42,42,42,33,31,31,31,71,0,0],"gold":492,"neow_bonus":"BOSS_RELIC","is_daily":false,"chose_seed":false,"campfire_upgraded":5,"win_rate":0.0,"timestamp":1612037688,"path_taken":["M","M","M","?","?","R","M","M","T","E","R","E","R","M","R","BOSS","M","?","M","$","M","R","E","?","T","E","?","?","R","E","R","BOSS"],"items_purchased_type":["Card"],"build_version":"2020-12-22","purchased_purges":1,"victory":false,"max_hp_per_floor":[75,75,75,75,75,75,75,75,75,85,85,85,85,85,85,85,85,85,85,85,85,85,85,85,85,85,85,85,85,85,85,85,85,85],"relic_stats":{"Regal Pillow":15,"counters":[18,81],"Pen Nib":[1],"Question Card":4,"Smiling Mask":0,"obtain_stats":[{"Girya":24,"Bottled Flame":10,"Regal Pillow":12,"SacredBark":0,"Velvet Choker":17,"Pen Nib":31,"Red Mask":29,"Question Card":26,"Smiling Mask":27,"Burning Blood":0,"Akabeko":9},{"Girya":13,"Bottled Flame":6,"Regal Pillow":7,"SacredBark":0,"Velvet Choker":9,"Pen Nib":17,"Red Mask":16,"Question Card":13,"Smiling Mask":14,"Burning Blood":0,"Akabeko":5},{"Girya":57,"Bottled Flame":31,"Regal Pillow":35,"SacredBark":0,"Velvet Choker":43,"Pen Nib":73,"Red Mask":69,"Question Card":57,"Smiling Mask":62,"Burning Blood":0,"Akabeko":20}]},"card_choices":[{"not_picked":["Cleave","Sword Boomerang"],"picked":"Headbutt","floor":1},{"not_picked":["Feel No Pain","Perfected Strike"],"picked":"Battle Trance","floor":2},{"not_picked":["Dropkick","Dark Embrace"],"picked":"Ghostly Armor","floor":3},{"not_picked":["Heavy Blade","Flex","Cleave"],"picked":"SKIP","floor":7},{"not_picked":["Headbutt","Anger"],"picked":"Impervious","floor":8},{"not_picked":["Rampage","Sword Boomerang"],"picked":"Armaments","floor":10},{"not_picked":["Pummel","Sever Soul"],"picked":"Fire Breathing","floor":12},{"not_picked":["Anger","Disarm"],"picked":"Battle Trance","floor":14},{"not_picked":["Barricade","Offering"],"picked":"Immolate","floor":16},{"not_picked":["Pummel+1","Havoc"],"picked":"Dark Embrace","floor":18},{"not_picked":["Body Slam","Thunderclap"],"picked":"Shrug It Off","floor":20},{"not_picked":["Clash","True Grit","Ghostly Armor"],"picked":"SKIP","floor":22},{"not_picked":["Infernal Blade+1","Dropkick","Thunderclap"],"picked":"SKIP","floor":24},{"not_picked":["Rupture","Clash","Combust"],"picked":"Uppercut","floor":27},{"not_picked":["Intimidate","Warcry","Reaper","True Grit"],"picked":"SKIP","floor":28},{"not_picked":["Wild Strike","Spot Weakness","Flex"],"picked":"Inflame+1","floor":29},{"not_picked":["Twin Strike","Disarm","Battle Trance+1","Pommel Strike"],"picked":"SKIP","floor":31}],"player_experience":1304198,"relics_obtained":[{"floor":9,"key":"Akabeko"},{"floor":10,"key":"Bottled Flame"},{"floor":12,"key":"Regal Pillow"},{"floor":24,"key":"Girya"},{"floor":26,"key":"Question Card"},{"floor":27,"key":"Smiling Mask"},{"floor":29,"key":"Red Mask"},{"floor":31,"key":"Pen Nib"}],"event_choices":[{"damage_healed":25,"gold_gain":0,"player_choice":"Banana","damage_taken":0,"max_hp_gain":0,"max_hp_loss":0,"event_name":"Big Fish","floor":4,"gold_loss":0},{"cards_removed":["Strike_R"],"damage_healed":0,"gold_gain":0,"player_choice":"Forget","damage_taken":0,"max_hp_gain":0,"max_hp_loss":0,"event_name":"Living Wall","floor":5,"gold_loss":0},{"damage_healed":0,"gold_gain":50,"player_choice":"Stole From Cult","damage_taken":0,"max_hp_gain":0,"max_hp_loss":0,"event_name":"Nest","floor":19,"gold_loss":0},{"damage_healed":0,"gold_gain":100,"player_choice":"Bet on Murderer","damage_taken":0,"max_hp_gain":0,"max_hp_loss":0,"event_name":"The Joust","floor":25,"gold_loss":50},{"damage_healed":0,"gold_gain":0,"player_choice":"Fought Bandits","damage_taken":0,"max_hp_gain":0,"max_hp_loss":0,"event_name":"Masked Bandits","floor":29,"gold_loss":0}],"is_beta":false,"boss_relics":[{"not_picked":["Tiny House","Calling Bell"],"picked":"Velvet Choker"}],"items_purged_floors":[21],"is_endless":false,"potions_floor_spawned":[7,8,10,12,14,20,22,28,29],"killed_by":"Collector","ascension_level":20}}