{"host":"o7j6aatxjwpw1421","time":1612004382,"event":{"mods":["2.2 Compatiblity","AchievementEnabler","BaseMod","Colored Map","DeckTracker","Highlight Path","Keyboard Shortcuts","Minty Spire (QoL Compilation)","Permanent Neow","Quick Restart","StSLib","SuperFastMode","everything is the same but u backflip on backflip"],"gold_per_floor":[112,112,124,52,62,62,79,94,94,159,171,171,199,211,211,211,211],"floor_reached":16,"language":"KOR","playtime":682,"items_purged":[],"score":130,"play_id":"f638d804-a655-49a7-8fd4-6663fb023ecc","local_time":"20210130195942","is_ascension_mode":true,"campfire_choices":[{"data":"Dualcast","floor":6.0,"key":"SMITH"},{"data":"Loop","floor":12.0,"key":"SMITH"},{"data":"Fusion","floor":15.0,"key":"SMITH"}],"circlet_count":0,"master_deck":["Strike_B","Strike_B","Strike_B","Defend_B","Defend_B","Defend_B","Defend_B","Zap","Dualcast+1","Lockon","Go for the Eyes","Self Repair","Sweeping Beam","Reboot","Loop+1","Undo","Streamline","Fusion+1"],"relics":["Cracked Core","Unceasing Top","Turnip","Ice Cream"],"acts_visited":["Exordium"],"potions_floor_usage":[16],"damage_taken":[{"damage":1.0,"enemies":"2 Louse","floor":1.0,"turns":3.0},{"damage":1.0,"enemies":"Cultist","floor":3.0,"turns":3.0},{"damage":8.0,"enemies":"Small Slimes","floor":5.0,"turns":3.0},{"damage":21.0,"enemies":"Exordium Wildlife","floor":7.0,"turns":5.0},{"damage":14.0,"enemies":"Exordium Thugs","floor":8.0,"turns":4.0},{"damage":18.0,"enemies":"Gremlin Nob","floor":10.0,"turns":3.0},{"damage":9.0,"enemies":"3 Louse","floor":11.0,"turns":3.0},{"damage":2.0,"enemies":"Lagavulin","floor":13.0,"turns":4.0},{"damage":2.0,"enemies":"Exordium Wildlife","floor":14.0,"turns":4.0},{"damage":41,"enemies":"Hexaghost","floor":16,"turns":9}],"seed_played":"-2763516646515380328","potions_obtained":[{"floor":1.0,"key":"FocusPotion"},{"floor":5.0,"key":"Strength Potion"},{"floor":10.0,"key":"PowerPotion"},{"floor":14.0,"key":"Regen Potion"}],"is_trial":false,"path_per_floor":["M","?","M","$","M","R","M","M","T","?","M","R","E","M","R","B"],"character_chosen":"DEFECT","items_purchased":["Self Repair"],"campfire_rested":0,"item_purchase_floors":[4],"current_hp_per_floor":[67,67,66,66,65,65,51,44,44,33,31,31,36,41,41,0,0],"gold":211,"neow_bonus":"TWENTY_PERCENT_HP_BONUS","is_daily":false,"chose_seed":false,"campfire_upgraded":3,"win_rate":0.0,"timestamp":1612004382,"path_taken":["M","?","M","?","M","R","M","?","T","?","M","R","E","M","R","BOSS"],"items_purchased_type":["Card"],"build_version":"2020-12-22","purchased_purges":0,"victory":false,"max_hp_per_floor":[89,89,89,89,89,89,89,89,89,89,89,89,89,89,89,89,89],"card_choices":[{"not_picked":["Hologram","Force Field"],"picked":"Lockon","floor":1.0},{"not_picked":["Beam Cell","Steam","Go for the Eyes"],"picked":"SKIP","floor":3.0},{"not_picked":["Beam Cell","Steam"],"picked":"Go for the Eyes","floor":3.0},{"not_picked":["Steam","Undo"],"picked":"Sweeping Beam","floor":5.0},{"not_picked":["Reprogram","Coolheaded"],"picked":"Reboot","floor":7.0},{"not_picked":["Ball Lightning","Compile Driver"],"picked":"Loop","floor":8.0},{"not_picked":["Consume","Steam"],"picked":"Undo","floor":11.0},{"not_picked":["Leap","Gash"],"picked":"Streamline","floor":13.0},{"not_picked":["Redo","Streamline"],"picked":"Fusion","floor":14.0}],"player_experience":645508,"relics_obtained":[{"floor":9.0,"key":"Unceasing Top"},{"floor":10.0,"key":"Turnip"},{"floor":13.0,"key":"Ice Cream"}],"event_choices":[{"cards_removed":["Strike_B"],"damage_healed":0.0,"max_hp_gain":0.0,"max_hp_loss":0.0,"gold_gain":0.0,"event_name":"Purifier","player_choice":"Purged","floor":2.0,"gold_loss":0.0,"damage_taken":0.0},{"damage_healed":0.0,"max_hp_gain":0.0,"max_hp_loss":0.0,"gold_gain":0.0,"event_name":"Dead Adventurer","player_choice":"Searched \u00272\u0027 times","floor":10.0,"gold_loss":0.0,"damage_taken":0.0}],"is_beta":false,"boss_relics":[],"items_purged_floors":[],"is_endless":false,"potions_floor_spawned":[1,5,10,14],"killed_by":"Hexaghost","ascension_level":5}}