{"host":"f0gpob8hq9vgebej","time":1612018261,"event":{"mods":["AchievementEnabler","BaseMod","Minty Spire (QoL Compilation)","Quick Restart","SuperFastMode"],"gold_per_floor":[115,115,128,147,158,158,170,170,224,224,253,253,253,268,268,367,367,378,395,395,395],"floor_reached":20,"language":"KOR","playtime":367,"items_purged":[],"score":273,"play_id":"790d493c-e248-427c-85f0-3276696223ba","local_time":"20210130235101","is_ascension_mode":true,"campfire_choices":[{"data":"Tempest","floor":6,"key":"SMITH"},{"data":"Zap","floor":8,"key":"SMITH"},{"floor":12,"key":"REST"},{"data":"Capacitor","floor":15,"key":"SMITH"}],"circlet_count":0,"master_deck":["AscendersBane","Strike_B","Strike_B","Strike_B","Strike_B+1","Defend_B","Defend_B","Defend_B","Defend_B","Zap+1","Dualcast","Reboot","Conserve Battery","Ball Lightning+1","Tempest+1","Force Field+1","Double Energy","Cold Snap+1","Capacitor+1","Buffer","Self Repair","Hologram+1"],"relics":["Cracked Core","Molten Egg 2","Art of War","Akabeko","Pantograph","SacredBark"],"acts_visited":["Exordium","TheCity"],"potions_floor_usage":[7,11,16,20,20],"damage_taken":[{"damage":9,"enemies":"2 Louse","floor":1,"turns":3},{"damage":0,"enemies":"Jaw Worm","floor":3,"turns":5},{"damage":0,"enemies":"Small Slimes","floor":4,"turns":3},{"damage":5,"enemies":"Exordium Wildlife","floor":5,"turns":3},{"damage":21,"enemies":"Gremlin Gang","floor":7,"turns":3},{"damage":23,"enemies":"Gremlin Nob","floor":11,"turns":4},{"damage":9,"enemies":"Red Slaver","floor":14,"turns":2},{"damage":5,"enemies":"The Guardian","floor":16,"turns":8},{"damage":37,"enemies":"3 Byrds","floor":18,"turns":4},{"damage":13,"enemies":"Spheric Guardian","floor":19,"turns":5},{"damage":1,"enemies":"3 Cultists","floor":20,"turns":3}],"seed_played":"-6777599750198028077","potions_obtained":[{"floor":1,"key":"AttackPotion"},{"floor":5,"key":"EssenceOfSteel"},{"floor":14,"key":"FocusPotion"},{"floor":16,"key":"Weak Potion"},{"floor":19,"key":"SpeedPotion"}],"is_trial":false,"path_per_floor":["M","?","M","M","M","R","M","R","T","?","E","R","?","M","R","B",null,"M","M","M"],"character_chosen":"DEFECT","items_purchased":[],"campfire_rested":1,"item_purchase_floors":[],"current_hp_per_floor":[59,56,56,56,51,51,30,30,30,30,7,29,14,5,5,25,63,26,13,12,12],"gold":395,"neow_bonus":"ONE_RANDOM_RARE_CARD","is_daily":false,"chose_seed":false,"campfire_upgraded":3,"win_rate":0.0,"timestamp":1612018261,"path_taken":["M","?","M","M","M","R","M","R","T","?","E","R","?","M","R","BOSS","M","M","M"],"items_purchased_type":[],"build_version":"2020-12-22","purchased_purges":0,"victory":false,"max_hp_per_floor":[75,75,75,75,75,75,75,75,75,75,75,75,75,75,75,75,75,75,75,75,75],"card_choices":[{"not_picked":["Force Field","Turbo"],"picked":"Conserve Battery","floor":1},{"not_picked":["Glacier","Coolheaded"],"picked":"Ball Lightning+1","floor":3},{"not_picked":["Gash+1","Beam Cell+1"],"picked":"Tempest","floor":4},{"not_picked":["Ball Lightning+1","Sweeping Beam+1"],"picked":"Force Field","floor":5},{"not_picked":["Cold Snap+1","Beam Cell+1"],"picked":"Double Energy","floor":7},{"not_picked":["Ball Lightning+1","Streamline+1"],"picked":"Cold Snap+1","floor":11},{"not_picked":["Undo","Beam Cell+1"],"picked":"Capacitor","floor":14},{"not_picked":["Fission","Multi-Cast"],"picked":"Buffer","floor":16},{"not_picked":["Streamline+1","Redo"],"picked":"Self Repair","floor":18},{"not_picked":["Compile Driver+1","Lockon+1"],"picked":"Hologram+1","floor":19}],"player_experience":291098,"relics_obtained":[{"floor":9,"key":"Art of War"},{"floor":11,"key":"Pantograph"}],"event_choices":[{"damage_healed":0,"gold_gain":0,"player_choice":"Success","damage_taken":3,"relics_obtained":["Molten Egg 2"],"max_hp_gain":0,"max_hp_loss":0,"event_name":"Scrap Ooze","floor":2,"gold_loss":0},{"damage_healed":0,"gold_gain":0,"player_choice":"Searched \u00271\u0027 times","damage_taken":0,"relics_obtained":["Akabeko"],"max_hp_gain":0,"max_hp_loss":0,"event_name":"Dead Adventurer","floor":10,"gold_loss":0},{"damage_healed":0,"gold_gain":0,"player_choice":"Entered Light","damage_taken":15,"max_hp_gain":0,"max_hp_loss":0,"event_name":"Shining Light","floor":13,"gold_loss":0,"cards_upgraded":["Force Field","Strike_B"]}],"is_beta":false,"boss_relics":[{"not_picked":["Velvet Choker","Ectoplasm"],"picked":"SacredBark"}],"items_purged_floors":[],"is_endless":false,"potions_floor_spawned":[1,5,14,16,19],"killed_by":"3 Cultists","ascension_level":11}}