{"host":"ojezjkpqju62j8xy","time":1612014231,"event":{"mods":["ATMod(°¢èªMod)","Act Like it!","Aspiration","BaseMod","Conspire","Gensokyo","Minty Spire (QoL Compilation)","Pale of the Ancients","Reliquary","Replay The Spire","Spicy Shops","StSLib","¡¾ÒÅÎï¿¨ÅÆ¡¿REMEMod","²ÐÁôÖ®Îï"],"gold_per_floor":[113,9,29,55,66,98,16,16,16,33,68,68,145,356,356,429,429,449,467,485,435,480,480],"floor_reached":22,"language":"ZHS","playtime":861,"items_purged":[],"score":329,"play_id":"50d68ba2-beea-4641-b1c9-ad523e992c76","local_time":"20210130214351","is_ascension_mode":true,"campfire_choices":[{"floor":8.0,"key":"RECALL"},{"data":"Aggregate","floor":15,"key":"SMITH"}],"circlet_count":0,"master_deck":["AscendersBane","Strike_B","Strike_B","Strike_B","Strike_B","Defend_B","Defend_B","Defend_B","Defend_B","Zap","Dualcast","AT_EmpoweredMortalDraw","Feed","BasicCrystalCard","Consume","REME_DataAnalysis","Steam","Self Repair","Redo","Conserve Battery","Turbo","Aggregate+1","Languid","Recycle","Thunder Strike","AT_RightCognition","Storm","Glacier","AT_HeatAcrobatics","conspire:SpireCoStock"],"relics":["Cracked Core","AT_ATBox","REME_ComplimentaryCards","NeowsBlessing","DataDisk","reliquary:SharkskinSheath","HornCleat","ReplayTheSpireMod:Ring of Challenge","ReplayTheSpireMod:Ring of Addiction","Chameleon Ring","White Beast Statue","AT_RabadonDeathcap","AT_SunfireAegis","Philosopher\u0027s Stone"],"acts_visited":["Gensokyo:Gensokyo","Gensokyo:Gensokyoer"],"potions_floor_usage":[13,16,19,20,22,22,22],"damage_taken":[{"damage":0.0,"enemies":"Gensokyo:Python","floor":1.0,"turns":1.0},{"damage":0.0,"enemies":"Gensokyo:3_Fairies","floor":3.0,"turns":1.0},{"damage":0.0,"enemies":"conspire:MimicChest","floor":4.0,"turns":1.0},{"damage":13.0,"enemies":"Gensokyo:Gryphon","floor":5.0,"turns":3.0},{"damage":10.0,"enemies":"Gensokyo:Mamizou","floor":6.0,"turns":7.0},{"damage":4.0,"enemies":"Gensokyo:CorruptedTreant","floor":10.0,"turns":3.0},{"damage":22.0,"enemies":"Gensokyo:Cirno","floor":11.0,"turns":6.0},{"damage":15,"enemies":"Gensokyo:Mamizou","floor":13,"turns":12},{"damage":0,"enemies":"Gensokyo:Kitsune","floor":14,"turns":4},{"damage":18,"enemies":"Gensokyo:Kokoro","floor":16,"turns":10},{"damage":0,"enemies":"Gensokyo:2_Gloops","floor":18,"turns":3},{"damage":26,"enemies":"Gensokyo:CosmicMonolith","floor":19,"turns":5},{"damage":40,"enemies":"Gensokyo:Chomper_and_Gloop","floor":20,"turns":6},{"damage":0,"enemies":"Gensokyo:Wraith","floor":22,"turns":1}],"seed_played":"-7105267291468625661","potions_obtained":[{"floor":4.0,"key":"Flashbang"},{"floor":5.0,"key":"Adrenaline Potion"},{"floor":10.0,"key":"conspire:TimeTravelPotion"},{"floor":12,"key":"PlaceholderMod:PlaceholderPotion"},{"floor":12,"key":"Swift Potion"},{"floor":13,"key":"SpeedPotion"},{"floor":14,"key":"EntropicBrew"},{"floor":16,"key":"conspire:TimeTravelPotion"},{"floor":19,"key":"Weak Potion"},{"floor":20,"key":"PlaceholderMod:PlaceholderPotion"}],"is_trial":false,"path_per_floor":["M","$","M","?","M","E","COS","R","T","M","E","?","E","M","R","B",null,"M","M","M","?","M"],"character_chosen":"DEFECT","items_purchased":["Consume","REME_DataAnalysis"],"campfire_rested":0,"item_purchase_floors":[2,2],"current_hp_per_floor":[64,64,64,67,61,61,61,61,61,60,45,45,52,59,59,48,72,72,68,35,35,35,35],"gold":480,"neow_bonus":"THREE_ENEMY_KILL","is_daily":false,"chose_seed":false,"campfire_upgraded":1,"win_rate":0.0,"timestamp":1612014231,"path_taken":["M","?","M","?","M","E","COS","R","T","?","E","?","E","M","R","BOSS","M","M","M","?","M"],"items_purchased_type":["Card","Card"],"build_version":"2020-12-22","purchased_purges":0,"victory":false,"max_hp_per_floor":[71,71,71,74,74,77,77,77,77,80,80,80,80,80,80,80,80,80,80,80,80,80,80],"card_choices":[{"not_picked":["REME_Compress","ReplayGash"],"picked":"BasicCrystalCard","floor":1.0},{"not_picked":["FIFO Queue","AT_HeatAcrobatics"],"picked":"Steam","floor":3.0},{"not_picked":["aspiration:Polymerization","Rebound"],"picked":"Self Repair","floor":4.0},{"not_picked":["Gash","AT_DarkMatter"],"picked":"Redo","floor":5.0},{"not_picked":["Stack","Steam"],"picked":"Conserve Battery","floor":6.0},{"not_picked":["Redo","AT_WaterDrop"],"picked":"Turbo","floor":10.0},{"not_picked":["REME_Compress","Gash"],"picked":"Aggregate","floor":11.0},{"not_picked":["Ball Lightning","Gash"],"picked":"Recycle","floor":13},{"not_picked":["Cold Snap","ReplayTheSpireMod:Reroute Power"],"picked":"Thunder Strike","floor":14},{"not_picked":["AT_WaterDrop","REME_ForAll"],"picked":"AT_RightCognition","floor":16},{"not_picked":["AT_WarpDrive","Gash"],"picked":"Storm","floor":18},{"not_picked":["BasicCrystalCard","Undo"],"picked":"Glacier","floor":19},{"not_picked":["Genetic Algorithm","AT_RobotInSpace"],"picked":"AT_HeatAcrobatics","floor":20}],"player_experience":1501117,"relics_obtained":[{"floor":4.0,"key":"DataDisk"},{"floor":6.0,"key":"reliquary:SharkskinSheath"},{"floor":11.0,"key":"HornCleat"},{"floor":12,"key":"ReplayTheSpireMod:Ring of Challenge"},{"floor":12,"key":"ReplayTheSpireMod:Ring of Addiction"},{"floor":12,"key":"Chameleon Ring"},{"floor":12,"key":"White Beast Statue"},{"floor":13,"key":"AT_SunfireAegis"}],"event_choices":[{"damage_healed":0,"gold_gain":0,"player_choice":"Invest 1","damage_taken":0,"max_hp_gain":0,"max_hp_loss":0,"event_name":"conspire:Investor","floor":21,"gold_loss":0}],"is_beta":false,"boss_relics":[{"not_picked":["Replay:Wanted Poster","Black Star"],"picked":"Philosopher\u0027s Stone"}],"items_purged_floors":[],"is_endless":false,"potions_floor_spawned":[4,5,10,13,14,16,18,19,20],"killed_by":"Gensokyo:Wraith","ascension_level":14}}