{"host":"rs1c3lkx7vj3kohb","time":1612007937,"event":{"mods":["Act Like it!","BaseMod","BetterRewards","Chen","Colored Map","Colored Powertips","Downfall","Friendly Minions","Gensokyo","Gremlin Mod","Hermit","Hero for Fun","KinomotoSakuraMod(ƒæ÷Æ±æ”£)","Koishi","KomeijiMod","Luminous","Marisa£®ÏF”Í°°ƒß¿Ì…≥£©","Minty Spire (QoL Compilation)","Onozuka Komachi Mod","Prisma Mod","Quick Restart","Reimu£®≤©¿ˆ¡È√Œ£©","Remilia£®¿Ÿ√◊¿Ú—«£©","SOS£®Àπ∞Õ¥Ô÷Æ◊”£©","Shop Mod","StSLib","The Administrix","The Alterego","The Cursed","The Senshi","The Servant 0.9.4","Waifu the Spire","WarShipGirlsR/’ΩΩ¢…Ÿ≈ÆR mod","Yakumo Yukari mod","Yohane!","Youmu£®ªÍ∆«—˝√Œ£©","Yuri Mod","Yuyuko"],"gold_per_floor":[117,67,67,77,77,111,70,70,93,93,53,68,81,95,95,190,190,207,227,244,144,163,188,203,49,49,49,49,79,3,13,13,114,114,125,142,142,154,154,183,192,228,276,295,307,342,66,86,86,86],"floor_reached":51,"language":"ZHS","playtime":5719,"items_purged":["Strike_Komeiji","Defend_Komeiji","Strike_Koishi"],"score":801,"play_id":"bfa08db0-74ba-4b0e-95b7-ee4a71a55472","local_time":"20210130195857","is_ascension_mode":false,"campfire_choices":[{"data":"DemonsDinnerFork","floor":8.0,"key":"SMITH"},{"data":"Dash_Komeiji","floor":10.0,"key":"SMITH"},{"data":"ArtfulChanter","floor":15.0,"key":"SMITH"},{"data":"TerribleSouvenir","floor":28.0,"key":"SMITH"},{"data":"GasuOrimono","floor":32.0,"key":"SMITH"},{"data":"NingyouMusou+1","floor":41.0,"key":"SWEEP"},{"data":"TerribleSouvenir","floor":49,"key":"SMITH"}],"circlet_count":0,"master_deck":["Dash_Komeiji+1","DemonsDinnerFork+1","KimairaNoYoku","HagoromoKu","NingyouKisou+1","Violence+1","NingyouFukuhei+1","NingyouSP+1","NingyouSP+1","ArtfulChanter+1","NingyouFukuhei+1","SeekerWire+1","DemonsDinnerFork+1","LunaticRedEyes","Dash_Komeiji+1","CS_Reisen","GasuOrimono+1","MusouMyousyu","Mishyaguji+1","Strike_Koishi","Defend_Koishi","Defend_Koishi","TerribleSouvenir+1","NingyouMusou+1","Parasite","TerribleSouvenir+1","Mishyaguji+1","SeekerWire+1","WumiGaWareru","Mishyaguji+1"],"relics":["SpellCardsRule","MusicBox","Calipers","Meat on the Bone","Mastiff:ReiMu","Pear","MawBank","theSenshi:SailorFukuRelic","PaintedHorse:ReiMu","Philosopher\u0027s Stone","ScarletDevilRocket","Bag of Marbles","Gambling Chip","Nunchaku","SlaversCollar","KoishisEye","CeramicFish","Blood Vial"],"acts_visited":["Exordium","TheCity","TheBeyond"],"potions_floor_usage":[50],"damage_taken":[{"damage":3.0,"enemies":"Small Slimes","floor":1.0,"turns":4.0},{"damage":5.0,"enemies":"Jaw Worm","floor":4.0,"turns":4.0},{"damage":7.0,"enemies":"3 Sentries","floor":6.0,"turns":6.0},{"damage":1.0,"enemies":"2 Louse","floor":12.0,"turns":3.0},{"damage":7.0,"enemies":"Large Slime","floor":13.0,"turns":5.0},{"damage":7.0,"enemies":"Exordium Thugs","floor":14.0,"turns":3.0},{"damage":31.0,"enemies":"Hexaghost","floor":16.0,"turns":10.0},{"damage":1.0,"enemies":"Shell Parasite","floor":18.0,"turns":4.0},{"damage":0.0,"enemies":"Spheric Guardian","floor":19.0,"turns":1.0},{"damage":27.0,"enemies":"Centurion and Healer","floor":20.0,"turns":5.0},{"damage":0.0,"enemies":"Chosen and Byrds","floor":22.0,"turns":5.0},{"damage":7.0,"enemies":"Book of Stabbing","floor":23.0,"turns":5.0},{"damage":0.0,"enemies":"Snecko","floor":24.0,"turns":6.0},{"damage":23.0,"enemies":"Slavers","floor":29.0,"turns":4.0},{"damage":0.0,"enemies":"Centurion and Healer","floor":31.0,"turns":3.0},{"damage":0.0,"enemies":"Collector","floor":33.0,"turns":7.0},{"damage":9.0,"enemies":"3 Darklings","floor":35.0,"turns":4.0},{"damage":0.0,"enemies":"Orb Walker","floor":36.0,"turns":3.0},{"damage":0.0,"enemies":"3 Darklings","floor":38.0,"turns":1.0},{"damage":0.0,"enemies":"Nemesis","floor":40.0,"turns":4.0},{"damage":8.0,"enemies":"Writhing Mass","floor":42.0,"turns":4.0},{"damage":11.0,"enemies":"Jaw Worm Horde","floor":44.0,"turns":2.0},{"damage":12.0,"enemies":"Sphere and 2 Shapes","floor":45.0,"turns":1.0},{"damage":0.0,"enemies":"Giant Head","floor":46.0,"turns":5.0},{"damage":0.0,"enemies":"Maw","floor":48.0,"turns":5.0},{"damage":13,"enemies":"Donu and Deca","floor":50,"turns":4}],"seed_played":"583479408350514427","potions_obtained":[{"floor":1.0,"key":"ColorlessPotion"},{"floor":16.0,"key":"SkillPotion"},{"floor":23.0,"key":"LiquidBronze"},{"floor":24.0,"key":"PpointPotion"},{"floor":29.0,"key":"Block Potion"},{"floor":38.0,"key":"Swift Potion"}],"is_trial":false,"path_per_floor":["M","?","T","M","T","E","$","R","T","R","?","M","M","M","R","B",null,"M","M","M","$","M","E","M","$","T","?","R","E","$","M","R","B",null,"M","M","?","M","?","E","R","M","T","M","M","E","$","M","R","B",null],"character_chosen":"KomeijiSatori","items_purchased":["DemonsDinnerFork","KimairaNoYoku","HagoromoKu","NingyouSP+1","Bag of Marbles","GasuOrimono","SeekerWire+1","WumiGaWareru"],"campfire_rested":0,"item_purchase_floors":[0,0,0,7,25,30,47,47],"current_hp_per_floor":[36,36,36,31,41,34,34,34,34,34,34,35,40,33,33,14,60,59,59,34,34,34,39,39,39,39,39,39,28,28,40,40,40,60,51,51,51,51,51,51,57,49,49,40,42,44,44,46,46,35],"gold":86,"neow_bonus":"","is_daily":false,"chose_seed":false,"campfire_upgraded":6,"win_rate":0.0,"timestamp":1612007937,"path_taken":["M","?","?","?","?","E","$","R","T","R","?","M","M","M","R","BOSS","M","M","M","$","M","E","M","$","T","?","R","E","?","M","R","BOSS","BOSS","M","M","?","M","?","E","R","M","T","M","M","E","$","M","R","BOSS"],"items_purchased_type":["Card","Card","Card","Card","Relic","Card","Card","Card"],"build_version":"2020-12-22","purchased_purges":3,"victory":true,"max_hp_per_floor":[50,50,50,50,60,60,60,60,60,60,60,60,60,60,60,60,60,60,60,60,60,60,60,60,60,60,60,60,60,60,60,60,60,60,60,60,60,60,60,60,60,60,60,60,60,60,60,60,60,60],"card_choices":[{"not_picked":["Agarareta+1","DochyakuKami+1"],"picked":"NingyouKasou+1","floor":1.0},{"not_picked":["SenyouGoraku+1","MusuNoYume","HagoromoMizu"],"picked":"SKIP","floor":4.0},{"not_picked":["KoKei+1","KinbakuJin+1"],"picked":"NingyouFukuhei+1","floor":6.0},{"not_picked":["KeiseiJin+1","DochyakuKami+1"],"picked":"NingyouSP+1","floor":12.0},{"not_picked":["SeishiRoten+1","Mishyaguji+1"],"picked":"ArtfulChanter","floor":13.0},{"not_picked":["Melting","JigokuNoTaiyou"],"picked":"NingyouFukuhei+1","floor":14.0},{"not_picked":["WumiGaWareru","LunaDial"],"picked":"TerribleSouvenir","floor":16.0},{"not_picked":["Melting","HagoromoMizu","DochyakuKami+1"],"picked":"SKIP","floor":18.0},{"not_picked":["NingyouSousou+1","ShyakuBuku+1"],"picked":"SeekerWire+1","floor":19.0},{"not_picked":["Melting","EnMu+1","HagoromoMizu"],"picked":"SKIP","floor":20.0},{"not_picked":["MusuNoYume","KinbakuJin+1"],"picked":"DemonsDinnerFork+1","floor":22.0},{"not_picked":["InscribeRedSoul","NingyouYunhei+1"],"picked":"LunaticRedEyes","floor":23.0},{"not_picked":["Melting","FreezeTouchMe","KeiseiJin+1"],"picked":"SKIP","floor":24.0},{"not_picked":["Sabishigari+1","KouPou+1","NingyouSousou+1"],"picked":"SKIP","floor":29.0},{"not_picked":["SeishiRoten+1","HagoromoMizu","NingyouSousou+1"],"picked":"SKIP","floor":31.0},{"not_picked":["HelanNingyou","AbyssNova"],"picked":"MusouMyousyu","floor":33.0},{"not_picked":["Sabishigari+1","JyouchiJin+1","KeiseiJin+1"],"picked":"SKIP","floor":35.0},{"not_picked":["SeekerWire+1","Agarareta+1"],"picked":"Mishyaguji+1","floor":36.0},{"not_picked":["KeiseiJin+1","NingyouKasou+1","MusuNoYume"],"picked":"SKIP","floor":38.0},{"not_picked":["HagoromoMizu","KeiseiJin+1","Agarareta+1"],"picked":"SKIP","floor":40.0},{"not_picked":["KeiseiJin+1","NingyouKasou+1"],"picked":"SubterraneanRose","floor":42.0},{"not_picked":["HagoromoMizu+1","NingyouShinki+1","KinbakuJin+1"],"picked":"SKIP","floor":44.0},{"not_picked":["NingyouMusou+1","Melting+1","HagoromoMizu"],"picked":"SKIP","floor":45.0},{"not_picked":["NingyouSousou+1","TenguNoTaiko"],"picked":"Mishyaguji+1","floor":46.0},{"not_picked":["SenyouGoraku+1","NingyouOkisou+1"],"picked":"Mishyaguji+1","floor":48.0}],"player_experience":414989,"relics_obtained":[{"floor":3.0,"key":"Mastiff:ReiMu"},{"floor":5.0,"key":"Pear"},{"floor":6.0,"key":"MawBank"},{"floor":9.0,"key":"theSenshi:SailorFukuRelic"},{"floor":23.0,"key":"ScarletDevilRocket"},{"floor":26.0,"key":"Gambling Chip"},{"floor":29.0,"key":"Nunchaku"},{"floor":40.0,"key":"CeramicFish"},{"floor":43.0,"key":"Blood Vial"}],"event_choices":[{"cards_removed":["Defend_Komeiji"],"damage_healed":0.0,"max_hp_gain":0.0,"max_hp_loss":0.0,"gold_gain":0.0,"event_name":"The Cleric","player_choice":"Card Removal","floor":2.0,"gold_loss":50.0,"damage_taken":0.0},{"damage_healed":0.0,"max_hp_gain":0.0,"max_hp_loss":0.0,"gold_gain":0.0,"event_name":"yidonshenshe","player_choice":"»˚«Æ","floor":11.0,"gold_loss":40.0,"damage_taken":0.0,"relics_obtained":["PaintedHorse:ReiMu"]},{"damage_healed":0.0,"max_hp_gain":0.0,"max_hp_loss":0.0,"gold_gain":0.0,"event_name":"Duplicator","player_choice":"Copied","floor":27.0,"gold_loss":0.0,"damage_taken":0.0,"cards_obtained":["Dash_Komeiji"]},{"damage_healed":0.0,"max_hp_gain":0.0,"max_hp_loss":0.0,"gold_gain":0.0,"event_name":"Accursed Blacksmith","player_choice":"Forge","floor":39.0,"gold_loss":0.0,"damage_taken":0.0,"cards_upgraded":["Violence"]}],"is_beta":false,"boss_relics":[{"not_picked":["Runic Dome","Black Star"],"picked":"Philosopher\u0027s Stone"},{"not_picked":["SacredBark","Snecko Eye"],"picked":"SlaversCollar"}],"items_purged_floors":[0,21,47],"is_endless":false,"potions_floor_spawned":[1,16,23,24,29,33,38,42,46],"ascension_level":0}}