{"host":"ELF","time":1612033099,"event":{"mods":["BaseMod","Bestiary","Minty Spire (QoL Compilation)","Relic Stats","Slay the Relics Exporter"],"gold_per_floor":[109,109,74,93,55,65,65,84,84,95,95,114,114,89,89,190,190,207,30,30,43,55,55,55],"floor_reached":23,"language":"ENG","playtime":1041,"items_purged":[],"score":183,"play_id":"434bd66a-6da3-4e84-83b5-59a091c63709","local_time":"20210130125819","is_ascension_mode":false,"campfire_choices":[{"data":"Fire Breathing","floor":7.0,"key":"SMITH"},{"data":"Perfected Strike","floor":11,"key":"SMITH"},{"data":"Dark Embrace","floor":15,"key":"SMITH"}],"circlet_count":0,"master_deck":["Strike_R","Strike_R","Strike_R","Strike_R","Strike_R","Defend_R","Defend_R","Defend_R","Defend_R","Bash","Cleave+1","Dark Embrace+1","Twin Strike","Fire Breathing+1","Thunderclap","Shrug It Off","Perfected Strike+1","Reckless Charge","Shrug It Off","Corruption","Rampage+1","Evolve","True Grit","Panacea","Pain","Cleave+1","Twin Strike"],"relics":["Burning Blood","WarpedTongs"],"acts_visited":["Exordium","TheCity"],"potions_floor_usage":[22],"damage_taken":[{"damage":4.0,"enemies":"2 Louse","floor":1.0,"turns":3.0},{"damage":6.0,"enemies":"Cultist","floor":4.0,"turns":3.0},{"damage":3.0,"enemies":"Jaw Worm","floor":6.0,"turns":4.0},{"damage":6.0,"enemies":"Exordium Wildlife","floor":8.0,"turns":2.0},{"damage":17.0,"enemies":"Exordium Thugs","floor":10.0,"turns":4.0},{"damage":7,"enemies":"Looter","floor":12,"turns":3},{"damage":71,"enemies":"Hexaghost","floor":16,"turns":11},{"damage":24,"enemies":"Chosen","floor":18,"turns":6},{"damage":22,"enemies":"3 Byrds","floor":21,"turns":5},{"damage":23,"enemies":"Snake Plant","floor":22,"turns":6},{"damage":47,"enemies":"Slavers","floor":23,"turns":3}],"seed_played":"4707408317224658027","potions_obtained":[{"floor":1.0,"key":"FearPotion"},{"floor":16,"key":"SteroidPotion"},{"floor":18,"key":"Weak Potion"}],"is_trial":false,"path_per_floor":["M","?","$","M","$","M","R","M","T","M","R","M","?","$","R","B",null,"M","$","?","M","M","E"],"character_chosen":"IRONCLAD","items_purchased":["Dark Embrace","Fire Breathing","Shrug It Off","Evolve","True Grit","Panacea"],"campfire_rested":0,"item_purchase_floors":[3,5,14,19,19,19],"current_hp_per_floor":[88,88,88,88,88,88,88,88,88,77,77,76,81,81,81,16,93,75,75,75,59,42,0,0],"gold":55,"neow_bonus":"TEN_PERCENT_HP_BONUS","is_daily":false,"chose_seed":false,"campfire_upgraded":3,"win_rate":0.0,"timestamp":1612033099,"path_taken":["M","?","$","M","?","M","R","M","T","M","R","M","?","$","R","BOSS","M","$","?","?","M","E"],"items_purchased_type":["Card","Card","Card","Card","Card","Card"],"build_version":"2020-12-18","purchased_purges":0,"victory":false,"max_hp_per_floor":[88,88,88,88,88,88,88,88,88,88,88,88,93,93,93,93,93,93,93,93,93,93,93,93],"relic_stats":{"counters":[11,50],"obtain_stats":[{"Burning Blood":0,"WarpedTongs":20},{"Burning Blood":0,"WarpedTongs":8},{"Burning Blood":0,"WarpedTongs":36}],"Burning Blood":55,"WarpedTongs":[14]},"card_choices":[{"not_picked":["Dual Wield","True Grit"],"picked":"Cleave","floor":1.0},{"not_picked":["Iron Wave","Havoc"],"picked":"Twin Strike","floor":4.0},{"not_picked":["Flex","Dark Embrace"],"picked":"Thunderclap","floor":6.0},{"not_picked":["Iron Wave","Sword Boomerang"],"picked":"Shrug It Off","floor":8.0},{"not_picked":["Clothesline","Pommel Strike"],"picked":"Perfected Strike","floor":10},{"not_picked":["Havoc","Headbutt"],"picked":"Reckless Charge","floor":12},{"not_picked":["Reaper","Exhume"],"picked":"Corruption","floor":16},{"not_picked":["Iron Wave","Cleave"],"picked":"Rampage+1","floor":18},{"not_picked":["Uppercut","Metallicize"],"picked":"Cleave+1","floor":21},{"not_picked":["Sword Boomerang","Perfected Strike"],"picked":"Twin Strike","floor":22}],"player_experience":3355191,"relics_obtained":[],"event_choices":[{"damage_healed":0.0,"max_hp_gain":0.0,"max_hp_loss":0.0,"gold_gain":0.0,"event_name":"Upgrade Shrine","player_choice":"Upgraded","floor":2.0,"gold_loss":0.0,"damage_taken":0.0,"cards_upgraded":["Cleave"]},{"damage_healed":0,"gold_gain":0,"player_choice":"Donut","damage_taken":0,"max_hp_gain":5,"max_hp_loss":0,"event_name":"Big Fish","floor":13,"gold_loss":0},{"damage_healed":0,"gold_gain":0,"player_choice":"Rummage","damage_taken":0,"relics_obtained":["WarpedTongs"],"max_hp_gain":0,"max_hp_loss":0,"event_name":"Accursed Blacksmith","floor":20,"gold_loss":0,"cards_obtained":["Pain"]}],"is_beta":true,"boss_relics":[{"not_picked":["Philosopher\u0027s Stone","SacredBark","Black Star"]}],"items_purged_floors":[],"is_endless":false,"potions_floor_spawned":[1,16,18],"killed_by":"Slavers","ascension_level":0}}