{"host":"61r95uy0hn86b9iu","time":1612039518,"event":{"mods":["AchievementEnabler","BaseMod","Better Vampires","BetterRewards","Colored Powertips","Hubris","Minty Spire (QoL Compilation)","Shop Mod","StSLib"],"gold_per_floor":[117,6,281,293,304,304,335,94,147,147,174,174,39,54,54,131,131,151,180,180,116,116,116,151,151,225,117,117,133,133,47,47,126,126,145,155,155,1,15,15,15,15,15,15,26,58,43,68,68,68,68,68,20,51,51],"floor_reached":56,"language":"ENG","playtime":2195,"items_purged":["Regret","Strike_B"],"score":2558,"play_id":"516401a8-511a-40f8-b23e-5d0e8e1e95ff","local_time":"20210130144518","is_ascension_mode":true,"campfire_choices":[{"floor":6.0,"key":"REST"},{"floor":10.0,"key":"REST"},{"floor":15.0,"key":"REST"},{"floor":23.0,"key":"REST"},{"floor":25.0,"key":"REST"},{"floor":28.0,"key":"REST"},{"floor":32.0,"key":"REST"},{"data":"Apotheosis","floor":40.0,"key":"SMITH"},{"floor":42.0,"key":"REST"},{"floor":44.0,"key":"RECALL"},{"floor":49.0,"key":"REST"},{"floor":52.0,"key":"REST"}],"circlet_count":0,"master_deck":["AscendersBane","Defend_B","Defend_B+1","Zap","Dualcast","Melter","Leap","Conserve Battery+1","Doom and Gloom","Glacier","Apotheosis+1","Double Energy","Core Surge","Consume","Bite","Bite","Chill","Loop","Sweeping Beam","Seek","Barrage","Reboot","Conserve Battery+1"],"relics":["Cracked Core","Membership Card","Emotion Chip","Bronze Scales","hubris:EmptyBottle","hubris:SphereOfDissonance","MerchantsRug","Toolbox","HornCleat","Lizard Tail","hubris:Potato","Red Mask","Gremlin Horn","Toy Ornithopter","Runic Capacitor","Nuclear Battery","Oddly Smooth Stone","OrangePellets","hubris:TenFootPole","PreservedInsect","hubris:Spice","Torii"],"acts_visited":["Exordium","TheCity","TheBeyond","TheEnding"],"potions_floor_usage":[54,55,55],"damage_taken":[{"damage":2.0,"enemies":"Small Slimes","floor":1.0,"turns":3.0},{"damage":2.0,"enemies":"Cultist","floor":4.0,"turns":3.0},{"damage":9.0,"enemies":"Jaw Worm","floor":5.0,"turns":2.0},{"damage":23.0,"enemies":"3 Sentries","floor":7.0,"turns":7.0},{"damage":8.0,"enemies":"Gremlin Nob","floor":11.0,"turns":3.0},{"damage":8.0,"enemies":"Blue Slaver","floor":14.0,"turns":3.0},{"damage":2.0,"enemies":"The Guardian","floor":16.0,"turns":9.0},{"damage":22.0,"enemies":"2 Thieves","floor":18.0,"turns":4.0},{"damage":0.0,"enemies":"Masked Bandits","floor":19.0,"turns":2.0},{"damage":37.0,"enemies":"Book of Stabbing","floor":24.0,"turns":6.0},{"damage":12.0,"enemies":"3 Byrds","floor":29.0,"turns":2.0},{"damage":18.0,"enemies":"Automaton","floor":33.0,"turns":9.0},{"damage":1.0,"enemies":"Orb Walker","floor":35.0,"turns":2.0},{"damage":13.0,"enemies":"3 Darklings","floor":36.0,"turns":3.0},{"damage":16.0,"enemies":"4 Shapes","floor":39.0,"turns":5.0},{"damage":5.0,"enemies":"Jaw Worm Horde","floor":45.0,"turns":4.0},{"damage":39.0,"enemies":"Reptomancer","floor":46.0,"turns":4.0},{"damage":70.0,"enemies":"Giant Head","floor":48.0,"turns":10.0},{"damage":39.0,"enemies":"Awakened One","floor":50.0,"turns":15.0},{"damage":4,"enemies":"Shield and Spear","floor":54,"turns":5},{"damage":93,"enemies":"The Heart","floor":55,"turns":10}],"seed_played":"-6906000310112609996","potions_obtained":[{"floor":4.0,"key":"CultistPotion"},{"floor":5.0,"key":"Swift Potion"},{"floor":18.0,"key":"Explosive Potion"},{"floor":33.0,"key":"SteroidPotion"},{"floor":41.0,"key":"SteroidPotion"},{"floor":41.0,"key":"SpeedPotion"},{"floor":48.0,"key":"Explosive Potion"},{"floor":54,"key":"Fire Potion"}],"is_trial":false,"path_per_floor":["M","$","?","M","M","R","E","$","T","R","E","?","$","M","R","B",null,"M","?","?","$","?","R","E","R","T","$","R","M","?","$","R","B",null,"M","M","?","$","M","R","?","R","T","R","M","E","$","E","R","B",null,"R","$","E","B",null],"character_chosen":"DEFECT","items_purchased":["Membership Card","Emotion Chip","Bronze Scales","Melter","hubris:EmptyBottle","Leap","MerchantsRug","Doom and Gloom","Toolbox","Apotheosis","Gremlin Horn","PotionOfCapacity","GamblersBrew","Loop","Sweeping Beam","Runic Capacitor","Oddly Smooth Stone","OrangePellets","Lee\u0027s Waffle","hubris:Spice","PowerPotion"],"campfire_rested":10,"item_purchase_floors":[0,0,0,0,2,2,8,8,8,13,21,21,27,27,27,31,38,38,47,53,53],"current_hp_per_floor":[48,48,48,46,37,58,35,35,35,56,48,48,48,40,61,59,68,46,46,46,46,46,62,31,49,49,49,62,50,50,50,62,54,60,59,57,48,48,36,36,36,54,54,54,54,25,69,14,34,34,60,69,77,76,43],"gold":51,"neow_bonus":"","is_daily":false,"chose_seed":false,"campfire_upgraded":1,"win_rate":0.0,"timestamp":1612039518,"path_taken":["M","$","?","M","?","R","E","?","T","R","E","?","$","M","R","BOSS","M","?","?","$","?","R","E","R","T","$","R","M","?","?","R","BOSS","M","M","?","$","?","R","?","R","T","R","M","E","$","E","R","BOSS","R","$","E","BOSS"],"items_purchased_type":["Relic","Relic","Relic","Card","Relic","Card","Relic","Card","Relic","Card","Relic","Potion","Potion","Card","Card","Relic","Relic","Relic","Relic","Relic","Potion"],"build_version":"2020-12-22","purchased_purges":2,"victory":true,"max_hp_per_floor":[71,71,71,71,71,71,71,71,71,71,71,71,71,71,71,71,71,71,71,71,71,62,62,62,62,62,62,62,62,62,62,62,62,62,62,62,62,62,62,62,62,62,62,62,62,62,69,69,69,69,69,69,77,77,77],"card_choices":[{"not_picked":["Ball Lightning","Scrape","Hello World"],"picked":"SKIP","floor":1.0},{"not_picked":["Hologram","Stack"],"picked":"Conserve Battery","floor":4.0},{"not_picked":["Redo","Cold Snap","All For One"],"picked":"SKIP","floor":5.0},{"not_picked":["Go for the Eyes","Cold Snap","Hologram"],"picked":"SKIP","floor":7.0},{"not_picked":["Skim","Sweeping Beam"],"picked":"Glacier","floor":11.0},{"not_picked":["Rebound","Beam Cell"],"picked":"Double Energy","floor":14.0},{"not_picked":["Biased Cognition","All For One"],"picked":"Core Surge","floor":16.0},{"not_picked":["Storm","Cold Snap","Gash"],"picked":"SKIP","floor":18.0},{"not_picked":["Scrape+1","Coolheaded"],"picked":"Consume","floor":19.0},{"not_picked":["Darkness","Beam Cell"],"picked":"Chill","floor":24.0},{"not_picked":["Steam","Go for the Eyes","Compile Driver+1"],"picked":"SKIP","floor":29.0},{"not_picked":["Meteor Strike","hubris:DoWhile"],"picked":"Reboot","floor":33.0},{"not_picked":["Sweeping Beam","FTL+1","Consume"],"picked":"SKIP","floor":35.0},{"not_picked":["Steam+1","Turbo","Leap"],"picked":"SKIP","floor":36.0},{"not_picked":["Leap","Barrage","Streamline"],"picked":"SKIP","floor":39.0},{"not_picked":["Conserve Battery","Reprogram","Barrage"],"picked":"SKIP","floor":45.0},{"not_picked":["Lockon","Compile Driver+1"],"picked":"Conserve Battery+1","floor":46.0},{"not_picked":["Darkness+1","Gash","Biased Cognition"],"picked":"SKIP","floor":48.0},{"not_picked":["Hologram","Beam Cell+1","Hello World+1"],"picked":"SKIP","floor":54}],"player_experience":3327810,"relics_obtained":[{"floor":7.0,"key":"hubris:SphereOfDissonance"},{"floor":9.0,"key":"War Paint"},{"floor":11.0,"key":"HornCleat"},{"floor":19.0,"key":"Red Mask"},{"floor":24.0,"key":"Toy Ornithopter"},{"floor":26.0,"key":"Matryoshka"},{"floor":43.0,"key":"hubris:TenFootPole"},{"floor":46.0,"key":"hubris:Metronome"},{"floor":48.0,"key":"PreservedInsect"},{"floor":54,"key":"Torii"}],"event_choices":[{"damage_healed":0.0,"max_hp_gain":0.0,"max_hp_loss":0.0,"gold_gain":275.0,"event_name":"Golden Shrine","player_choice":"Desecrate","floor":3.0,"gold_loss":0.0,"damage_taken":0.0,"cards_obtained":["Regret"]},{"damage_healed":0.0,"max_hp_gain":0.0,"max_hp_loss":0.0,"gold_gain":0.0,"event_name":"WeMeetAgain","player_choice":"Gave Potion","floor":12.0,"gold_loss":0.0,"damage_taken":0.0,"relics_obtained":["Lizard Tail"]},{"damage_healed":0.0,"max_hp_gain":0.0,"max_hp_loss":0.0,"gold_gain":0.0,"event_name":"Masked Bandits","player_choice":"Fought Bandits","floor":19.0,"gold_loss":0.0,"damage_taken":0.0},{"cards_removed":["Strike_B"],"damage_healed":0.0,"max_hp_gain":0.0,"max_hp_loss":0.0,"gold_gain":0.0,"event_name":"Back to Basics","player_choice":"Elegance","floor":20.0,"gold_loss":0.0,"damage_taken":0.0},{"damage_healed":0.0,"max_hp_gain":0.0,"max_hp_loss":9.0,"gold_gain":0.0,"event_name":"Vampires","player_choice":"Became a vampire","floor":22.0,"gold_loss":0.0,"damage_taken":0.0,"cards_obtained":["Bite","Bite"]},{"damage_healed":0.0,"max_hp_gain":0.0,"max_hp_loss":0.0,"gold_gain":0.0,"cards_transformed":["Defend_B","Defend_B"],"event_name":"Drug Dealer","player_choice":"Became Test Subject","floor":30.0,"gold_loss":0.0,"damage_taken":0.0,"cards_obtained":["Seek","Barrage"]},{"damage_healed":0.0,"max_hp_gain":0.0,"max_hp_loss":0.0,"gold_gain":0.0,"event_name":"Wheel of Change","player_choice":"Damaged","floor":37.0,"gold_loss":0.0,"damage_taken":9.0},{"damage_healed":0.0,"max_hp_gain":0.0,"max_hp_loss":0.0,"gold_gain":0.0,"event_name":"Lab","player_choice":"Got Potions","floor":41.0,"gold_loss":0.0,"damage_taken":0.0}],"is_beta":false,"boss_relics":[{"not_picked":["hubris:ScarierMask","Empty Cage"],"picked":"hubris:Backtick"},{"not_picked":["hubris:VirtuousBlindfold","Philosopher\u0027s Stone"],"picked":"Nuclear Battery"}],"items_purged_floors":[8,13],"is_endless":false,"potions_floor_spawned":[4,5,18,33,45,48,54],"ascension_level":18}}