{"host":"5ddwedapke4fsx0r","time":1612000128,"event":{"mods":["BaseMod","Downfall","Infinite Spire","Jedi Mod","Minty Spire (QoL Compilation)","Reliquary","StSLib","The Gatherer","The Servant 0.9.4","TheHero","TheSurvivalist"],"gold_per_floor":[99,119,133,133,152,152,177,211,225,125,140,140,153,138,150,250,250,250,268,268,283,283,308,360,360,373,393,393,393,393,405,416,416,416,416],"floor_reached":33,"language":"ENG","playtime":3625,"items_purged":[],"score":285,"play_id":"7d661f35-5b7d-40f5-9cf3-b8a7ced0d66e","local_time":"20210130104848","is_ascension_mode":true,"metric_token":721,"campfire_choices":[{"data":"Gatherer:FlowerWhip","floor":1,"key":"SMITH"},{"data":"Gatherer:UpgradeBag","floor":10,"key":"SMITH"},{"data":"Gatherer:Bulldoze","floor":18,"key":"SMITH"},{"floor":25,"key":"REST"},{"floor":28,"key":"REST"}],"circlet_count":0,"master_deck":["Gatherer:Strike_Gatherer","Gatherer:Strike_Gatherer","Gatherer:Strike_Gatherer","Gatherer:Strike_Gatherer","Gatherer:Strike_Gatherer","Gatherer:Defend_Gatherer","Gatherer:Defend_Gatherer","Gatherer:Defend_Gatherer","Gatherer:Defend_Gatherer","Gatherer:Centralize","Gatherer:FlowerWhip+3","Gatherer:FeelingFine","Gatherer:FragileHammer","Gatherer:FlowerWhip+1","Gatherer:EnergyBasket","Gatherer:BigPouch","Gatherer:Solidify","Gatherer:UpgradeBag+1","Gatherer:TacticalStrike","Gatherer:Misfortune","Gatherer:MindSearch","Gatherer:MiningStrike","Gatherer:Bulldoze+1","Injury","Gatherer:GatherMaterial+1","Gatherer:AlchemyTrial","Gatherer:GlowingPlant","Gatherer:Shadow","Gatherer:Light","Writhe","Gatherer:Snatch+1"],"relics":["Gatherer:AlchemyBag","reliquary:QuartzCube","downfall:HeartBlessingBlue","SlaversCollar","GremlinMask","jedi:firstaidkit","jedi:shrinkray","InkBottle"],"acts_visited":["Exordium","TheCity"],"potions_floor_usage":[3,13,15,16,16,21,31,33],"damage_taken":[{"damage":0,"enemies":"2 Louse","floor":2,"turns":3},{"damage":0,"enemies":"infinitespire:Voidling","floor":3,"turns":3},{"damage":0,"enemies":"Cultist","floor":5,"turns":2},{"damage":18,"enemies":"Lagavulin","floor":8,"turns":9},{"damage":6,"enemies":"Blue Slaver","floor":9,"turns":3},{"damage":1,"enemies":"Exordium Wildlife","floor":11,"turns":5},{"damage":3,"enemies":"Red Slaver","floor":13,"turns":3},{"damage":0,"enemies":"downfall:FleeingMerchant","floor":14,"turns":4},{"damage":0,"enemies":"3 Louse","floor":15,"turns":1},{"damage":11,"enemies":"IC_STATUS_ARCHETYPE","floor":16,"turns":5},{"damage":37,"enemies":"Spheric Guardian","floor":19,"turns":6},{"damage":15,"enemies":"Chosen","floor":21,"turns":7},{"damage":18,"enemies":"Gremlin Leader","floor":23,"turns":7},{"damage":23,"enemies":"Snecko","floor":26,"turns":6},{"damage":29,"enemies":"Centurion and Healer","floor":27,"turns":6},{"damage":45,"enemies":"Snake Plant","floor":31,"turns":7},{"damage":0,"enemies":"Cultist and Chosen","floor":32,"turns":6},{"damage":75,"enemies":"DF_ARCHETYPE_CLAW","floor":33,"turns":6}],"seed_played":"4259772787327610552","potions_obtained":[{"floor":0,"key":"FairyPotion"},{"floor":0,"key":"SteroidPotion"},{"floor":0,"key":"Explosive Potion"},{"floor":11,"key":"DistilledChaos"},{"floor":13,"key":"Energy Potion"},{"floor":15,"key":"PowerPotion"},{"floor":19,"key":"Regen Potion"},{"floor":26,"key":"Poison Potion"},{"floor":27,"key":"AttackPotion"}],"is_trial":false,"path_per_floor":["R","M","M","?","M","?","T","E","M","R","M","?","M","$","M","B",null,"R","M","?","M","?","E","T","R","M","M","R","?","?","M","M","B"],"character_chosen":"THE_GATHERER","items_purchased":[],"campfire_rested":2,"item_purchase_floors":[],"current_hp_per_floor":[72,72,72,72,72,72,72,54,48,58,57,82,79,79,79,68,82,82,45,45,45,45,27,27,51,33,7,31,31,31,20,20,0,0,0],"gold":416,"neow_bonus":"THREE_SMALL_POTIONS","is_daily":false,"chose_seed":false,"campfire_upgraded":3,"win_rate":0.0,"timestamp":1612000128,"path_taken":["R","M","M","?","?","?","T","E","M","R","?","?","M","?","M","BOSS","R","M","?","?","?","E","T","R","M","?","R","?","?","?","M","BOSS"],"items_purchased_type":[],"build_version":"2020-12-22","purchased_purges":0,"victory":false,"max_hp_per_floor":[72,72,72,72,72,72,72,72,72,82,82,82,82,82,82,82,82,82,82,82,82,82,82,82,82,82,82,82,82,82,82,82,82,82,82],"card_choices":[{"not_picked":["Gatherer:CollectorsShot","Gatherer:BambuSword"],"picked":"Gatherer:FeelingFine","floor":2},{"not_picked":["Gatherer:BambuSword","Gatherer:FeelingFine"],"picked":"Gatherer:FragileHammer","floor":3},{"not_picked":["Gatherer:WoolGloves","Gatherer:Frenzy"],"picked":"Gatherer:EnergyBasket","floor":5},{"not_picked":["Gatherer:PotentialSlash","Gatherer:GlowingPlant"],"picked":"Gatherer:Solidify","floor":8},{"not_picked":["Gatherer:AromaProtection","Gatherer:FlowerPower"],"picked":"Gatherer:UpgradeBag","floor":9},{"not_picked":["Gatherer:PotentialSlash","Gatherer:Duality"],"picked":"Gatherer:TacticalStrike","floor":11},{"not_picked":["Gatherer:PotentialSlash","Gatherer:FlowerFalling"],"picked":"Gatherer:Misfortune","floor":13},{"not_picked":["Gatherer:WitheringStrike","Gatherer:RecipeChange"],"picked":"Gatherer:MindSearch","floor":14},{"not_picked":["Gatherer:BambuSword","Gatherer:GlowingPlant"],"picked":"Gatherer:MiningStrike","floor":15},{"not_picked":["Gatherer:Overflowing","Gatherer:CursedBlade"],"picked":"Gatherer:Bulldoze","floor":16},{"not_picked":["Gatherer:FlowerFalling","Gatherer:CarefulStrike","Gatherer:BigPouch"],"picked":"SKIP","floor":19},{"not_picked":["Gatherer:AromaProtection","Gatherer:Misfortune"],"picked":"Gatherer:GatherMaterial+1","floor":21},{"not_picked":["Gatherer:FlowerBeam+1","Gatherer:FeelingFine"],"picked":"Gatherer:AlchemyTrial","floor":23},{"not_picked":["Gatherer:QuickSynthesis","Gatherer:PotentialSlash","Gatherer:Herbalism"],"picked":"SKIP","floor":26},{"not_picked":["Gatherer:FlowerPower","Gatherer:GatherMaterial+1"],"picked":"Gatherer:GlowingPlant","floor":27},{"not_picked":["Gatherer:Herbalism","Gatherer:FlowerShield+1"],"picked":"Gatherer:Snatch+1","floor":31},{"not_picked":["Gatherer:TreeGrowth+1","Gatherer:FragileHammer+1","Gatherer:RecipeChange"],"picked":"SKIP","floor":32}],"player_experience":477704,"relics_obtained":[{"floor":8,"key":"reliquary:QuartzCube"},{"floor":23,"key":"jedi:firstaidkit"},{"floor":24,"key":"jedi:shrinkray"}],"event_choices":[{"damage_healed":27,"gold_gain":0,"player_choice":"Banana","damage_taken":0,"max_hp_gain":0,"max_hp_loss":0,"event_name":"Big Fish","floor":12,"gold_loss":0},{"damage_healed":0,"gold_gain":0,"player_choice":"Trade","damage_taken":0,"relics_obtained":["GremlinMask"],"max_hp_gain":0,"max_hp_loss":0,"event_name":"FaceTrader","floor":22,"gold_loss":0},{"damage_healed":0,"gold_gain":0,"player_choice":"Ignored","damage_taken":0,"max_hp_gain":0,"max_hp_loss":0,"event_name":"Ghosts","floor":29,"gold_loss":0}],"is_beta":false,"boss_relics":[{"not_picked":["jedi:hotpepper","Calling Bell"],"picked":"SlaversCollar"}],"items_purged_floors":[],"is_endless":false,"potions_floor_spawned":[2,11,13,15,19,26,27],"killed_by":"DF_ARCHETYPE_CLAW","ascension_level":1}}