{"host":"h1qktzcccqnez8tx","time":1612032387,"event":{"mods":["AchievementEnabler","BaseMod","Bestiary","Better Note","Block Reminder","Colored Map","Colored Powertips","Curses Come First","Downfall","Highlight Path","Infinite Spire","Minty Spire (QoL Compilation)","Permanent Neow","Quick Restart","Relic Stats","Replay The Spire","Say the Spire","StSLib","UnlockEverythingMod"],"gold_per_floor":[99,110,95,95,113,131,155,155,183,183,183,41,41,53,72,72,72,72],"floor_reached":16,"language":"ENG","playtime":821,"items_purged":[],"score":130,"play_id":"112dce75-e9ee-4771-adbc-d3196fc2c42c","local_time":"20210130194627","is_ascension_mode":true,"campfire_choices":[{"data":"bronze:Goto","floor":1,"key":"SMITH"},{"data":"bronze:Iterate","floor":8,"key":"SMITH"},{"floor":13,"key":"REST"}],"circlet_count":0,"master_deck":["bronze:Strike","bronze:Strike","bronze:Defend","bronze:Defend","bronze:Defend","bronze:Replicate+1","bronze:Goto+1","bronze:Frontload","bronze:BronzeOrb","Decay","bronze:Iterate+1","bronze:WildBeam","bronze:Iterate+1","bronze:Iterate","bronze:InfiniteBeams","bronze:Iterate","bronze:Shell"],"relics":["bronze:BronzeCore","Happy Flower","Bird Faced Urn"],"acts_visited":["Exordium"],"potions_floor_usage":[16],"damage_taken":[{"damage":1,"enemies":"Jaw Worm","floor":2,"turns":4},{"damage":0,"enemies":"downfall:FleeingMerchant","floor":3,"turns":4},{"damage":2,"enemies":"Cultist","floor":5,"turns":5},{"damage":0,"enemies":"2 Louse","floor":6,"turns":3},{"damage":34,"enemies":"Gremlin Nob","floor":9,"turns":6},{"damage":5,"enemies":"downfall:FleeingMerchant","floor":12,"turns":4},{"damage":17,"enemies":"Lots of Slimes","floor":14,"turns":3},{"damage":0,"enemies":"Blue Slaver","floor":15,"turns":3},{"damage":39,"enemies":"SI_SHIV_ARCHETYPE","floor":16,"turns":8}],"seed_played":"-8138912466862374650","potions_obtained":[{"floor":9,"key":"SkillPotion"},{"floor":14,"key":"Reflective Coating"},{"floor":15,"key":"ColorlessPotion"}],"is_trial":true,"path_per_floor":["R","M","$","?","M","M","T","R","E","?","?","$","R","M","M","B"],"character_chosen":"THE_AUTOMATON","items_purchased":["bronze:InfiniteBeams","bronze:Iterate"],"campfire_rested":1,"item_purchase_floors":[12,12],"current_hp_per_floor":[70,69,69,69,67,67,67,67,33,33,33,28,49,34,34,0,0,0],"gold":72,"neow_bonus":"","is_daily":false,"chose_seed":false,"campfire_upgraded":2,"win_rate":0.0,"timestamp":1612032387,"path_taken":["R","M","$","?","?","M","T","R","E","?","?","$","R","?","M","BOSS"],"items_purchased_type":["Card","Card"],"build_version":"2020-12-22","purchased_purges":0,"victory":false,"max_hp_per_floor":[70,70,70,70,70,70,70,70,70,70,70,70,70,70,70,70,70,70],"relic_stats":{"Happy Flower":[8],"counters":[9,40],"Bird Faced Urn":[4],"obtain_stats":[{"bronze:BronzeCore":0,"Happy Flower":7,"Bird Faced Urn":9},{"bronze:BronzeCore":0,"Happy Flower":4,"Bird Faced Urn":5},{"bronze:BronzeCore":0,"Happy Flower":16,"Bird Faced Urn":22}]},"card_choices":[{"not_picked":["bronze:Deprecate","bronze:Return"],"picked":"bronze:Frontload","floor":2},{"not_picked":["bronze:FineTuning","bronze:Invalidate"],"picked":"bronze:BronzeOrb","floor":3},{"not_picked":["bronze:BuggyMess","bronze:DarkDash","bronze:Shield"],"picked":"SKIP","floor":5},{"not_picked":["bronze:GetLatest","bronze:Overheat"],"picked":"bronze:Iterate","floor":6},{"not_picked":["bronze:TinkerersToolbox","bronze:Repulsor"],"picked":"bronze:WildBeam","floor":9},{"not_picked":["bronze:Philosophize","bronze:BugBarrage"],"picked":"bronze:Iterate","floor":12},{"not_picked":["bronze:Branch","bronze:WildBeam"],"picked":"bronze:Shell","floor":14},{"not_picked":["bronze:DelayedGuard","bronze:Optimize","bronze:FineTuning"],"picked":"SKIP","floor":15}],"player_experience":298828,"relics_obtained":[{"floor":7,"key":"Happy Flower"},{"floor":9,"key":"Bird Faced Urn"}],"event_choices":[{"damage_healed":0,"gold_gain":0,"player_choice":"Grow","damage_taken":0,"max_hp_gain":0,"max_hp_loss":0,"event_name":"Living Wall","floor":10,"gold_loss":0,"cards_upgraded":["bronze:Replicate"]}],"is_beta":false,"boss_relics":[],"items_purged_floors":[],"is_endless":false,"potions_floor_spawned":[9,14,15],"killed_by":"SI_SHIV_ARCHETYPE","ascension_level":1}}