{"host":"4rvakrj1idbgia3f","time":1612030622,"event":{"mods":["BaseMod","Colored Map","Colored Powertips","DeckTracker","Highlight Path","Minty Spire (QoL Compilation)","Random Character Button","StSLib"],"gold_per_floor":[109,384,398,2,21,21,54,54,78,78,93,93,107,117,117,117,117],"floor_reached":16,"language":"JPN","playtime":521,"items_purged":["Regret"],"score":204,"play_id":"9f9d0bb4-3f86-4d52-a518-c347bf1df2c2","local_time":"20210131031702","is_ascension_mode":true,"campfire_choices":[{"data":"Sadistic Nature","floor":6.0,"key":"SMITH"},{"data":"Dash","floor":10,"key":"SMITH"},{"data":"Cloak And Dagger","floor":12,"key":"SMITH"},{"data":"Blade Dance","floor":15,"key":"SMITH"}],"circlet_count":0,"master_deck":["AscendersBane","Strike_G","Strike_G","Strike_G","Strike_G","Strike_G","Defend_G","Defend_G","Defend_G","Defend_G","Survivor","Neutralize","Backflip","Prepared","Sadistic Nature+1","Sucker Punch","Dash+1","Blade Dance+1","Heel Hook","Cloak And Dagger+1","Heel Hook"],"relics":["Ring of the Snake","NeowsBlessing","Snake Skull","Bag of Preparation"],"acts_visited":["Exordium"],"potions_floor_usage":[],"damage_taken":[{"damage":0.0,"enemies":"Jaw Worm","floor":1.0,"turns":1.0},{"damage":0.0,"enemies":"Cultist","floor":3.0,"turns":2.0},{"damage":0.0,"enemies":"Small Slimes","floor":5.0,"turns":1.0},{"damage":10.0,"enemies":"Lagavulin","floor":7.0,"turns":7.0},{"damage":16,"enemies":"Exordium Thugs","floor":11,"turns":5},{"damage":4,"enemies":"Lots of Slimes","floor":13,"turns":5},{"damage":0,"enemies":"Exordium Wildlife","floor":14,"turns":3},{"damage":35,"enemies":"Slime Boss","floor":16,"turns":7}],"seed_played":"-6946927965938550327","potions_obtained":[{"floor":5.0,"key":"CunningPotion"},{"floor":13,"key":"SteroidPotion"},{"floor":14,"key":"Weak Potion"}],"is_trial":false,"path_per_floor":["M","?","M","$","M","R","E","?","T","R","M","R","M","M","R","B"],"character_chosen":"THE_SILENT","items_purchased":["Sadistic Nature","Sucker Punch","Dash"],"campfire_rested":0,"item_purchase_floors":[4,4,4],"current_hp_per_floor":[59,59,59,59,59,59,49,49,49,49,33,33,29,29,29,0,0],"gold":117,"neow_bonus":"THREE_ENEMY_KILL","is_daily":false,"chose_seed":false,"campfire_upgraded":4,"win_rate":0.0,"timestamp":1612030622,"path_taken":["M","?","M","?","M","R","E","?","T","R","M","R","M","M","R","BOSS"],"items_purchased_type":["Card","Card","Card"],"build_version":"2020-12-22","purchased_purges":1,"victory":false,"max_hp_per_floor":[66,66,66,66,66,66,66,66,66,66,66,66,66,66,66,66,66],"card_choices":[{"not_picked":["Sucker Punch","Setup"],"picked":"Backflip","floor":1.0},{"not_picked":["Reflex","Underhanded Strike"],"picked":"Prepared","floor":3.0},{"not_picked":["Masterful Stab","Deflect"],"picked":"Blade Dance","floor":5.0},{"not_picked":["PiercingWail","Bane"],"picked":"Heel Hook","floor":7.0},{"not_picked":["Dodge and Roll","Prepared"],"picked":"Cloak And Dagger","floor":11},{"not_picked":["Dagger Throw","Flying Knee"],"picked":"Heel Hook","floor":13},{"not_picked":["Dagger Throw","Predator","Cloak And Dagger"],"picked":"SKIP","floor":14}],"player_experience":2139089,"relics_obtained":[{"floor":7.0,"key":"Snake Skull"},{"floor":9,"key":"Bag of Preparation"}],"event_choices":[{"damage_healed":0.0,"max_hp_gain":0.0,"max_hp_loss":0.0,"gold_gain":275.0,"event_name":"Golden Shrine","player_choice":"Desecrate","floor":2.0,"gold_loss":0.0,"damage_taken":0.0,"cards_obtained":["Regret"]},{"cards_removed":["Defend_G"],"damage_healed":0,"gold_gain":0,"player_choice":"Purged","damage_taken":0,"max_hp_gain":0,"max_hp_loss":0,"event_name":"Purifier","floor":8,"gold_loss":0}],"is_beta":false,"boss_relics":[],"items_purged_floors":[4],"is_endless":false,"potions_floor_spawned":[5,13,14],"killed_by":"Slime Boss","ascension_level":20}}