{"host":"na09lpbrez4gbfiz","time":1612044698,"event":{"mods":["Act Like it!","BaseMod","BetterRewards","Colored Map","Colored Powertips","DeckTracker","Googly Eyes","Highlight Path","Minty Spire (QoL Compilation)","Quick Restart","Spicy Shops","StSLib","SuperFastMode","Synergy Search"],"gold_per_floor":[113,129,30,30,30,68,143,143,143,162,162,206,224,238,238,238,238],"floor_reached":16,"language":"ENG","playtime":406,"items_purged":[],"score":187,"play_id":"6963eb87-c13c-4637-a88a-7be12629a936","local_time":"20210130231138","is_ascension_mode":true,"campfire_choices":[{"floor":8,"key":"REST"},{"data":"Inflame","floor":11,"key":"SMITH"},{"floor":15,"key":"REST"}],"circlet_count":0,"master_deck":["AscendersBane","Strike_R","Strike_R","Strike_R","Strike_R","Defend_R","Defend_R","Defend_R","Defend_R","Bash","Flame Barrier","Inflame+1","Sword Boomerang","Shrug It Off"],"relics":["Burning Blood","Boot","Golden Idol","Blue Candle","Gremlin Horn","Blood Vial"],"acts_visited":["Exordium"],"potions_floor_usage":[12,12],"damage_taken":[{"damage":11,"enemies":"Jaw Worm","floor":1,"turns":4},{"damage":8,"enemies":"2 Louse","floor":2,"turns":3},{"damage":28,"enemies":"3 Sentries","floor":6,"turns":11},{"damage":1,"enemies":"Cultist","floor":10,"turns":3},{"damage":34,"enemies":"Gremlin Nob","floor":12,"turns":5},{"damage":8,"enemies":"Gremlin Gang","floor":13,"turns":3},{"damage":2,"enemies":"Looter","floor":14,"turns":4},{"damage":44,"enemies":"Slime Boss","floor":16,"turns":7}],"seed_played":"-125551634375178153","potions_obtained":[{"floor":1,"key":"Energy Potion"},{"floor":6,"key":"Weak Potion"}],"is_trial":false,"path_per_floor":["M","M","$","?","?","E","?","R","T","M","R","E","M","M","R","B"],"character_chosen":"IRONCLAD","items_purchased":["Inflame"],"campfire_rested":2,"item_purchase_floors":[3],"current_hp_per_floor":[63,61,61,43,43,21,14,36,36,41,41,13,13,19,41,0,0],"gold":238,"neow_bonus":"RANDOM_COMMON_RELIC","is_daily":false,"chose_seed":false,"campfire_upgraded":1,"win_rate":0.0,"timestamp":1612044698,"path_taken":["M","M","$","?","?","E","?","R","T","?","R","E","M","?","R","BOSS"],"items_purchased_type":["Card"],"build_version":"2020-12-22","purchased_purges":0,"victory":false,"max_hp_per_floor":[75,75,75,75,75,75,75,75,75,75,75,75,75,75,75,75,75],"card_choices":[{"not_picked":["Pummel","Perfected Strike","Headbutt"],"picked":"SKIP","floor":1},{"not_picked":["Reckless Charge","Armaments"],"picked":"Flame Barrier","floor":2},{"not_picked":["Clothesline","Headbutt","Iron Wave"],"picked":"SKIP","floor":6},{"not_picked":["Thunderclap","Pommel Strike","Twin Strike"],"picked":"SKIP","floor":10},{"not_picked":["Twin Strike","Uppercut"],"picked":"Sword Boomerang","floor":12},{"not_picked":["Carnage","Reckless Charge"],"picked":"Shrug It Off","floor":13},{"not_picked":["Spot Weakness","Blood for Blood","Sentinel"],"picked":"SKIP","floor":14}],"player_experience":215108,"relics_obtained":[{"floor":6,"key":"Blue Candle"},{"floor":9,"key":"Gremlin Horn"},{"floor":12,"key":"Blood Vial"}],"event_choices":[{"damage_healed":0,"gold_gain":0,"player_choice":"Take Damage","damage_taken":18,"relics_obtained":["Golden Idol"],"max_hp_gain":0,"max_hp_loss":0,"event_name":"Golden Idol","floor":4,"gold_loss":0},{"cards_removed":["Strike_R"],"damage_healed":0,"gold_gain":0,"player_choice":"Forget","damage_taken":0,"max_hp_gain":0,"max_hp_loss":0,"event_name":"Living Wall","floor":5,"gold_loss":0},{"damage_healed":0,"gold_gain":75,"player_choice":"Touch","damage_taken":7,"max_hp_gain":0,"max_hp_loss":0,"event_name":"FaceTrader","floor":7,"gold_loss":0}],"is_beta":false,"boss_relics":[],"items_purged_floors":[],"is_endless":false,"potions_floor_spawned":[1,6,10],"killed_by":"Slime Boss","ascension_level":14}}