{"host":"3jpwrwmmgyabjceh","time":1612009781,"event":{"mods":["AchievementEnabler","BaseMod","Colored Map","Colored Powertips","Highlight Path","Minty Spire (QoL Compilation)","Quick Restart","Relic Stats","StSLib","SuperFastMode"],"gold_per_floor":[111,111,127,127,137,137,168,186,235,254,285,12,12,38,38,38,38],"floor_reached":16,"language":"ENG","playtime":416,"items_purged":["Strike_R"],"score":162,"play_id":"460ee9cd-f8d8-4f37-9226-52d88d9761a2","local_time":"20210130152941","is_ascension_mode":true,"campfire_choices":[{"data":"Searing Blow","floor":6.0,"key":"SMITH"},{"data":"Searing Blow+1","floor":13.0,"key":"SMITH"},{"data":"Searing Blow+2","floor":15.0,"key":"SMITH"}],"circlet_count":0,"master_deck":["Strike_R","Strike_R","Strike_R","Defend_R","Defend_R","Defend_R","Defend_R","Bash","Carnage","Searing Blow+3","Headbutt","Spot Weakness","Pommel Strike","Shrug It Off","True Grit"],"relics":["Burning Blood","NeowsBlessing","Eternal Feather","Boot","Vajra","Tiny Chest","ClockworkSouvenir","White Beast Statue"],"acts_visited":["Exordium"],"potions_floor_usage":[16],"damage_taken":[{"damage":0.0,"enemies":"2 Louse","floor":1.0,"turns":1.0},{"damage":0.0,"enemies":"Jaw Worm","floor":3.0,"turns":1.0},{"damage":0.0,"enemies":"Cultist","floor":5.0,"turns":1.0},{"damage":25.0,"enemies":"Lagavulin","floor":7.0,"turns":6.0},{"damage":12.0,"enemies":"Large Slime","floor":8.0,"turns":4.0},{"damage":16.0,"enemies":"Blue Slaver","floor":10.0,"turns":3.0},{"damage":20.0,"enemies":"3 Sentries","floor":11.0,"turns":7.0},{"damage":16.0,"enemies":"Gremlin Nob","floor":14.0,"turns":3.0},{"damage":37,"enemies":"Hexaghost","floor":16,"turns":9}],"seed_played":"-7797862179656806534","potions_obtained":[{"floor":1.0,"key":"SkillPotion"},{"floor":5.0,"key":"EssenceOfSteel"},{"floor":10.0,"key":"ColorlessPotion"},{"floor":14.0,"key":"ElixirPotion"}],"is_trial":false,"path_per_floor":["M","?","M","?","M","R","E","M","T","M","E","$","R","E","R","B"],"character_chosen":"IRONCLAD","items_purchased":["Shrug It Off","ClockworkSouvenir"],"campfire_rested":0,"item_purchase_floors":[12,12],"current_hp_per_floor":[78,71,77,70,76,80,61,55,55,45,31,31,37,27,36,0,0],"gold":38,"neow_bonus":"THREE_ENEMY_KILL","is_daily":false,"chose_seed":false,"campfire_upgraded":3,"win_rate":0.0,"timestamp":1612009781,"path_taken":["M","?","M","?","?","R","E","M","T","?","E","$","R","E","R","BOSS"],"items_purchased_type":["Card","Relic"],"build_version":"2020-12-22","purchased_purges":1,"victory":false,"max_hp_per_floor":[80,80,80,80,80,80,80,80,80,80,80,80,80,80,80,80,80],"relic_stats":{"counters":[9,35],"Eternal Feather":19,"Tiny Chest":0,"Boot":[1],"obtain_stats":[{"NeowsBlessing":0,"Vajra":9,"Eternal Feather":2,"Tiny Chest":11,"Boot":7,"Burning Blood":0,"White Beast Statue":14,"ClockworkSouvenir":12},{"NeowsBlessing":0,"Vajra":5,"Eternal Feather":1,"Tiny Chest":7,"Boot":4,"Burning Blood":0,"White Beast Statue":8,"ClockworkSouvenir":7},{"NeowsBlessing":0,"Vajra":13,"Eternal Feather":1,"Tiny Chest":23,"Boot":9,"Burning Blood":0,"White Beast Statue":26,"ClockworkSouvenir":23}],"Burning Blood":48},"card_choices":[{"not_picked":["Shrug It Off","Battle Trance"],"picked":"Carnage","floor":1.0},{"not_picked":["Anger","Hemokinesis"],"picked":"Searing Blow","floor":3.0},{"not_picked":["Entrench","Headbutt","Dropkick"],"picked":"SKIP","floor":5.0},{"not_picked":["Entrench","Dropkick"],"picked":"Headbutt","floor":5.0},{"not_picked":["Fiend Fire","Body Slam","Bludgeon"],"picked":"SKIP","floor":7.0},{"not_picked":["Blood for Blood","Wild Strike"],"picked":"Spot Weakness","floor":8.0},{"not_picked":["Flex","Fire Breathing"],"picked":"Pommel Strike","floor":10.0},{"not_picked":["Flex","Dark Embrace","Sword Boomerang"],"picked":"SKIP","floor":11.0},{"not_picked":["Cleave","Sword Boomerang"],"picked":"True Grit","floor":14.0}],"player_experience":298075,"relics_obtained":[{"floor":7.0,"key":"Boot"},{"floor":9.0,"key":"Vajra"},{"floor":11.0,"key":"Tiny Chest"},{"floor":14.0,"key":"White Beast Statue"}],"event_choices":[{"damage_healed":0.0,"max_hp_gain":0.0,"max_hp_loss":0.0,"gold_gain":0.0,"event_name":"Scrap Ooze","player_choice":"Success","floor":2.0,"gold_loss":0.0,"damage_taken":7.0,"relics_obtained":["Eternal Feather"]},{"cards_removed":["Strike_R"],"damage_healed":0.0,"max_hp_gain":0.0,"max_hp_loss":0.0,"gold_gain":0.0,"event_name":"Golden Wing","player_choice":"Card Removal","floor":4.0,"gold_loss":0.0,"damage_taken":7.0}],"is_beta":false,"boss_relics":[],"items_purged_floors":[12],"is_endless":false,"potions_floor_spawned":[1,5,10,14],"killed_by":"Hexaghost","ascension_level":7}}