{"host":"79kl9rvhjzhuunbo","time":1612028274,"event":{"mods":["AchievementEnabler","BaseMod","Colored Powertips","Defuse TimeMaze Blight","Friendly Minions","Highlight Path","Minty Spire (QoL Compilation)","Permanent Neow","Quick Restart","Random Character Button","Relic Sorter","StSLib","SuperFastMode","Synergy Search","Unceasing Turn Reminder"],"gold_per_floor":[111,111,130,130,146,146,146,180,234,234,85,120,120,138,138,237,237,257,257,257,280,24,49,49,49,49,77,77,95,95,95,95,200,200,212,212,236,236,252,252,252],"floor_reached":40,"language":"ENG","playtime":2122,"items_purged":["Strike_B","Zap"],"score":447,"play_id":"117867a7-93d5-4888-a40f-ac30da99212b","local_time":"20210130183754","is_ascension_mode":true,"campfire_choices":[{"data":"Creative AI","floor":6.0,"key":"SMITH"},{"floor":10.0,"key":"RECALL"},{"floor":15.0,"key":"REST"},{"floor":24.0,"key":"REST"},{"floor":30.0,"key":"REST"},{"floor":32.0,"key":"REST"}],"circlet_count":0,"master_deck":["Strike_B+1","Strike_B+1","Strike_B+1","Defend_B+1","Defend_B+1","Defend_B+1","Defend_B+1","Dualcast","Creative AI+1","Gash","Conserve Battery","Leap","Capacitor","Leap+1","Parasite","Cold Snap","Electrodynamics","Conserve Battery+1","Conserve Battery+1","Genetic Algorithm","Core Surge","Force Field+1","Madness","Madness"],"relics":["Cracked Core","Tiny Chest","Mummified Hand","DataDisk","Pantograph","Fusion Hammer","Juzu Bracelet","Dream Catcher","Oddly Smooth Stone","Omamori","Ornamental Fan","Black Star","Strawberry"],"acts_visited":["Exordium","TheCity","TheBeyond"],"potions_floor_usage":[40,40],"damage_taken":[{"damage":7.0,"enemies":"Small Slimes","floor":1.0,"turns":3.0},{"damage":1.0,"enemies":"2 Louse","floor":3.0,"turns":4.0},{"damage":1.0,"enemies":"Cultist","floor":5.0,"turns":4.0},{"damage":32.0,"enemies":"Gremlin Nob","floor":8.0,"turns":5.0},{"damage":19.0,"enemies":"3 Sentries","floor":12.0,"turns":5.0},{"damage":9.0,"enemies":"Exordium Wildlife","floor":14.0,"turns":3.0},{"damage":20.0,"enemies":"The Guardian","floor":16.0,"turns":10.0},{"damage":0.0,"enemies":"3 Byrds","floor":18.0,"turns":2.0},{"damage":30.0,"enemies":"Gremlin Leader","floor":23.0,"turns":7.0},{"damage":9.0,"enemies":"Slavers","floor":27.0,"turns":4.0},{"damage":8.0,"enemies":"2 Thieves","floor":29.0,"turns":4.0},{"damage":27.0,"enemies":"Automaton","floor":33.0,"turns":10.0},{"damage":12.0,"enemies":"Orb Walker","floor":35.0,"turns":5.0},{"damage":0.0,"enemies":"3 Shapes","floor":39.0,"turns":5.0},{"damage":70,"enemies":"Giant Head","floor":40,"turns":14}],"seed_played":"-6445956602002481179","potions_obtained":[{"floor":3.0,"key":"Dexterity Potion"},{"floor":4.0,"key":"LiquidBronze"},{"floor":4.0,"key":"SkillPotion"},{"floor":8.0,"key":"SteroidPotion"},{"floor":23.0,"key":"Energy Potion"},{"floor":33.0,"key":"BlessingOfTheForge"}],"is_trial":false,"path_per_floor":["M","?","M","?","M","R","T","E","T","R","$","E","?","M","R","B",null,"M","?","?","T","$","E","R","$","T","E","?","M","R","?","R","B",null,"M","?","T","?","M","E"],"character_chosen":"DEFECT","items_purchased":["Capacitor","Juzu Bracelet"],"campfire_rested":4,"item_purchase_floors":[11,22],"current_hp_per_floor":[61,61,60,60,59,59,59,27,27,27,27,8,25,16,36,41,68,68,68,68,68,68,38,58,58,58,49,49,41,61,61,68,41,68,56,47,54,54,54,0,0],"gold":252,"neow_bonus":"THREE_RARE_CARDS","is_daily":false,"chose_seed":false,"campfire_upgraded":1,"win_rate":0.0,"timestamp":1612028274,"path_taken":["M","?","M","?","?","R","?","E","T","R","$","E","?","M","R","BOSS","M","?","?","?","$","E","R","$","T","E","?","M","R","?","R","BOSS","M","?","?","?","M","E"],"items_purchased_type":["Card","Relic"],"build_version":"2020-12-22","purchased_purges":2,"victory":false,"max_hp_per_floor":[68,68,68,68,68,68,68,68,68,68,68,68,68,68,68,68,68,68,68,68,68,68,68,68,68,68,68,68,68,68,68,68,68,68,68,68,75,75,75,75,75],"card_choices":[{"not_picked":["All For One","Machine Learning"],"picked":"Creative AI","floor":0.0},{"not_picked":["Blizzard","Rebound"],"picked":"Gash","floor":1.0},{"not_picked":["Barrage","Sweeping Beam","Undo"],"picked":"SKIP","floor":3.0},{"not_picked":["Undo","Tempest"],"picked":"Conserve Battery","floor":5.0},{"not_picked":["Consume","Doom and Gloom"],"picked":"Leap","floor":8.0},{"not_picked":["Steam","Sweeping Beam"],"picked":"Leap","floor":12.0},{"not_picked":["Rip and Tear","Ball Lightning"],"picked":"Cold Snap","floor":14.0},{"not_picked":["Biased Cognition","Meteor Strike"],"picked":"Electrodynamics","floor":16.0},{"not_picked":["Rebound+1","Ball Lightning","Gash"],"picked":"SKIP","floor":18.0},{"not_picked":["Heatsinks","Hologram","Stack"],"picked":"SKIP","floor":23.0},{"not_picked":["Machine Learning","Lockon"],"picked":"Conserve Battery+1","floor":24.0},{"not_picked":["Gash","Capacitor"],"picked":"Conserve Battery+1","floor":27.0},{"not_picked":["Streamline+1","Aggregate","Redo"],"picked":"SKIP","floor":29.0},{"not_picked":["Rainbow","Darkness"],"picked":"Genetic Algorithm","floor":32.0},{"not_picked":["Seek","Rainbow"],"picked":"Core Surge","floor":33.0},{"not_picked":["Hologram","Redo+1"],"picked":"Force Field+1","floor":35.0},{"not_picked":["Skim","Melter+1","Rip and Tear+1"],"picked":"SKIP","floor":39.0}],"player_experience":277559,"relics_obtained":[{"floor":7.0,"key":"Tiny Chest"},{"floor":8.0,"key":"Mummified Hand"},{"floor":9.0,"key":"DataDisk"},{"floor":12.0,"key":"Pantograph"},{"floor":23.0,"key":"Dream Catcher"},{"floor":26.0,"key":"Oddly Smooth Stone"},{"floor":27.0,"key":"Omamori"},{"floor":37.0,"key":"Strawberry"}],"event_choices":[{"damage_healed":0.0,"max_hp_gain":0.0,"max_hp_loss":0.0,"gold_gain":0.0,"event_name":"Liars Game","player_choice":"Ignored","floor":2.0,"gold_loss":0.0,"damage_taken":0.0},{"damage_healed":0.0,"max_hp_gain":0.0,"max_hp_loss":0.0,"gold_gain":0.0,"event_name":"Lab","player_choice":"Got Potions","floor":4.0,"gold_loss":0.0,"damage_taken":0.0},{"damage_healed":17.0,"max_hp_gain":0.0,"max_hp_loss":0.0,"gold_gain":0.0,"event_name":"Mushrooms","player_choice":"Healed and dodged fight","floor":13.0,"gold_loss":0.0,"damage_taken":0.0,"cards_obtained":["Parasite"]},{"damage_healed":0.0,"max_hp_gain":0.0,"max_hp_loss":0.0,"gold_gain":0.0,"event_name":"Back to Basics","player_choice":"Simplicity","floor":19.0,"gold_loss":0.0,"damage_taken":0.0,"cards_upgraded":["Strike_B","Strike_B","Strike_B","Defend_B","Defend_B","Defend_B","Defend_B"]},{"damage_healed":0.0,"max_hp_gain":0.0,"max_hp_loss":0.0,"gold_gain":0.0,"event_name":"Upgrade Shrine","player_choice":"Upgraded","floor":20.0,"gold_loss":0.0,"damage_taken":0.0,"cards_upgraded":["Leap"]},{"damage_healed":0.0,"max_hp_gain":0.0,"max_hp_loss":0.0,"gold_gain":0.0,"event_name":"Vampires","player_choice":"Ignored","floor":28.0,"gold_loss":0.0,"damage_taken":0.0},{"damage_healed":0.0,"max_hp_gain":0.0,"max_hp_loss":0.0,"gold_gain":0.0,"event_name":"The Mausoleum","player_choice":"Opened","floor":31.0,"gold_loss":0.0,"damage_taken":0.0,"relics_obtained":["Ornamental Fan"]},{"damage_healed":0.0,"max_hp_gain":0.0,"max_hp_loss":0.0,"gold_gain":0.0,"event_name":"Winding Halls","player_choice":"Embrace Madness","floor":36.0,"gold_loss":0.0,"damage_taken":9.0,"cards_obtained":["Madness","Madness"]},{"damage_healed":0.0,"max_hp_gain":0.0,"max_hp_loss":0.0,"gold_gain":0.0,"event_name":"Tomb of Lord Red Mask","player_choice":"Ignored","floor":38.0,"gold_loss":0.0,"damage_taken":0.0}],"is_beta":false,"boss_relics":[{"not_picked":["Inserter","FrozenCore"],"picked":"Fusion Hammer"},{"not_picked":["Runic Dome","Runic Pyramid"],"picked":"Black Star"}],"items_purged_floors":[11,22],"is_endless":false,"potions_floor_spawned":[3,8,16,23,33],"killed_by":"Giant Head","ascension_level":1}}