{"host":"8962ghaoa8fyttvy","time":1612048810,"event":{"mods":["2.2 Compatiblity","AchievementEnabler","BaseMod","Bestiary","Colored Map","Colored Powertips","Curses Come First","Highlight Path","Keyboard Shortcuts","Minty Spire (QoL Compilation)","Relic Stats","Slay the Relics Exporter","StSLib","SuperFastMode"],"gold_per_floor":[212,223,223,237,253,285,285,285,285,285,299,326,343,3,3,107,107,118,118,118,130,7,42,42,69,69,89,89,160,160,177,177,177,177],"floor_reached":33,"language":"ENG","playtime":1253,"items_purged":["Strike_G","Defend_G"],"score":295,"play_id":"21df33e8-eb4b-424c-8502-74caa80e8ff3","local_time":"20210130182010","is_ascension_mode":false,"campfire_choices":[{"data":"Neutralize","floor":8,"key":"SMITH"},{"data":"Backstab","floor":10,"key":"SMITH"},{"data":"Backstab","floor":15,"key":"SMITH"},{"data":"Envenom","floor":24,"key":"SMITH"},{"data":"Dash","floor":28,"key":"SMITH"},{"data":"Survivor","floor":32,"key":"SMITH"}],"circlet_count":0,"master_deck":["Strike_G","Strike_G","Strike_G","Strike_G","Defend_G","Defend_G","Defend_G","Defend_G","Survivor+1","Neutralize+1","Dash+1","Bouncing Flask+1","Backstab+1","Dagger Spray+1","Backstab+1","Flying Knee+1","Finisher+1","Poisoned Stab+1","Dash+1","Dagger Spray+1","Envenom+1","Quick Slash+1","Tactician+1","Poisoned Stab+1","Quick Slash+1","Finisher+1","Parasite","Infinite Blades+1","Iron Wave+1"],"relics":["Ring of the Snake","Gremlin Horn","Molten Egg 2","Lantern","TwistedFunnel","Cursed Key","Thread and Needle","Frozen Egg 2","Centennial Puzzle","White Beast Statue"],"acts_visited":["Exordium","TheCity"],"potions_floor_usage":[16,18,33,33,33],"damage_taken":[{"damage":6,"enemies":"2 Louse","floor":1,"turns":6},{"damage":5,"enemies":"Cultist","floor":2,"turns":7},{"damage":2,"enemies":"Jaw Worm","floor":4,"turns":4},{"damage":0,"enemies":"Exordium Wildlife","floor":5,"turns":4},{"damage":8,"enemies":"Lagavulin","floor":6,"turns":5},{"damage":0,"enemies":"2 Fungi Beasts","floor":11,"turns":2},{"damage":17,"enemies":"3 Sentries","floor":12,"turns":5},{"damage":0,"enemies":"Red Slaver","floor":13,"turns":1},{"damage":6,"enemies":"Hexaghost","floor":16,"turns":8},{"damage":0,"enemies":"2 Thieves","floor":18,"turns":1},{"damage":0,"enemies":"3 Byrds","floor":21,"turns":2},{"damage":27,"enemies":"Slavers","floor":23,"turns":4},{"damage":4,"enemies":"Gremlin Leader","floor":25,"turns":3},{"damage":0,"enemies":"Cultist and Chosen","floor":27,"turns":3},{"damage":0,"enemies":"Chosen and Byrds","floor":31,"turns":3},{"damage":54,"enemies":"Champ","floor":33,"turns":6}],"seed_played":"7352010603391539790","potions_obtained":[{"floor":1,"key":"Dexterity Potion"},{"floor":2,"key":"LiquidBronze"},{"floor":11,"key":"SkillPotion"},{"floor":16,"key":"EssenceOfSteel"},{"floor":18,"key":"Fruit Juice"},{"floor":25,"key":"Dexterity Potion"},{"floor":31,"key":"AttackPotion"}],"is_trial":false,"path_per_floor":["M","M","?","M","M","E","?","R","T","R","M","E","M","$","R","B",null,"M","?","?","M","$","E","R","E","T","M","R","T","?","M","R","B"],"character_chosen":"THE_SILENT","items_purchased":["TwistedFunnel","Dash+1","Dagger Spray+1","Poisoned Stab+1"],"campfire_rested":0,"item_purchase_floors":[14,14,14,22],"current_hp_per_floor":[64,59,59,57,57,49,49,49,49,49,49,32,32,32,32,26,70,75,75,61,61,61,34,34,30,30,30,30,30,30,30,30,0,0],"gold":177,"neow_bonus":"HUNDRED_GOLD","is_daily":false,"chose_seed":false,"campfire_upgraded":6,"win_rate":0.0,"timestamp":1612048810,"path_taken":["M","M","?","?","M","E","?","R","T","R","M","E","M","$","R","BOSS","M","?","?","M","?","E","R","E","T","?","R","?","?","M","R","BOSS"],"items_purchased_type":["Relic","Card","Card","Card"],"build_version":"2020-12-22","purchased_purges":2,"victory":false,"max_hp_per_floor":[70,70,70,70,70,70,70,70,70,70,70,70,70,70,70,70,70,75,75,80,80,80,80,80,80,80,80,80,80,80,80,80,80,80],"relic_stats":{"Centennial Puzzle":[3],"Gremlin Horn":[12,12],"counters":[16,64],"Cursed Key":2,"obtain_stats":[{"TwistedFunnel":14,"Lantern":12,"Centennial Puzzle":26,"Gremlin Horn":6,"Molten Egg 2":9,"Thread and Needle":23,"Frozen Egg 2":25,"Cursed Key":17,"White Beast Statue":29,"Ring of the Snake":0},{"TwistedFunnel":8,"Lantern":7,"Centennial Puzzle":13,"Gremlin Horn":5,"Molten Egg 2":5,"Thread and Needle":12,"Frozen Egg 2":13,"Cursed Key":9,"White Beast Statue":14,"Ring of the Snake":0},{"TwistedFunnel":34,"Lantern":33,"Centennial Puzzle":52,"Gremlin Horn":26,"Molten Egg 2":26,"Thread and Needle":49,"Frozen Egg 2":52,"Cursed Key":42,"White Beast Statue":55,"Ring of the Snake":0}],"Ring of the Snake":[32]},"card_choices":[{"not_picked":["Eviscerate","Prepared"],"picked":"Dash","floor":1},{"not_picked":["Crippling Poison","Endless Agony"],"picked":"Bouncing Flask","floor":2},{"not_picked":["Outmaneuver","Underhanded Strike"],"picked":"Backstab","floor":4},{"not_picked":["Blade Dance","Tactician"],"picked":"Dagger Spray","floor":5},{"not_picked":["Deflect","Dodge and Roll"],"picked":"Backstab","floor":6},{"not_picked":["Wraith Form v2","Acrobatics"],"picked":"Flying Knee+1","floor":11},{"not_picked":["Backflip","Deadly Poison"],"picked":"Finisher+1","floor":12},{"not_picked":["Acrobatics","Escape Plan"],"picked":"Poisoned Stab+1","floor":13},{"not_picked":["Tools of the Trade","Die Die Die+1"],"picked":"Envenom","floor":16},{"not_picked":["Footwork","Blade Dance"],"picked":"Quick Slash+1","floor":18},{"not_picked":["Reflex+1","Backflip"],"picked":"Tactician+1","floor":21},{"not_picked":["Deflect","Acrobatics"],"picked":"Quick Slash+1","floor":23},{"not_picked":["Distraction","Crippling Poison"],"picked":"Finisher+1","floor":25},{"not_picked":["Eviscerate+1","Leg Sweep"],"picked":"Infinite Blades+1","floor":27},{"not_picked":["Distraction","Acrobatics","Backflip"],"picked":"SKIP","floor":31}],"player_experience":7916,"relics_obtained":[{"floor":6,"key":"Gremlin Horn"},{"floor":9,"key":"Molten Egg 2"},{"floor":12,"key":"Lantern"},{"floor":23,"key":"Thread and Needle"},{"floor":25,"key":"Frozen Egg 2"},{"floor":26,"key":"Centennial Puzzle"},{"floor":29,"key":"White Beast Statue"}],"event_choices":[{"damage_healed":0,"gold_gain":0,"player_choice":"Forge","damage_taken":0,"max_hp_gain":0,"max_hp_loss":0,"event_name":"Accursed Blacksmith","floor":3,"gold_loss":0,"cards_upgraded":["Bouncing Flask"]},{"damage_healed":0,"gold_gain":0,"player_choice":"Grow","damage_taken":0,"max_hp_gain":0,"max_hp_loss":0,"event_name":"Living Wall","floor":7,"gold_loss":0,"cards_upgraded":["Dagger Spray"]},{"damage_healed":0,"gold_gain":0,"player_choice":"Ignored","damage_taken":0,"max_hp_gain":0,"max_hp_loss":0,"event_name":"Ghosts","floor":19,"gold_loss":0},{"damage_healed":0,"gold_gain":0,"player_choice":"Shed Blood","damage_taken":19,"max_hp_gain":5,"max_hp_loss":0,"event_name":"Forgotten Altar","floor":20,"gold_loss":0},{"cards_removed":["Injury"],"damage_healed":0,"gold_gain":0,"player_choice":"Took Card","damage_taken":0,"max_hp_gain":0,"max_hp_loss":0,"event_name":"NoteForYourself","floor":30,"gold_loss":0,"cards_obtained":["Iron Wave"]}],"is_beta":false,"boss_relics":[{"not_picked":["Runic Dome","Fusion Hammer"],"picked":"Cursed Key"}],"items_purged_floors":[14,22],"is_endless":false,"potions_floor_spawned":[1,2,11,16,18,25,31],"killed_by":"Champ","ascension_level":0}}