{"host":"2se5dq1do2gp0x9k","time":1612027245,"event":{"mods":["AchievementEnabler","BaseMod","Block Reminder","Colored Map","Colored Powertips","Minty Spire (QoL Compilation)","Relic Stats","StSLib","SuperFastMode"],"gold_per_floor":[116,71,87,87,97,97,125,125,125],"floor_reached":8,"language":"ENG","playtime":190,"items_purged":[],"score":92,"play_id":"97acea06-7581-4539-9614-f21a5d9057f0","local_time":"20210130092045","is_ascension_mode":true,"campfire_choices":[{"data":"Loop","floor":6,"key":"SMITH"}],"circlet_count":0,"master_deck":["AscendersBane","Strike_B","Strike_B","Strike_B","Strike_B","Defend_B","Defend_B","Defend_B","Defend_B","Zap","Dualcast","Loop+1","Lockon","Sweeping Beam","Consume"],"relics":["Cracked Core","NeowsBlessing","Omamori","Odd Mushroom"],"acts_visited":["Exordium"],"potions_floor_usage":[8],"damage_taken":[{"damage":0,"enemies":"2 Louse","floor":1,"turns":1},{"damage":0,"enemies":"Small Slimes","floor":3,"turns":1},{"damage":0,"enemies":"Jaw Worm","floor":5,"turns":1},{"damage":23,"enemies":"The Mushroom Lair","floor":7,"turns":4},{"damage":30,"enemies":"3 Sentries","floor":8,"turns":4}],"seed_played":"-7841936095164004709","potions_obtained":[{"floor":3,"key":"LiquidBronze"},{"floor":5,"key":"FearPotion"},{"floor":7,"key":"DistilledChaos"}],"is_trial":false,"path_per_floor":["M","$","M","?","M","R","?","E"],"character_chosen":"DEFECT","items_purchased":["Lockon"],"campfire_rested":0,"item_purchase_floors":[2],"current_hp_per_floor":[64,64,64,53,53,53,30,0,0],"gold":125,"neow_bonus":"THREE_ENEMY_KILL","is_daily":false,"chose_seed":false,"campfire_upgraded":1,"win_rate":0.0,"timestamp":1612027245,"path_taken":["M","$","M","?","M","R","?","E"],"items_purchased_type":["Card"],"build_version":"2020-12-22","purchased_purges":0,"victory":false,"max_hp_per_floor":[71,71,71,71,71,71,71,71,71],"relic_stats":{"counters":[5,10],"obtain_stats":[{"NeowsBlessing":0,"Omamori":4,"Odd Mushroom":7,"Cracked Core":0},{"NeowsBlessing":0,"Omamori":2,"Odd Mushroom":4,"Cracked Core":0},{"NeowsBlessing":0,"Omamori":2,"Odd Mushroom":6,"Cracked Core":0}]},"card_choices":[{"not_picked":["Barrage","Conserve Battery"],"picked":"Loop","floor":1},{"not_picked":["Rebound","Stack","Streamline"],"picked":"SKIP","floor":3},{"not_picked":["Steam Power","Barrage"],"picked":"Sweeping Beam","floor":5},{"not_picked":["Beam Cell","Stack"],"picked":"Consume","floor":7}],"player_experience":3992135,"relics_obtained":[{"floor":7,"key":"Odd Mushroom"}],"event_choices":[{"damage_healed":0,"gold_gain":0,"player_choice":"Success","damage_taken":11,"relics_obtained":["Omamori"],"max_hp_gain":0,"max_hp_loss":0,"event_name":"Scrap Ooze","floor":4,"gold_loss":0},{"damage_healed":0,"gold_gain":0,"player_choice":"Fought Mushrooms","damage_taken":0,"max_hp_gain":0,"max_hp_loss":0,"event_name":"Mushrooms","floor":7,"gold_loss":0}],"is_beta":false,"boss_relics":[],"items_purged_floors":[],"is_endless":false,"potions_floor_spawned":[3,5,7],"killed_by":"3 Sentries","ascension_level":20}}