{"host":"yy1cu9q9bsxhflzi","time":1612028533,"event":{"mods":["BaseMod","DeckTracker","Minty Spire (QoL Compilation)","Quick Restart","StSLib","everything is the same but u backflip on backflip"],"gold_per_floor":[112,123,140,151,151,151,186,205,205,205,231,243,160,190,190,263,263,275,275,275,111,130,130,155,155,182,194,226,226,226,253,253,330,330,349,349,426,386,403,403,436,436,436,469,488,513,529,137,137,137,137,137,137,58,58,58],"floor_reached":55,"language":"KOR","playtime":819,"items_purged":[],"score":2862,"play_id":"7c073ab9-cd53-476f-b494-3c3f8a7195a3","local_time":"20210131024213","is_ascension_mode":true,"campfire_choices":[{"data":"Grand Finale","floor":6.0,"key":"SMITH"},{"data":"Prepared","floor":15.0,"key":"SMITH"},{"data":"Tactician","floor":23.0,"key":"SMITH"},{"data":"Reflex","floor":25.0,"key":"SMITH"},{"data":"Backflip","floor":29.0,"key":"SMITH"},{"floor":32.0,"key":"RECALL"},{"data":"Burst","floor":40.0,"key":"SMITH"},{"data":"Acrobatics","floor":42.0,"key":"SMITH"},{"floor":49,"key":"DIG"},{"floor":53,"key":"DIG"}],"circlet_count":0,"master_deck":["Grand Finale+1","Reflex+1","Escape Plan","Prepared+1","Tactician+1","Burst+1","Backflip+1","Acrobatics+1","Well Laid Plans+1"],"relics":["Ring of the Serpent","Vajra","Molten Egg 2","Matryoshka","Mango","Tiny Chest","Omamori","Toy Ornithopter","Happy Flower","MealTicket","FossilizedHelix","Busted Crown","Frozen Egg 2","Ornamental Fan","Ancient Tea Set","StrikeDummy","Smiling Mask","Shovel","HornCleat","Pocketwatch","Kunai"],"acts_visited":["Exordium","TheCity","TheBeyond","TheEnding"],"potions_floor_usage":[],"damage_taken":[{"damage":0.0,"enemies":"2 Louse","floor":1.0,"turns":3.0},{"damage":0.0,"enemies":"Jaw Worm","floor":2.0,"turns":1.0},{"damage":0.0,"enemies":"Small Slimes","floor":3.0,"turns":1.0},{"damage":0.0,"enemies":"3 Louse","floor":4.0,"turns":1.0},{"damage":0.0,"enemies":"Gremlin Nob","floor":7.0,"turns":1.0},{"damage":0.0,"enemies":"Looter","floor":8.0,"turns":1.0},{"damage":0.0,"enemies":"3 Sentries","floor":11.0,"turns":1.0},{"damage":0.0,"enemies":"Exordium Thugs","floor":12.0,"turns":1.0},{"damage":0.0,"enemies":"Gremlin Nob","floor":14.0,"turns":1.0},{"damage":0.0,"enemies":"Slime Boss","floor":16.0,"turns":1.0},{"damage":0.0,"enemies":"Shell Parasite","floor":18.0,"turns":1.0},{"damage":0.0,"enemies":"Chosen","floor":22.0,"turns":1.0},{"damage":0.0,"enemies":"Gremlin Leader","floor":24.0,"turns":1.0},{"damage":0.0,"enemies":"Centurion and Healer","floor":27.0,"turns":1.0},{"damage":0.0,"enemies":"Slavers","floor":28.0,"turns":1.0},{"damage":0.0,"enemies":"Book of Stabbing","floor":31.0,"turns":1.0},{"damage":0.0,"enemies":"Automaton","floor":33.0,"turns":1.0},{"damage":0.0,"enemies":"3 Shapes","floor":35.0,"turns":1.0},{"damage":0.0,"enemies":"3 Darklings","floor":39.0,"turns":1.0},{"damage":0.0,"enemies":"Reptomancer","floor":41.0,"turns":1.0},{"damage":0.0,"enemies":"Nemesis","floor":44.0,"turns":1.0},{"damage":0.0,"enemies":"4 Shapes","floor":45.0,"turns":1.0},{"damage":0,"enemies":"Giant Head","floor":46,"turns":1},{"damage":0,"enemies":"Jaw Worm Horde","floor":47,"turns":1},{"damage":0,"enemies":"Time Eater","floor":50,"turns":2},{"damage":0,"enemies":"Awakened One","floor":51,"turns":2},{"damage":0,"enemies":"Shield and Spear","floor":55,"turns":1}],"seed_played":"968655804876305636","potions_obtained":[{"floor":4.0,"key":"AttackPotion"},{"floor":7.0,"key":"Ancient Potion"},{"floor":45,"key":"Block Potion"}],"is_trial":true,"path_per_floor":["M","M","M","M","?","R","E","M","T","?","E","M","$","E","R","B",null,"M","?","?","$","M","R","E","R","T","M","E","R","$","E","R","B",null,"M","?","T","?","M","R","E","R","T","E","M","E","M","$","R","B","B",null,"R","$","E"],"character_chosen":"THE_SILENT","items_purchased":["Tactician","Omamori","HornCleat","GhostInAJar","Well Laid Plans+1"],"campfire_rested":0,"item_purchase_floors":[13,21,48,48,54],"current_hp_per_floor":[59,59,59,59,59,59,59,59,59,54,68,68,68,68,68,68,77,77,56,56,56,56,56,56,56,56,56,56,56,71,71,71,71,78,78,76,76,76,76,76,76,76,76,76,76,76,76,76,76,76,76,76,76,76,76,76],"gold":58,"neow_bonus":"","is_daily":false,"chose_seed":false,"campfire_upgraded":7,"win_rate":0.0,"timestamp":1612028533,"path_taken":["M","M","M","M","?","R","E","M","T","?","E","M","$","E","R","BOSS","M","?","?","$","M","R","E","R","T","M","E","R","$","E","R","BOSS","M","?","?","?","?","R","E","R","T","E","M","E","M","?","R","BOSS","BOSS","R","$","E"],"items_purchased_type":["Card","Relic","Relic","Potion","Card"],"build_version":"2020-12-22","purchased_purges":0,"victory":false,"max_hp_per_floor":[66,66,66,66,66,66,66,66,66,66,80,80,80,80,80,80,80,80,80,80,80,80,80,80,80,80,80,80,80,80,80,80,80,80,80,76,76,76,76,76,76,76,76,76,76,76,76,76,76,76,76,76,76,76,76,76],"card_choices":[{"not_picked":["Dagger Throw","Slice","All Out Attack"],"picked":"SKIP","floor":1.0},{"not_picked":["Poisoned Stab","Quick Slash"],"picked":"Reflex","floor":2.0},{"not_picked":["Dash","All Out Attack"],"picked":"Escape Plan","floor":3.0},{"not_picked":["Quick Slash","Blade Dance","Underhanded Strike"],"picked":"SKIP","floor":4.0},{"not_picked":["Bouncing Flask","Bullet Time","Choke"],"picked":"SKIP","floor":7.0},{"not_picked":["Masterful Stab","Quick Slash"],"picked":"Prepared","floor":8.0},{"not_picked":["Crippling Poison","Slice+1","Dagger Throw+1"],"picked":"SKIP","floor":11.0},{"not_picked":["Corpse Explosion","Cloak And Dagger","Poisoned Stab+1"],"picked":"SKIP","floor":12.0},{"not_picked":["Predator+1","Sucker Punch+1","Deadly Poison"],"picked":"SKIP","floor":14.0},{"not_picked":["Glass Knife+1","Malaise"],"picked":"Burst","floor":16.0},{"not_picked":["Bane+1","Flechettes+1","Catalyst"],"picked":"SKIP","floor":18.0},{"not_picked":["Terror+1","Heel Hook+1","Escape Plan"],"picked":"SKIP","floor":22.0},{"not_picked":["Riddle With Holes+1","Infinite Blades","PiercingWail"],"picked":"SKIP","floor":24.0},{"not_picked":["Heel Hook+1","Bouncing Flask"],"picked":"Backflip","floor":27.0},{"not_picked":["Deadly Poison","PiercingWail","Distraction"],"picked":"SKIP","floor":28.0},{"not_picked":["Riddle With Holes+1","Bouncing Flask","Eviscerate+1"],"picked":"SKIP","floor":31.0},{"not_picked":[],"picked":"Acrobatics","floor":35.0},{"not_picked":["Endless Agony+1"],"picked":"SKIP","floor":39.0},{"not_picked":["Expertise"],"picked":"SKIP","floor":41.0},{"not_picked":["Flying Knee+1"],"picked":"SKIP","floor":44.0},{"not_picked":["Dagger Throw+1"],"picked":"SKIP","floor":45},{"not_picked":["Flying Knee+1"],"picked":"SKIP","floor":46},{"not_picked":["Slice+1"],"picked":"SKIP","floor":47}],"player_experience":3889419,"relics_obtained":[{"floor":7.0,"key":"Vajra"},{"floor":9.0,"key":"Molten Egg 2"},{"floor":11.0,"key":"Mango"},{"floor":14.0,"key":"Tiny Chest"},{"floor":24.0,"key":"Toy Ornithopter"},{"floor":26.0,"key":"Happy Flower"},{"floor":28.0,"key":"MealTicket"},{"floor":31.0,"key":"FossilizedHelix"},{"floor":37.0,"key":"Frozen Egg 2"},{"floor":37.0,"key":"Ornamental Fan"},{"floor":41.0,"key":"Ancient Tea Set"},{"floor":43.0,"key":"StrikeDummy"},{"floor":44.0,"key":"Smiling Mask"},{"floor":46,"key":"Shovel"},{"floor":49,"key":"Pocketwatch"},{"floor":53,"key":"Kunai"}],"event_choices":[{"damage_healed":0.0,"max_hp_gain":0.0,"max_hp_loss":0.0,"gold_gain":0.0,"event_name":"The Cleric","player_choice":"Leave","floor":5.0,"gold_loss":0.0,"damage_taken":0.0},{"damage_healed":0.0,"max_hp_gain":0.0,"max_hp_loss":0.0,"gold_gain":0.0,"event_name":"Scrap Ooze","player_choice":"Success","floor":10.0,"gold_loss":0.0,"damage_taken":5.0,"relics_obtained":["Matryoshka"]},{"damage_healed":0.0,"max_hp_gain":0.0,"max_hp_loss":0.0,"gold_gain":0.0,"event_name":"Cursed Tome","player_choice":"Obtained Book","floor":19.0,"gold_loss":0.0,"damage_taken":21.0},{"damage_healed":0.0,"max_hp_gain":0.0,"max_hp_loss":0.0,"gold_gain":0.0,"event_name":"The Mausoleum","player_choice":"Ignored","floor":20.0,"gold_loss":0.0,"damage_taken":0.0},{"damage_healed":0.0,"max_hp_gain":0.0,"max_hp_loss":4.0,"gold_gain":0.0,"event_name":"Winding Halls","player_choice":"Max HP","floor":36.0,"gold_loss":0.0,"damage_taken":0.0},{"damage_healed":0.0,"max_hp_gain":0.0,"max_hp_loss":0.0,"gold_gain":0.0,"event_name":"The Woman in Blue","player_choice":"Bought 3 Potions","floor":38.0,"gold_loss":0.0,"damage_taken":0.0}],"is_beta":false,"boss_relics":[{"not_picked":["Pandora\u0027s Box","Calling Bell"],"picked":"Ring of the Serpent"},{"not_picked":["Empty Cage","Cursed Key"],"picked":"Busted Crown"}],"items_purged_floors":[],"is_endless":false,"potions_floor_spawned":[4,7,11,12,16,24,28,33,41,45,47],"killed_by":"Shield and Spear","ascension_level":20}}