{"host":"nt5s8w9te9kjrjx1","time":1612045751,"event":{"mods":["100% Spire Juice","2.2 Compatiblity","A Penny For Your Troubles","Abigail Mod","AchievementEnabler","Act Like it!","Aspiration","BaseMod","Better Altar","Better Match","Better Note","Better Sensory Stone","Better Skull","Better Third Choice","Better Vampires","Better-Laid Plans","BetterRewards","CapriCore","Card Forge","Colored Powertips","Conspire","Curses Come First","Displayed Cursed Tome","Energized Spire","Evolution","Gensokyo","Gold Saver","Good Game Mod","GungeonMod","Halation","Hallownest","Hermit","HexUI Lib","Highlight Path","HololiveMod","Hubris","Infinite Spire","Jess\u0027s Bottle","Jorbs\u0027s Wanderer Trilogy","Koishi","Luminous","Mari Mod (Legacy)","Mari\u0027s V1 Patch","Marisa????????","Marked Mod","Mimic Mod","Minty Spire (QoL Compilation)","MostiFishMod","Pale of the Ancients","Quick Restart","Rare Cards Sparkle","Red Circlet Mod","Reimu??????","Relic Filter Mod","Reliquary","Remilia??????","Reorder Act Four","Replay The Spire","Retaliation","Shade Mod","Small Relic Pack","Smile Girya","Spicy Shops","Spikes Relics","Spire Arcade","StS++","StSLib","Steal the Spire","The Administrix","The Animator","The Blue Laboratory","The Caster","The Construct","The Cursed","The Gatherer","The Jungle","The Marked","The Mystic","The Necromancer","The Sage","The Servant 0.9.4","The Wild Card","TheVacant","Transform Curses","Uncapped","Virulent Crown","WarShipGirlsR/????R mod"],"gold_per_floor":[30114,28914,28932,27912,27925,27953,27968,27997,28023,28035,28052,28052,26942,26969,26969,27074,27074,27085,27085,27085,27085,27085,27118,26351,26377,26453,26478,26478,26497,26511,26540,26552,26663,26675,26703,26715,25923,25938,25068,25068,25118,26770,26770,28542,28542,30410,32403,32403,32403,34510,34510,36771,39160,39160,38045,38045,40533,40533,39819,39819,42507,42507,45281,48239,47250,50291,53565,53565,57066,57066,57066,60788,60648,60578,64527,64527,68791,68791,73275,73275,71716,70681,75268,74683,74683,79545,79545,79545,79644,84836,84836,90418,90418,96287,95099,95099,95099,95122,101264,100691,100691,100811,100811,107341,107341,107341],"floor_reached":113,"language":"ENG","playtime":3443,"items_purged":[],"score":3699,"play_id":"b03ab8e3-4b00-47c0-a6c0-c0ea10a83987","local_time":"20210130222911","is_ascension_mode":true,"campfire_choices":[{"floor":12.0,"key":"REST"},{"floor":15.0,"key":"RECALL"},{"data":"Loop","floor":32.0,"key":"SMITH"},{"data":"MostiFishMod:PushDownKick","floor":40.0,"key":"SMITH"},{"data":"Hello World","floor":49.0,"key":"SMITH"},{"data":"Storm","floor":56.0,"key":"SMITH"},{"data":"Barrage","floor":58.0,"key":"SMITH"},{"data":"FIFO Queue","floor":68.0,"key":"SMITH"},{"data":"FIFO Queue","floor":77.0,"key":"SMITH"},{"data":"Ball Lightning","floor":91.0,"key":"SMITH"},{"data":"Static Discharge","floor":94.0,"key":"SMITH"},{"data":"Rip and Tear","floor":111.0,"key":"SMITH"}],"circlet_count":0,"master_deck":["Cold Snap+1","Cold Snap+1","Cold Snap+1","Cold Snap+1","Defend_B+2","Zap+1","Dualcast+1","MostiFishMod:SeaWaves+1","Genetic Algorithm+1","Self Repair+1","White Noise+1","Ball Lightning+1","MostiFishMod:ReadyAimFire+1","Hello World+1","Cold Snap+1","aspiration:Polymerization+1","Electrodynamics+1","Mirror Shield+1","MostiFishMod:GatherIntelligence+1","BasicCrystalCard+1","Crystallizer+1","Rainbow+1","Lockon+1","RefreshScreen+1","MostiFishMod:FrostNova+1","MostiFishMod:WinterMarkForm+1","MostiFishMod:Nova+1","MostiFishMod:DeathFromBelow+1","aspiration:Polymerization+1","Doom and Gloom+1","Fission+1","Darkness+1","Auto Shields+1","Loop+1","Chill+1","hubris:PowerSurge+1","MostiFishMod:Hijack+1","ReplaySort+1","MostiFishMod:PushDownKick+1","Hello World+1","MostiFishMod:ForestofLight+1","White Noise+1","hubris:Ukulele+1","MostiFishMod:GatherIntelligence+1","Go for the Eyes+1","Blizzard+1","Time Bomb+1","Chaos+1","Cold Snap","Storm+1","Barrage+1","ReplaySort+1","White Noise+1","Double Energy+1","conspire:Rain+1","MostiFishMod:GoodWordForIt+1","Gash","MostiFishMod:IceShield+1","Double Energy+1","Crystallizer+1","Ball Lightning+1","Buffer+1","FIFO Queue+1","FIFO Queue+1","MostiFishMod:ActiveDefenseSystem+1","Rip and Tear+1","Gensokyo:LittleGreenMen+1","Gensokyo:MenInBlack+1","Gensokyo:Shovel","Gensokyo:ScrapIron","Gensokyo:DepletedGenerator","MostiFishMod:StarOceanB+1","ReplaySolidLightProjector+1","Glacier+1","Fission+1","Ball Lightning+1","Barrage","MostiFishMod:IntelligentEquipment+1","Meteor Strike+1","ReplaySolidLightProjector+1","Stack+1","Static Discharge+1","hubris:Rewind+1","Fusion+1","infinitespire:DeathsTouch+1","MostiFishMod:DawningShadow+1","BootSequence+1","ReplayRNGCard+1","Biased Cognition","MostiFishMod:Tomorrow","Thunder Strike","StSpp:Saturation","Fission","MostiFishMod:IntelligentEquipment+1","All For One","Echo Form","Machine Learning","MostiFishMod:TalkingToTheRain","MostiFishMod:IceShield","Multi-Cast+1","MostiFishMod:GoodWordForIt","MostiFishMod:Prepare","Core Surge","Mirror Shield","Reboot","MostiFishMod:Hijack","MostiFishMod:ATRI","MostiFishMod:DeathFromBelow","Seek","hubris:SpecializedCircuitry","MostiFishMod:SeaWaves","Hyperbeam","MostiFishMod:StarOceanB","ReplayRNGCard","hubris:DoWhile","Meteor Strike","StSpp:MemoryLeak","Rainbow","MostiFishMod:ReadyAimFire","MostiFishMod:StrandedSiren","Creative AI","Electrodynamics","MostiFishMod:ActiveDefenseSystem","ReplayTheSpireMod:Omega Cannon","MostiFishMod:Exploitation","MostiFishMod:Nova","MostiFishMod:DawningShadow","hubris:Prefetch","ReplayTheSpireMod:Fabricate Wheel","StSpp:Converter","MostiFishMod:Overload","Amplify+1","MostiFishMod:Culaccino","MostiFishMod:InterfaceCompatibility","MostiFishMod:Distribution","StSpp:CopyPaste","Buffer","hubris:DuctTapeCard"],"relics":["FrozenCore","Hammer of Thor","Seething Fire","Anvil of the Gods","EVO:Axolotl","DaveBox","REME:ComplimentaryCards","SynthV:TestCard","Nloth\u0027s Gift","DemoMod:MonsterBlood","Matryoshka","Anchor","SynthV","Guide Book","ImprovedEquipment","ReplayFunnel","reliquary:ExpiredCoupon","conspire:TreasureMap","Toxic Egg 2","infinitespire:Bottled Soul","Vajra","infinitespire:Lucky Rock","infinitespire:CheckeredPen","Mirror","Geode","halation:Thesaurus","DemoMod:PinkGuonStone","Raider\u0027s Mask","Ancient Tea Set","Replay:Antivirus Software","Replay:PocketPolymizer","Runic Dome","FrostBlade","Cauldron","Replay:M_StaffOfTheSnake","Prayer Wheel","DemoMod:Metronome","Unceasing Top","relicPack:SpireResearchBook","BrkXgEgg","infinitespire:WardingShard","Centennial Puzzle","HornCleat","Darkstone Periapt","reliquary:Buckler","MawBank","DemoMod:GlassGuonStoneRelic","FeatherPendant","Gremlin Food","conspire:IceCreamScoop","Frozen Eye","infinitespire:EvilPickle","Pen Nib","War Paint","reliquary:BrokenClock","CaptainsWheel","halation:Sosunser","construct:BoolHorns","hubris:DuctTape","StSpp:BoiledEgg","aspiration:BursterCore","Letter Opener","ChiXiaoBlade","paleoftheancients:Timepiece","paleoftheancients:KeyRelic","Spirit Poop","paleoftheancients:SoulOfTheSilent","StSpp:TwinEgg","DemoMod:ClearGuonStone","Toolbox","halation:SwordOfLegend","BargainBundle","infinitespire:Midas Blood","reliquary:JackalopeAntler","Sozu","hubris:HerbalPaste","relicPack:WeightedSword","sagemod:The_Guidebook_Guide","halation:Gekota","Gensokyo:PortableGap","Omamori","Blood Vial","DianPoetry","Regal Pillow","PatriotShield","conspire:GiftBox","Juzu Bracelet","Dodecahedron","conspire:Boomerang","Gremlin Horn","OrangePellets","Durian","DemoMod:OrangeGuonStone","hubris:SphereOfDissonance","reliquary:TuningFork","reliquary:Bookmark","halation:QuantumPhysicsTextbook","DemoMod:WhiteGuonStone","halation:IllGainedPizza","aspiration:Nostalgia","Koishi:ImaginaryFriend","Pet Ghost","aspiration:TomeofQuesting","Whetstone","ReplayTheSpireMod:Ninjato","Onion Ring","MostiFishMod:AdaptiveDefenses","Strange Spoon","StSpp:PetrifiedCaterpillar","halation:LettersToHer","Simple Rune","aspiration:StickyExplosives_weak","StSpp:WoodenStick","Counterbalance","reliquary:Stiletto","RollingBoulder","StSpp:CrystalBall"],"acts_visited":["Exordium","TheCity","TheBeyond","paleoftheancients:PaleOfTheAncients","Gensokyo:Gensokyo","TheCity","TheBeyond"],"potions_floor_usage":[],"damage_taken":[{"damage":2.0,"enemies":"Cultist","floor":1.0,"turns":4.0},{"damage":0.0,"enemies":"conspire:RoseBush","floor":3.0,"turns":2.0},{"damage":0.0,"enemies":"2 Louse","floor":5.0,"turns":2.0},{"damage":0.0,"enemies":"Gremlin Nob","floor":6.0,"turns":1.0},{"damage":0.0,"enemies":"2 Fungi Beasts","floor":7.0,"turns":3.0},{"damage":0.0,"enemies":"Replay:BlueRogue","floor":8.0,"turns":1.0},{"damage":0.0,"enemies":"Exordium Wildlife","floor":10.0,"turns":2.0},{"damage":2.0,"enemies":"3 Louse","floor":11.0,"turns":3.0},{"damage":0.0,"enemies":"3 Sentries","floor":14.0,"turns":2.0},{"damage":0.0,"enemies":"Fading Forest","floor":16.0,"turns":3.0},{"damage":0.0,"enemies":"2 Thieves","floor":18.0,"turns":2.0},{"damage":0.0,"enemies":"Slavers","floor":23.0,"turns":3.0},{"damage":3.0,"enemies":"Nightmare","floor":25.0,"turns":5.0},{"damage":0.0,"enemies":"conspire:Head Lice","floor":27.0,"turns":2.0},{"damage":0.0,"enemies":"Shell Parasite","floor":29.0,"turns":2.0},{"damage":0.0,"enemies":"Snake Plant","floor":30.0,"turns":2.0},{"damage":0.0,"enemies":"Gremlin Leader","floor":31.0,"turns":4.0},{"damage":0.0,"enemies":"Pondfish","floor":33.0,"turns":3.0},{"damage":0.0,"enemies":"3 Darklings","floor":35.0,"turns":3.0},{"damage":0.0,"enemies":"Orb Walker","floor":38.0,"turns":2.0},{"damage":0.0,"enemies":"Mind Bloom Boss Battle","floor":41.0,"turns":1.0},{"damage":0.0,"enemies":"Jaw Worm Horde","floor":42.0,"turns":1.0},{"damage":0.0,"enemies":"Reptomancer","floor":44.0,"turns":1.0},{"damage":0.0,"enemies":"Writhing Mass","floor":46.0,"turns":1.0},{"damage":0.0,"enemies":"Transient","floor":47.0,"turns":1.0},{"damage":0.0,"enemies":"Time Eater","floor":50.0,"turns":3.0},{"damage":0.0,"enemies":"Time Eater","floor":52.0,"turns":1.0},{"damage":0.0,"enemies":"Time Eater","floor":53.0,"turns":1.0},{"damage":0.0,"enemies":"Time Eater","floor":57.0,"turns":1.0},{"damage":0.0,"enemies":"paleoftheancients:N","floor":61.0,"turns":3.0},{"damage":0.0,"enemies":"Gensokyo:2_Kodama","floor":63.0,"turns":1.0},{"damage":0.0,"enemies":"Gensokyo:Gryphon","floor":64.0,"turns":1.0},{"damage":0.0,"enemies":"Gensokyo:3_Fairies","floor":66.0,"turns":3.0},{"damage":0.0,"enemies":"Gensokyo:LivingMonolith","floor":67.0,"turns":2.0},{"damage":0.0,"enemies":"Gensokyo:Mamizou","floor":69.0,"turns":1.0},{"damage":0.0,"enemies":"Nightmare","floor":72.0,"turns":1.0},{"damage":0.0,"enemies":"Gensokyo:Mamizou","floor":76.0,"turns":1.0},{"damage":0.0,"enemies":"Gensokyo:Yukari","floor":78.0,"turns":1.0},{"damage":0.0,"enemies":"Shell Parasite","floor":80.0,"turns":1.0},{"damage":0.0,"enemies":"Nightmare","floor":85.0,"turns":1.0},{"damage":0.0,"enemies":"Book of Stabbing","floor":89.0,"turns":1.0},{"damage":0.0,"enemies":"Gremlin Leader","floor":93.0,"turns":1.0},{"damage":0.0,"enemies":"Champ","floor":95.0,"turns":1.0},{"damage":0.0,"enemies":"Orb Walker","floor":97.0,"turns":1.0},{"damage":0.0,"enemies":"3 Shapes","floor":101.0,"turns":1.0},{"damage":0.0,"enemies":"Nightmare","floor":106.0,"turns":1.0},{"damage":0.0,"enemies":"Time Eater","floor":112.0,"turns":3.0}],"seed_played":"-7351048287350587347","potions_obtained":[{"floor":1.0,"key":"Ancient Potion"},{"floor":5.0,"key":"Reflective Coating"},{"floor":7.0,"key":"blueLaboratory:StoneskinPotion"},{"floor":19.0,"key":"blueLaboratory:CreativityPotion"}],"is_trial":false,"path_per_floor":["M","$","M","$","M","E","M","E","T","M","M","R","$","E","R","B",null,"M","AVR","?","?","?","E","$","NM","T","E","?","M","M","E","R","B",null,"M","?","$","M","$","R","?","M","T","E","T","M","M","AVR","R","B",null,"M","M","?","$","R","M","R","$","?","B",null,"M","M","COS","M","M","R","E","?","T","NM","?","?","E","R","B",null,"M","?","$","$","NM","$","T","E","?","R","?","E","R","B",null,"M","$","?","?","MIM","NM","$","?","?","R","B",null],"character_chosen":"DEFECT","items_purchased":["DemoMod:MonsterBlood","Matryoshka","Anchor","SynthV","Guide Book","ImprovedEquipment","Self Repair","Ball Lightning","ReplayFunnel","reliquary:ExpiredCoupon","conspire:TreasureMap","Toxic Egg 2","infinitespire:Bottled Soul","Mirror","Geode","halation:Thesaurus","Raider\u0027s Mask","Ancient Tea Set","Replay:Antivirus Software","BasicCrystalCard+1","Crystallizer","Unceasing Top","relicPack:SpireResearchBook","BrkXgEgg","aspiration:Polymerization+1","Doom and Gloom","Gremlin Food","conspire:IceCreamScoop","Frozen Eye","Hello World","MostiFishMod:ForestofLight+1","Pen Nib","War Paint","reliquary:BrokenClock","CaptainsWheel","halation:Sosunser","StSpp:TwinEgg","DemoMod:ClearGuonStone","Toolbox","halation:SwordOfLegend","BargainBundle","conspire:Rain+1","MostiFishMod:GoodWordForIt+1","infinitespire:Midas Blood","reliquary:JackalopeAntler","Crystallizer","Ball Lightning","conspire:GiftBox","Juzu Bracelet","Dodecahedron","conspire:Boomerang","Gremlin Horn","OrangePellets","Meteor Strike+1","ReplaySolidLightProjector+1","Stack+1","Durian","DemoMod:OrangeGuonStone","hubris:SphereOfDissonance","reliquary:TuningFork","reliquary:Bookmark","Static Discharge","DemoMod:WhiteGuonStone","halation:IllGainedPizza","aspiration:Nostalgia","Pet Ghost","ReplayTheSpireMod:Ninjato","Onion Ring","MostiFishMod:AdaptiveDefenses","Strange Spoon","StSpp:PetrifiedCaterpillar","halation:LettersToHer","StSpp:WoodenStick","Counterbalance","reliquary:Stiletto"],"campfire_rested":1,"item_purchase_floors":[2,2,2,2,2,2,2,4,4,4,4,4,4,13,13,13,13,13,13,13,13,24,24,24,24,24,37,37,37,37,37,39,39,39,39,39,55,55,55,55,55,55,55,59,59,59,59,82,82,82,82,82,82,82,82,82,84,84,84,84,84,84,86,86,86,86,98,98,98,98,98,98,108,108,108],"current_hp_per_floor":[73,80,80,80,80,80,82,82,82,82,82,82,89,89,89,89,89,89,89,89,89,89,89,89,89,89,89,89,89,89,89,89,89,89,89,89,89,89,89,89,89,89,89,89,89,89,89,89,89,89,89,89,89,89,89,88,89,89,89,89,89,89,89,89,89,89,89,89,89,81,78,78,78,75,75,75,75,75,75,75,72,74,74,71,71,71,71,71,71,71,71,71,71,71,71,68,68,65,62,59,59,59,59,59,59,59],"gold":107341,"neow_bonus":"ONE_RANDOM_RARE_CARD","is_daily":false,"chose_seed":false,"campfire_upgraded":10,"win_rate":0.0,"timestamp":1612045751,"path_taken":["M","$","M","$","M","E","M","E","T","M","M","R","$","E","R","BOSS","M","AVR","?","?","?","E","$","NM","T","E","?","M","M","E","R","BOSS","M","?","$","M","$","R","?","M","T","E","?","M","?","AVR","R","BOSS","M","M","?","$","R","M","R","$","?","BOSS","M","?","COS","M","M","R","E","?","T","NM","?","?","E","R","BOSS","M","?","$","$","NM","?","T","E","?","R","?","E","R","BOSS","M","$","?","?","?","NM","$","?","?","R","BOSS"],"items_purchased_type":["Relic","Relic","Relic","Relic","Relic","Relic","Card","Card","Relic","Relic","Relic","Relic","Relic","Relic","Relic","Relic","Relic","Relic","Relic","Card","Card","Relic","Relic","Relic","Card","Card","Relic","Relic","Relic","Card","Card","Relic","Relic","Relic","Relic","Relic","Relic","Relic","Relic","Relic","Relic","Card","Card","Relic","Relic","Card","Card","Relic","Relic","Relic","Relic","Relic","Relic","Card","Card","Card","Relic","Relic","Relic","Relic","Relic","Card","Relic","Relic","Relic","Relic","Relic","Relic","Relic","Relic","Relic","Relic","Relic","Relic","Relic"],"build_version":"2020-12-22","purchased_purges":0,"victory":false,"max_hp_per_floor":[75,82,82,82,82,82,82,82,82,82,82,82,89,89,89,89,89,89,89,89,89,89,89,89,89,89,89,89,89,89,89,89,89,89,89,89,89,89,89,89,89,89,89,89,89,89,89,89,89,89,89,89,89,89,89,89,89,89,89,89,89,89,89,89,89,89,89,89,89,81,78,78,78,75,75,75,75,75,75,75,72,74,74,71,71,71,71,71,71,71,71,71,71,71,71,68,68,65,62,59,59,59,59,59,59,59],"card_choices":[{"not_picked":["Reinforced Body","Conserve Battery"],"picked":"Genetic Algorithm","floor":1.0},{"not_picked":["Stack","Panic Button","Steam","ReplayTheSpireMod:Calculation Training"],"picked":"White Noise","floor":3.0},{"not_picked":["ReplayTheSpireMod:Dual Polarity+1","Panic Button+1","Compile Driver","Glacier+1"],"picked":"MostiFishMod:ReadyAimFire+1","floor":5.0},{"not_picked":["Reprogram+1","Stack+1","Static Discharge","Recycle+1"],"picked":"Hello World","floor":6.0},{"not_picked":["ReplaySort+1","Panic Button+1","Rebound","Leap+1"],"picked":"aspiration:Polymerization+1","floor":7.0},{"not_picked":["Hologram+1","Turbo+1","MostiFishMod:ATRI+1","Steam+1"],"picked":"Electrodynamics","floor":8.0},{"not_picked":["Sweeping Beam","Barrage","Steam+1","Doom and Gloom"],"picked":"Mirror Shield+1","floor":10.0},{"not_picked":["Coolheaded+1","Double Energy+1","hubris:PowerSurge","Melter"],"picked":"MostiFishMod:GatherIntelligence+1","floor":11.0},{"not_picked":["MostiFishMod:ReadyAimFire+1","Coolheaded+1","Redo+1","Ball Lightning"],"picked":"Rainbow+1","floor":14.0},{"not_picked":["StSpp:Converter","MostiFishMod:Tomorrow+1","MostiFishMod:InterfaceCompatibility","MostiFishMod:DawningShadow"],"picked":"ReplayTheSpireMod:Fabricate Wheel+1","floor":16.0},{"not_picked":["StSpp:TargetLocked+1","Force Field+1","ReplayTheSpireMod:GoodbyeWorld","DiskWipe+1"],"picked":"RefreshScreen","floor":18.0},{"not_picked":["Well Laid Plans","ReplayGash","Beam Cell","TalkToTheHand"],"picked":"MostiFishMod:DeathFromBelow","floor":23.0},{"not_picked":["MostiFishMod:StrandedSiren+1","Leap+1","Dagger Throw+1","Go for the Eyes"],"picked":"Fission+1","floor":25.0},{"not_picked":["hubris:Prefetch+1","Reboot+1","Well Laid Plans","ClearTheMind+1"],"picked":"Darkness+1","floor":27.0},{"not_picked":["Rebound+1","conspire:Rain+1","Go for the Eyes+1","Dagger Throw"],"picked":"Auto Shields+1","floor":29.0},{"not_picked":["Well Laid Plans","Vengeance+1","Scrape","Predator","StSpp:Fierceness"],"picked":"SKIP","floor":29.0},{"not_picked":["BootSequence+1","Crescendo+1","Streamline","Beam Cell+1"],"picked":"Chill+1","floor":30.0},{"not_picked":["Skim+1","Crescendo+1","Consume+1","Coolheaded+1"],"picked":"Loop","floor":30.0},{"not_picked":["Multi-Cast+1","ThirdEye+1","Crescendo+1","MostiFishMod:Overload+1"],"picked":"Chill+1","floor":31.0},{"not_picked":["MostiFishMod:ActiveDefenseSystem+1","hubris:Prefetch+1","ReplayTheSpireMod:Omega Cannon+1","Tools of the Trade+1"],"picked":"MostiFishMod:Hijack+1","floor":33.0},{"not_picked":["StSpp:Igniter","Reprogram+1","Steam Power+1","Rebound+1"],"picked":"ReplaySort+1","floor":35.0},{"not_picked":["Sunder","StSpp:Fierceness","Scrape","Crystallizer+1"],"picked":"MostiFishMod:PushDownKick","floor":35.0},{"not_picked":["Hologram+1","Redo+1","Gash+1","MostiFishMod:DawningShadow+1"],"picked":"White Noise+1","floor":38.0},{"not_picked":["MostiFishMod:ReprogramOld+1","Static Discharge+1","Redo+1","Leap+1"],"picked":"Double Energy+1","floor":38.0},{"not_picked":["Stack+1","Heatsinks","Scrape","MostiFishMod:Impulse+1"],"picked":"hubris:Ukulele+1","floor":41.0},{"not_picked":["ReplaySort+1","All For One+1","StSpp:Mask+1","Turbo+1"],"picked":"MostiFishMod:GatherIntelligence+1","floor":42.0},{"not_picked":["Streamline+1","FTL+1","Sweeping Beam","Compile Driver"],"picked":"Go for the Eyes","floor":42.0},{"not_picked":["Ball Lightning+1","Steam+1","Multi-Cast+1","MostiFishMod:Overload+1"],"picked":"Blizzard+1","floor":44.0},{"not_picked":["MostiFishMod:PushDownKick+1","Hello World","FTL+1","Cold Snap+1"],"picked":"Time Bomb+1","floor":46.0},{"not_picked":["Hologram+1","Compile Driver","Turbo+1","Rebound+1"],"picked":"Chaos+1","floor":46.0},{"not_picked":["Rebound+1","Conserve Battery+1","DiskWipe","MostiFishMod:PushDownKick"],"picked":"Cold Snap","floor":47.0},{"not_picked":["Leap+1","Stack+1","Barrage+1","Panic Button+1"],"picked":"Storm","floor":47.0},{"not_picked":["hubris:PowerSurge+1","ReplayTheSpireMod:System Scan+1","Conserve Battery+1","Leap+1"],"picked":"Barrage","floor":52.0},{"not_picked":["Cold Snap","ReplayTheSpireMod:Calculation Training+1","Go for the Eyes+1","Lockon"],"picked":"ReplaySort+1","floor":52.0},{"not_picked":["Barrage","BasicCrystalCard+1","Ball Lightning","Go for the Eyes+1"],"picked":"White Noise+1","floor":53.0},{"not_picked":["Compile Driver+1","Stack+1","MostiFishMod:InterfaceCompatibility+1","hubris:PowerSurge"],"picked":"Double Energy+1","floor":53.0},{"not_picked":["Gash","ReplayTheSpireMod:GoodbyeWorld","aspiration:Polymerization+1","Sunder"],"picked":"MostiFishMod:IceShield+1","floor":57.0},{"not_picked":["FIFO Queue","Recycle+1","ReplayTheSpireMod:Dual Polarity+1","BasicCrystalCard+1"],"picked":"Double Energy+1","floor":57.0},{"not_picked":["Amplify+1","MostiFishMod:ATRI+1","Electrodynamics+1","StSpp:Converter+1"],"picked":"Buffer+1","floor":61.0},{"not_picked":["MostiFishMod:LinkProtocol+1","Redo+1","MostiFishMod:DawningShadow+1","Rebound"],"picked":"FIFO Queue","floor":63.0},{"not_picked":["Rebound","ReplayTheSpireMod:Dual Polarity+1","Coolheaded+1","Go for the Eyes"],"picked":"FIFO Queue","floor":63.0},{"not_picked":["Cold Snap","Glacier+1","Steam+1","Steam Power+1"],"picked":"MostiFishMod:ActiveDefenseSystem+1","floor":64.0},{"not_picked":["conspire:Rain+1","Compile Driver","Redo+1","Turbo+1"],"picked":"Rip and Tear","floor":64.0},{"not_picked":["Leap+1","Beam Cell","Redo+1","Turbo+1","Hologram+1"],"picked":"SKIP","floor":66.0},{"not_picked":["Ball Lightning","Panic Button+1","Gash","Turbo+1","Compile Driver"],"picked":"SKIP","floor":66.0},{"not_picked":["Double Energy+1","Sweeping Beam","Rebound","StSpp:Mask","BasicCrystalCard+1"],"picked":"SKIP","floor":67.0},{"not_picked":["Coolheaded+1","Barrage","MostiFishMod:SeaWaves+1","Sweeping Beam","Ball Lightning"],"picked":"SKIP","floor":67.0},{"not_picked":["conspire:SharedLibrary","MostiFishMod:ActiveDefenseSystem+1","Auto Shields+1","MostiFishMod:FluxCapactior+1"],"picked":"MostiFishMod:StarOceanB+1","floor":69.0},{"not_picked":["Cold Snap","BasicCrystalCard+1","Reboot+1","Sunder"],"picked":"ReplaySolidLightProjector+1","floor":72.0},{"not_picked":["Panic Button+1","Cold Snap","conspire:Rain+1","Turbo+1"],"picked":"Glacier+1","floor":76.0},{"not_picked":["hubris:Prefetch+1","MostiFishMod:Hijack+1","MostiFishMod:Overload+1","MostiFishMod:GoodWordForIt+1"],"picked":"Fission+1","floor":78.0},{"not_picked":["Conserve Battery+1","Capacitor","StSpp:Saturation+1","Heatsinks"],"picked":"Ball Lightning","floor":80.0},{"not_picked":["Conserve Battery+1","Amplify+1","Ball Lightning","Go for the Eyes"],"picked":"Barrage","floor":80.0},{"not_picked":["Amplify+1","Multi-Cast+1"],"picked":"MostiFishMod:IntelligentEquipment","floor":82.0},{"not_picked":["infinitespire:FinalStrike","infinitespire:Gouge"],"picked":"hubris:Rewind","floor":85.0},{"not_picked":["Lockon","Reprogram+1","Compile Driver","Hello World"],"picked":"Fusion+1","floor":85.0},{"not_picked":["infinitespire:Fortify","infinitespire:UltimateForm"],"picked":"infinitespire:DeathsTouch","floor":85.0},{"not_picked":["Rip and Tear+1","Steam+1","conspire:Rain+1","Lockon","Streamline"],"picked":"SKIP","floor":89.0},{"not_picked":["MostiFishMod:InterfaceCompatibility+1","Rebound","ReplaySolidLightProjector+1","Chill+1","StSpp:MemoryLeak+1"],"picked":"SKIP","floor":93.0},{"not_picked":["Electrodynamics+1","MostiFishMod:InterfaceCompatibility+1","Echo Form+1","Reboot+1"],"picked":"MostiFishMod:DawningShadow+1","floor":95.0},{"not_picked":["Beam Cell","Sweeping Beam","Compile Driver+1","Hologram+1","StSpp:Fierceness"],"picked":"SKIP","floor":97.0},{"not_picked":["Lockon+1","Cold Snap+1","Coolheaded+1","Turbo+1","Multi-Cast+1"],"picked":"SKIP","floor":97.0},{"not_picked":["MostiFishMod:ReprogramOld+1","Go for the Eyes","Meteor Strike+1","Panic Button+1"],"picked":"BootSequence+1","floor":101.0},{"not_picked":["ReplaySort+1","Streamline+1","Rip and Tear+1","ReplayTheSpireMod:Omega Cannon+1"],"picked":"ReplayRNGCard+1","floor":106.0}],"player_experience":202781,"relics_obtained":[{"floor":1.0,"key":"SynthV:TestCard"},{"floor":6.0,"key":"conspire:DecoderRing"},{"floor":8.0,"key":"Vajra"},{"floor":9.0,"key":"infinitespire:Lucky Rock"},{"floor":9.0,"key":"infinitespire:CheckeredPen"},{"floor":14.0,"key":"Replay:PocketPolymizer"},{"floor":23.0,"key":"DemoMod:Metronome"},{"floor":25.0,"key":"infinitespire:WardingShard"},{"floor":26.0,"key":"Centennial Puzzle"},{"floor":26.0,"key":"HornCleat"},{"floor":27.0,"key":"Darkstone Periapt"},{"floor":31.0,"key":"MawBank"},{"floor":41.0,"key":"construct:BoolHorns"},{"floor":44.0,"key":"hubris:DuctTape"},{"floor":45.0,"key":"StSpp:BoiledEgg"},{"floor":52.0,"key":"paleoftheancients:SoulOfTheSilent"},{"floor":69.0,"key":"halation:Gekota"},{"floor":71.0,"key":"Omamori"},{"floor":72.0,"key":"Blood Vial"},{"floor":76.0,"key":"Regal Pillow"},{"floor":85.0,"key":"halation:QuantumPhysicsTextbook"},{"floor":88.0,"key":"aspiration:TomeofQuesting"},{"floor":89.0,"key":"Whetstone"},{"floor":99.0,"key":"Simple Rune"},{"floor":101.0,"key":"halation:LettersToHer"},{"floor":106.0,"key":"aspiration:StickyExplosives_weak"},{"floor":110.0,"key":"RollingBoulder"}],"event_choices":[{"damage_healed":0.0,"max_hp_gain":0.0,"max_hp_loss":0.0,"gold_gain":0.0,"event_name":"MindBloom","player_choice":"Fight","floor":41.0,"gold_loss":0.0,"damage_taken":0.0},{"damage_healed":0.0,"max_hp_gain":0.0,"max_hp_loss":0.0,"gold_gain":0.0,"event_name":"The Woman in Blue","player_choice":"Bought 0 Potions","floor":54.0,"gold_loss":0.0,"damage_taken":0.0},{"damage_healed":0.0,"max_hp_gain":0.0,"max_hp_loss":0.0,"gold_gain":0.0,"event_name":"Purifier","player_choice":"Ignored","floor":81.0,"gold_loss":0.0,"damage_taken":0.0},{"damage_healed":0.0,"max_hp_gain":0.0,"max_hp_loss":0.0,"gold_gain":0.0,"event_name":"Transmorgrifier","player_choice":"Ignored","floor":90.0,"gold_loss":0.0,"damage_taken":0.0},{"damage_healed":0.0,"max_hp_gain":0.0,"max_hp_loss":0.0,"gold_gain":99.0,"event_name":"betterThird:BetterNest","player_choice":"Steal","floor":92.0,"gold_loss":0.0,"damage_taken":0.0},{"damage_healed":0.0,"max_hp_gain":0.0,"max_hp_loss":0.0,"gold_gain":0.0,"event_name":"Wheel of Change","player_choice":"Relic","floor":99.0,"gold_loss":0.0,"damage_taken":0.0}],"is_beta":false,"boss_relics":[{"not_picked":["FixedStarFall","SacredBark"],"picked":"Runic Dome"},{"not_picked":["StSpp:Magatama","conspire:SlowCooker"],"picked":"FeatherPendant"},{"not_picked":["Calling Bell","NightmareShop"],"picked":"ChiXiaoBlade"},{"not_picked":["aspiration:PoetsPen_weak","MariMod:MariFestivalBadge"],"picked":"Sozu"},{"not_picked":["Coffee Dripper","hubris:ScarierMask"],"picked":"PatriotShield"},{"not_picked":["MoonlightInvasionPlan","halation:ForbiddenBikini"],"picked":"FrozenCore"},{"not_picked":["StSpp:Balance","halation:LoveArrow"],"picked":"StSpp:CrystalBall"}],"items_purged_floors":[],"is_endless":true,"potions_floor_spawned":[1,5,7,11,16,23,29,30,31,33,42,44,57,64,67,69,76,80,95,106],"ascension_level":2}}