{"host":"h1qktzcccqnez8tx","time":1612016333,"event":{"mods":["AchievementEnabler","BaseMod","Bestiary","Better Note","Block Reminder","Colored Map","Colored Powertips","Curses Come First","Downfall","Highlight Path","Infinite Spire","Minty Spire (QoL Compilation)","Permanent Neow","Quick Restart","Relic Stats","Replay The Spire","Say the Spire","StSLib","UnlockEverythingMod"],"gold_per_floor":[109,122,140,157,122,147,147,147,147,159,73,92,147,97,97,195,195,214,231,231,231,231,231,246,265,265,282,282,293,293,320,320,417,417,430,446,446,446,466,466,484,494,521,555,430,447,464,559,559,559],"floor_reached":51,"language":"ENG","playtime":3242,"items_purged":["Slimebound:Defend_Slimebound","Slimebound:Tackle"],"score":903,"play_id":"39122331-65df-4c0d-8fbc-f35b942b73ac","local_time":"20210130151853","is_ascension_mode":false,"campfire_choices":[{"floor":8,"key":"REST"},{"data":"Slimebound:SplitBruiser","floor":15,"key":"SMITH"},{"data":"Slimebound:Grow","floor":23,"key":"SMITH"},{"data":"Slimebound:Gluttony","floor":28,"key":"SMITH"},{"data":"Slimebound:GoopSpray","floor":32,"key":"SMITH"},{"data":"Slimebound:Darklings","floor":40,"key":"SMITH"},{"floor":49,"key":"REST"}],"circlet_count":0,"master_deck":["Slimebound:Strike_Slimebound+1","Slimebound:Strike_Slimebound+1","Slimebound:Defend_Slimebound","Slimebound:Defend_Slimebound","Slimebound:Defend_Slimebound","Slimebound:Split","Slimebound:CorrosiveSpit+1","Slimebound:PressTheAttack","Slimebound:ComboTackle","Slimebound:LeechingTouch","Slimebound:SamplingLick+1","Slimebound:GoopSpray+1","Slimebound:DisruptingSlam+1","Slimebound:ItLooksTasty","Slimebound:SplitBruiser+1","Slimebound:HauntingLick","Slimebound:LivingWall+1","Slimebound:Grow+1","hexamod:FirstSeal","Slimebound:Equalize+1","Slimebound:Gluttony+1","Slimebound:AcidTongue+1","Slimebound:SplitBruiser","Slimebound:SplitAcid+1","Slimebound:PressTheAttack+1","Slimebound:SplitLeeching+1","Slimebound:Darklings+1","Slimebound:SplitLeeching+1","Slimebound:Recycling","Slimebound:HauntingLick+1","Slimebound:SlimeSpikes+1","Slimebound:GoopSpray","Slimebound:Prepare+1","Slimebound:SamplingLick+1","Slimebound:ForwardTackle+1","Slimebound:Prepare+1","Slimebound:WasteNot"],"relics":["Slimebound:AbsorbEndCombat","Whetstone","Divine Protection","Unceasing Top","infinitespire:Golems Mask","Slimebound:StickyStick","Honey Jar","Quantum Egg","Guide Book","Philosopher\u0027s Stone","Pen Nib","sneckomod:SneckoTalon","Potion Belt","Boot"],"acts_visited":["Exordium","TheCity","TheBeyond"],"potions_floor_usage":[13,33,44,50,50,50,50,50],"damage_taken":[{"damage":1,"enemies":"Cultist","floor":1,"turns":4},{"damage":4,"enemies":"Jaw Worm","floor":2,"turns":3},{"damage":2,"enemies":"Small Slimes","floor":3,"turns":4},{"damage":30,"enemies":"Gremlin Gang","floor":4,"turns":7},{"damage":28,"enemies":"Gremlin Nob","floor":6,"turns":4},{"damage":0,"enemies":"Looter","floor":10,"turns":2},{"damage":0,"enemies":"Exordium Wildlife","floor":12,"turns":3},{"damage":10,"enemies":"Lagavulin Event","floor":13,"turns":3},{"damage":28,"enemies":"Fading Forest","floor":16,"turns":11},{"damage":0,"enemies":"Chosen","floor":18,"turns":3},{"damage":13,"enemies":"2 Thieves","floor":19,"turns":4},{"damage":7,"enemies":"Snake Plant","floor":24,"turns":4},{"damage":15,"enemies":"3 Cultists","floor":25,"turns":5},{"damage":0,"enemies":"Snecko","floor":27,"turns":4},{"damage":5,"enemies":"Shelled Parasite and Fungi","floor":29,"turns":4},{"damage":16,"enemies":"Book of Stabbing","floor":31,"turns":5},{"damage":3,"enemies":"Pondfish","floor":33,"turns":6},{"damage":29,"enemies":"3 Darklings","floor":35,"turns":4},{"damage":0,"enemies":"3 Shapes","floor":36,"turns":3},{"damage":5,"enemies":"3 Darklings","floor":39,"turns":3},{"damage":2,"enemies":"4 Shapes","floor":41,"turns":4},{"damage":4,"enemies":"Jaw Worm Horde","floor":42,"turns":3},{"damage":13,"enemies":"Reptomancer","floor":44,"turns":4},{"damage":7,"enemies":"Maw","floor":46,"turns":5},{"damage":10,"enemies":"Writhing Mass","floor":47,"turns":5},{"damage":53,"enemies":"Awakened One","floor":50,"turns":10}],"seed_played":"5991912626561313599","potions_obtained":[{"floor":2,"key":"AttackPotion"},{"floor":13,"key":"BlessingOfTheForge"},{"floor":16,"key":"Swift Potion"},{"floor":25,"key":"DuplicationPotion"},{"floor":27,"key":"champ:CounterPotion"},{"floor":29,"key":"AttackPotion"},{"floor":41,"key":"Energy Potion"},{"floor":44,"key":"PowerPotion"},{"floor":46,"key":"LiquidBronze"}],"is_trial":false,"path_per_floor":["M","M","M","M","?","E","?","R","T","M","?","M","?","$","R","B",null,"M","M","?","?","?","R","M","M","T","M","R","M","AVR","E","R","B",null,"M","M","?","?","M","R","M","M","T","E","$","M","M","?","R","B",null],"character_chosen":"SLIMEBOUND","items_purchased":["Slimebound:HauntingLick","Slimebound:GoopSpray"],"campfire_rested":2,"item_purchase_floors":[14,45],"current_hp_per_floor":[65,64,65,43,59,33,20,39,39,43,43,47,43,43,43,41,65,65,58,52,52,52,52,58,61,61,65,65,65,65,65,65,65,65,57,65,65,65,65,65,65,65,65,65,65,65,64,48,65,24],"gold":559,"neow_bonus":"RANDOM_COMMON_RELIC","is_daily":false,"chose_seed":false,"campfire_upgraded":5,"win_rate":0.0,"timestamp":1612016333,"path_taken":["M","M","M","M","?","E","?","R","T","M","?","?","?","?","R","BOSS","M","M","?","?","?","R","M","M","T","M","R","M","AVR","E","R","BOSS","M","M","?","?","M","R","M","M","T","E","?","M","M","?","R","BOSS"],"items_purchased_type":["Card","Card"],"build_version":"2020-12-22","purchased_purges":2,"victory":true,"max_hp_per_floor":[65,65,65,65,65,65,65,65,65,65,65,65,65,65,65,65,65,65,65,65,65,65,65,65,65,65,65,65,65,65,65,65,65,65,65,65,65,65,65,65,65,65,65,65,65,65,65,65,65,65],"relic_stats":{"counters":[26,116],"Pen Nib":[6],"Whetstone":["Slimebound:Strike_Slimebound","Slimebound:Strike_Slimebound"],"Boot":[0],"obtain_stats":[{"Potion Belt":43,"Divine Protection":6,"Quantum Egg":26,"Guide Book":30,"Pen Nib":31,"Whetstone":0,"sneckomod:SneckoTalon":34,"Boot":44,"Slimebound:StickyStick":13,"Honey Jar":17,"infinitespire:Golems Mask":11,"Philosopher\u0027s Stone":30,"Slimebound:AbsorbEndCombat":0,"Unceasing Top":9},{"Potion Belt":22,"Divine Protection":5,"Quantum Egg":13,"Guide Book":15,"Pen Nib":16,"Whetstone":0,"sneckomod:SneckoTalon":17,"Boot":23,"Slimebound:StickyStick":7,"Honey Jar":9,"infinitespire:Golems Mask":6,"Philosopher\u0027s Stone":15,"Slimebound:AbsorbEndCombat":0,"Unceasing Top":5},{"Potion Belt":92,"Divine Protection":22,"Quantum Egg":57,"Guide Book":65,"Pen Nib":70,"Whetstone":0,"sneckomod:SneckoTalon":76,"Boot":96,"Slimebound:StickyStick":27,"Honey Jar":41,"infinitespire:Golems Mask":24,"Philosopher\u0027s Stone":65,"Slimebound:AbsorbEndCombat":0,"Unceasing Top":22}],"Unceasing Top":[1]},"card_choices":[{"not_picked":["Slimebound:RollThrough","Slimebound:FlameTackle"],"picked":"Slimebound:PressTheAttack","floor":1},{"not_picked":["Slimebound:Schlurp","Slimebound:LeechEnergy"],"picked":"Slimebound:ComboTackle","floor":2},{"not_picked":["Slimebound:Replication","Slimebound:BestDefense"],"picked":"Slimebound:LeechingTouch","floor":3},{"not_picked":["Slimebound:LeechingTouch","Slimebound:LeechEnergy"],"picked":"Slimebound:SamplingLick","floor":4},{"not_picked":["Slimebound:MegaLick","Slimebound:Chomp"],"picked":"Slimebound:GoopSpray","floor":6},{"not_picked":["Slimebound:HungryTackle","Slimebound:SlimeBarrage"],"picked":"Slimebound:DisruptingSlam","floor":10},{"not_picked":["Slimebound:MassFeed","Slimebound:ViciousTackle"],"picked":"Slimebound:ItLooksTasty","floor":12},{"not_picked":["Slimebound:FinishingTackle","Slimebound:HauntingLick"],"picked":"Slimebound:SplitBruiser","floor":13},{"not_picked":["Slimebound:SplitMire","Slimebound:DisruptingSlam","Slimebound:ItLooksTasty"],"picked":"Slimebound:LivingWall+1","floor":18},{"not_picked":["Slimebound:Dissolve","Slimebound:GoopSpray","Slimebound:SpikyOuterGoop"],"picked":"Slimebound:Grow","floor":19},{"not_picked":["Slimebound:PressTheAttack+1","Slimebound:ItLooksTasty","Slimebound:GoopTackle"],"picked":"Slimebound:Equalize","floor":24},{"not_picked":["Slimebound:FinishingTackle","Slimebound:SlimeSlap","Slimebound:HauntingLick"],"picked":"Slimebound:Gluttony","floor":25},{"not_picked":["Slimebound:FinishingTackle","Slimebound:RollThrough","Slimebound:SamplingLick"],"picked":"Slimebound:AcidTongue+1","floor":27},{"not_picked":["Slimebound:BestDefense+1","Slimebound:GoopTackle","Slimebound:HauntingLick"],"picked":"Slimebound:SplitBruiser","floor":29},{"not_picked":["Slimebound:Gluttony+1","Slimebound:TongueLash","Slimebound:GoopTackle"],"picked":"Slimebound:SplitAcid+1","floor":31},{"not_picked":["Slimebound:MinionMaster","Slimebound:PrepareCrush","Slimebound:FirmFortitude"],"picked":"Slimebound:RallyTheTroops","floor":33},{"not_picked":["Slimebound:GrowthPunch","Slimebound:SplitBruiser","Slimebound:ItLooksTasty+1"],"picked":"Slimebound:PressTheAttack+1","floor":35},{"not_picked":["Slimebound:ServeAndProtect+1","Slimebound:ComboTackle+1","Slimebound:SplitBruiser"],"picked":"Slimebound:SplitLeeching+1","floor":36},{"not_picked":["Slimebound:FinishingTackle+1","Slimebound:Nibble","Slimebound:GoopTackle"],"picked":"Slimebound:SplitLeeching+1","floor":39},{"not_picked":["Slimebound:ComboTackle+1","Slimebound:Prepare","Slimebound:Nibble+1"],"picked":"Slimebound:Recycling","floor":41},{"not_picked":["Slimebound:LivingWall","Slimebound:SlimeBrawl+1","Slimebound:Nibble+1"],"picked":"Slimebound:HauntingLick+1","floor":42},{"not_picked":["Slimebound:Replication","Slimebound:Equalize","Slimebound:ProtectTheBoss"],"picked":"Slimebound:SlimeSpikes+1","floor":44},{"not_picked":["Slimebound:RollThrough+1","Slimebound:LeechingTouch","Slimebound:GoopTackle+1"],"picked":"Slimebound:Prepare+1","floor":46},{"not_picked":["Slimebound:Recollect","Slimebound:LeechingTouch+1","Slimebound:GrowthPunch+1"],"picked":"Slimebound:SamplingLick+1","floor":47},{"not_picked":["Slimebound:SplitBruiser+1","Slimebound:LivingWall","Slimebound:LeechingTouch+1"],"picked":"Slimebound:ForwardTackle+1","floor":48},{"not_picked":["Slimebound:LeechingTouch","Slimebound:SamplingLick","Slimebound:RollThrough+1"],"picked":"Slimebound:Prepare+1","floor":48},{"not_picked":["Slimebound:FinishingTackle+1","Slimebound:BestDefense+1","Slimebound:ComboTackle+1"],"picked":"Slimebound:WasteNot","floor":48}],"player_experience":276700,"relics_obtained":[{"floor":6,"key":"Divine Protection"},{"floor":9,"key":"Unceasing Top"},{"floor":26,"key":"Quantum Egg"},{"floor":31,"key":"Pen Nib"},{"floor":43,"key":"Potion Belt"},{"floor":44,"key":"Boot"}],"event_choices":[{"damage_healed":16,"gold_gain":0,"player_choice":"Healed","damage_taken":0,"max_hp_gain":0,"max_hp_loss":0,"event_name":"The Cleric","floor":5,"gold_loss":35},{"damage_healed":0,"gold_gain":0,"player_choice":"Entered Light","damage_taken":13,"max_hp_gain":0,"max_hp_loss":0,"event_name":"Shining Light","floor":7,"gold_loss":0,"cards_upgraded":["Slimebound:SamplingLick","Slimebound:CorrosiveSpit"]},{"damage_healed":0,"gold_gain":0,"player_choice":"Paid Gold","damage_taken":0,"relics_obtained":["infinitespire:Golems Mask"],"max_hp_gain":0,"max_hp_loss":0,"event_name":"WeMeetAgain","floor":11,"gold_loss":86},{"damage_healed":0,"gold_gain":30,"player_choice":"Searched \u00273\u0027 times","damage_taken":0,"relics_obtained":["Slimebound:StickyStick"],"max_hp_gain":0,"max_hp_loss":0,"event_name":"Dead Adventurer","floor":13,"gold_loss":0},{"damage_healed":0,"gold_gain":0,"player_choice":"","damage_taken":6,"max_hp_gain":0,"max_hp_loss":0,"event_name":"Knowing Skull","floor":20,"potions_obtained":[],"gold_loss":0,"cards_obtained":[]},{"cards_removed":["Slimebound:Strike_Slimebound"],"damage_healed":0,"gold_gain":0,"player_choice":"Purged","damage_taken":0,"max_hp_gain":0,"max_hp_loss":0,"event_name":"Purifier","floor":21,"gold_loss":0},{"cards_removed":["Slimebound:Grow"],"damage_healed":0,"gold_gain":0,"player_choice":"Take \u0026 Give","damage_taken":0,"max_hp_gain":0,"max_hp_loss":0,"event_name":"betterNote:BetterNote","floor":22,"gold_loss":0,"cards_obtained":["hexamod:FirstSeal"]},{"damage_healed":0,"gold_gain":0,"player_choice":"Ignored","damage_taken":0,"max_hp_gain":0,"max_hp_loss":0,"event_name":"Tomb of Lord Red Mask","floor":37,"gold_loss":0}],"is_beta":false,"boss_relics":[{"not_picked":["Painkiller Herb","Sozu"],"picked":"Honey Jar"},{"not_picked":["Velvet Choker","Abe\u0027s Treasure"],"picked":"sneckomod:SneckoTalon"}],"items_purged_floors":[30,45],"is_endless":false,"potions_floor_spawned":[2,13,16,25,27,29,41,44,46],"ascension_level":0}}