{"host":"sp1f3sybb350mzsh","time":1612002459,"event":{"mods":["AchievementEnabler","BaseMod","Bestiary","Colored Map","Colored Powertips","Filter the Spire","Minty Spire (QoL Compilation)","Puzzle Mod","Relic Stats","StSLib"],"gold_per_floor":[366,5,5,18,35,63,75,75,75,103,13,28,61,77,77,181,181,199,182,71,84,96,122,140,140,140,140,170,187,205,236,236,236,236],"floor_reached":33,"language":"ENG","playtime":1731,"items_purged":["Clumsy","Strike_B","Strike_B"],"score":406,"play_id":"c915652b-49e0-4ff7-b106-3d5c9b5f535e","local_time":"20210130042739","is_ascension_mode":false,"campfire_choices":[{"data":"Lockon","floor":8,"key":"SMITH"},{"data":"Defragment","floor":15,"key":"SMITH"},{"data":"Defragment","floor":27,"key":"SMITH"},{"data":"Blizzard","floor":32,"key":"SMITH"}],"circlet_count":0,"master_deck":["Strike_B","Defend_B","Defend_B","Defend_B","Defend_B","Zap","Dualcast","Cold Snap","Defragment+1","Beam Cell","Iron Wave","Compile Driver","Lockon+1","Hologram","Leap","Coolheaded","Consume","Glacier","Defragment+1","Rainbow","Heatsinks","Go for the Eyes+1","Gash","Stack","Seek","Redo+1","Loop","Blizzard+1"],"relics":["Cracked Core","Membership Card","Orichalcum","Letter Opener","FossilizedHelix","Pocketwatch","Dream Catcher","Velvet Choker","Bag of Preparation","Vajra","Centennial Puzzle","Dead Branch"],"acts_visited":["Exordium","TheCity"],"potions_floor_usage":[13,16,31,31,33],"damage_taken":[{"damage":6,"enemies":"Jaw Worm","floor":1,"turns":4},{"damage":0,"enemies":"Cultist","floor":4,"turns":3},{"damage":3,"enemies":"Small Slimes","floor":5,"turns":3},{"damage":7,"enemies":"Gremlin Nob","floor":6,"turns":4},{"damage":8,"enemies":"2 Fungi Beasts","floor":7,"turns":4},{"damage":9,"enemies":"3 Sentries","floor":10,"turns":9},{"damage":18,"enemies":"Gremlin Gang","floor":12,"turns":6},{"damage":5,"enemies":"Gremlin Nob","floor":13,"turns":4},{"damage":5,"enemies":"3 Louse","floor":14,"turns":5},{"damage":0,"enemies":"Slime Boss","floor":16,"turns":9},{"damage":0,"enemies":"Shell Parasite","floor":18,"turns":5},{"damage":0,"enemies":"2 Thieves","floor":19,"turns":4},{"damage":9,"enemies":"Snake Plant","floor":21,"turns":5},{"damage":0,"enemies":"Snecko","floor":22,"turns":6},{"damage":0,"enemies":"Book of Stabbing","floor":23,"turns":5},{"damage":1,"enemies":"Cultist and Chosen","floor":24,"turns":8},{"damage":24,"enemies":"Gremlin Leader","floor":28,"turns":8},{"damage":0,"enemies":"Centurion and Healer","floor":29,"turns":7},{"damage":0,"enemies":"Snecko","floor":30,"turns":4},{"damage":3,"enemies":"Slavers","floor":31,"turns":6},{"damage":46,"enemies":"Automaton","floor":33,"turns":6}],"seed_played":"3111327916097168798","potions_obtained":[{"floor":5,"key":"Ancient Potion"},{"floor":12,"key":"Fire Potion"},{"floor":13,"key":"DuplicationPotion"},{"floor":14,"key":"Weak Potion"},{"floor":16,"key":"LiquidMemories"},{"floor":21,"key":"SmokeBomb"},{"floor":31,"key":"ColorlessPotion"}],"is_trial":false,"path_per_floor":["M","$","?","M","M","E","M","R","T","E","$","M","E","M","R","B",null,"M","M","$","M","M","E","M","?","T","R","E","M","M","E","R","B"],"character_chosen":"DEFECT","items_purchased":["Defragment","Membership Card","Orichalcum","Beam Cell","Consume","Gash","Stack"],"campfire_rested":0,"item_purchase_floors":[2,2,2,2,11,20,20],"current_hp_per_floor":[69,69,69,69,66,59,51,51,51,42,42,24,19,14,14,14,75,75,75,75,66,66,66,65,65,65,65,41,41,41,38,38,0,0],"gold":236,"neow_bonus":"TWO_FIFTY_GOLD","is_daily":false,"chose_seed":false,"campfire_upgraded":4,"win_rate":0.0,"timestamp":1612002459,"path_taken":["M","$","?","M","M","E","M","R","T","E","?","M","E","M","R","BOSS","M","?","$","M","M","E","M","?","T","R","E","M","M","E","R","BOSS"],"items_purchased_type":["Card","Relic","Relic","Card","Card","Card","Card"],"build_version":"2020-12-22","purchased_purges":3,"victory":false,"max_hp_per_floor":[75,75,75,75,75,75,75,75,75,75,75,75,75,75,75,75,75,75,75,75,75,75,75,75,75,75,75,75,75,75,75,75,75,75],"relic_stats":{"Dream Catcher":0,"Centennial Puzzle":[3],"counters":[21,115],"Dead Branch":[3],"Bag of Preparation":[12],"Letter Opener":[133],"Orichalcum":[120],"obtain_stats":[{"Dream Catcher":13,"Centennial Puzzle":28,"Dead Branch":31,"Velvet Choker":17,"Vajra":26,"Bag of Preparation":23,"Membership Card":2,"Letter Opener":6,"Orichalcum":2,"Cracked Core":0,"FossilizedHelix":9,"Pocketwatch":10},{"Dream Catcher":8,"Centennial Puzzle":17,"Dead Branch":20,"Velvet Choker":10,"Vajra":16,"Bag of Preparation":15,"Membership Card":1,"Letter Opener":4,"Orichalcum":1,"Cracked Core":0,"FossilizedHelix":5,"Pocketwatch":6},{"Dream Catcher":37,"Centennial Puzzle":92,"Dead Branch":109,"Velvet Choker":51,"Vajra":84,"Bag of Preparation":76,"Membership Card":4,"Letter Opener":14,"Orichalcum":4,"Cracked Core":0,"FossilizedHelix":18,"Pocketwatch":27}],"Pocketwatch":[84]},"card_choices":[{"not_picked":["Turbo","Beam Cell"],"picked":"Cold Snap","floor":1},{"not_picked":["Hello World","Conserve Battery"],"picked":"Compile Driver","floor":4},{"not_picked":["Rebound","Gash"],"picked":"Lockon","floor":5},{"not_picked":["Coolheaded","Hello World"],"picked":"Hologram","floor":6},{"not_picked":["Rebound","Compile Driver"],"picked":"Leap","floor":7},{"not_picked":["Multi-Cast","Barrage"],"picked":"Coolheaded","floor":10},{"not_picked":["BootSequence","Reinforced Body"],"picked":"Glacier","floor":12},{"not_picked":["Conserve Battery","Reinforced Body","Leap"],"picked":"SKIP","floor":13},{"not_picked":["Ball Lightning","Steam Power"],"picked":"Defragment","floor":14},{"not_picked":["Amplify","Reboot"],"picked":"Rainbow","floor":16},{"not_picked":["Gash","Conserve Battery"],"picked":"Heatsinks","floor":18},{"not_picked":["Cold Snap","Gash"],"picked":"Go for the Eyes+1","floor":19},{"not_picked":["Redo","Genetic Algorithm+1","Go for the Eyes"],"picked":"SKIP","floor":21},{"not_picked":["Coolheaded","Stack"],"picked":"Seek","floor":22},{"not_picked":["Auto Shields","Fusion","Turbo"],"picked":"SKIP","floor":23},{"not_picked":["Go for the Eyes","Turbo+1","Hologram"],"picked":"SKIP","floor":24},{"not_picked":["Redo","Coolheaded","Compile Driver"],"picked":"SKIP","floor":28},{"not_picked":["Hologram+1","FTL"],"picked":"Redo+1","floor":29},{"not_picked":["Doom and Gloom","Scrape"],"picked":"Loop","floor":30},{"not_picked":["Streamline+1","Force Field"],"picked":"Blizzard","floor":31}],"player_experience":148677,"relics_obtained":[{"floor":6,"key":"Letter Opener"},{"floor":9,"key":"FossilizedHelix"},{"floor":10,"key":"Pocketwatch"},{"floor":13,"key":"Dream Catcher"},{"floor":23,"key":"Bag of Preparation"},{"floor":26,"key":"Vajra"},{"floor":28,"key":"Centennial Puzzle"},{"floor":31,"key":"Dead Branch"}],"event_choices":[{"cards_removed":["Strike_B"],"damage_healed":0,"gold_gain":0,"player_choice":"Took Card","damage_taken":0,"max_hp_gain":0,"max_hp_loss":0,"event_name":"NoteForYourself","floor":3,"gold_loss":0,"cards_obtained":["Iron Wave"]},{"damage_healed":0,"gold_gain":0,"player_choice":"Ignored","damage_taken":0,"max_hp_gain":0,"max_hp_loss":0,"event_name":"Ghosts","floor":25,"gold_loss":0}],"is_beta":false,"boss_relics":[{"not_picked":["Calling Bell","Runic Pyramid"],"picked":"Velvet Choker"}],"items_purged_floors":[2,11,20],"is_endless":false,"potions_floor_spawned":[5,12,13,14,16,21,22,23,28,30,31],"killed_by":"Automaton","ascension_level":0}}