{"host":"04hh9gplt9wkfmr1","time":1612023646,"event":{"mods":["AchievementEnabler","BaseMod","Colored Map","KOR Keyword Fix","Minty Spire (QoL Compilation)","Rare Cards Sparkle","SuperFastMode"],"gold_per_floor":[118,118,138,138,151,179,179,207,285,285,312,343,356,232,232,337,337,349,178,191,191,205,205,231,251,275,324,344,344,378,378,378,475,475,490,501,501,514,534,534,563,563,587,587,587,181,181,194,194,194],"floor_reached":51,"language":"KOR","playtime":1584,"items_purged":["Strike_R","Strike_R","Parasite"],"score":930,"play_id":"e4f95e3f-ebb4-4018-9633-6d3589d7cdb6","local_time":"20210131012046","is_ascension_mode":true,"campfire_choices":[{"data":"Body Slam","floor":7.0,"key":"SMITH"},{"data":"Barricade","floor":10.0,"key":"SMITH"},{"data":"Armaments","floor":15.0,"key":"SMITH"},{"data":"Juggernaut","floor":23.0,"key":"SMITH"},{"data":"Juggernaut","floor":29.0,"key":"SMITH"},{"floor":32.0,"key":"REST"},{"data":"Impervious","floor":40.0,"key":"SMITH"},{"data":"Body Slam","floor":42.0,"key":"SMITH"},{"floor":49,"key":"REST"}],"circlet_count":0,"master_deck":["Defend_R","Defend_R+1","Defend_R+1","Defend_R","Bash","Metallicize","Metallicize","Feel No Pain","Body Slam+1","Barricade+1","Flame Barrier","Armaments+1","Juggernaut+1","Dark Embrace","Sentinel","Body Slam","Juggernaut+1","Ghostly Armor","Impervious+1","Forethought","Madness","Panacea","Body Slam+1","Madness","Madness","Shrug It Off","PanicButton","Battle Trance+1"],"relics":["Burning Blood","Incense Burner","Bag of Marbles","White Beast Statue","Vajra","Gremlin Horn","Empty Cage","Oddly Smooth Stone","Red Skull","Lantern","Happy Flower","Cursed Key","Juzu Bracelet","Blood Vial","Bag of Preparation"],"acts_visited":["Exordium","TheCity","TheBeyond"],"potions_floor_usage":[50,50],"damage_taken":[{"damage":0.0,"enemies":"Small Slimes","floor":1.0,"turns":4.0},{"damage":6.0,"enemies":"2 Louse","floor":3.0,"turns":3.0},{"damage":10.0,"enemies":"Jaw Worm","floor":5.0,"turns":5.0},{"damage":19.0,"enemies":"3 Sentries","floor":6.0,"turns":12.0},{"damage":22.0,"enemies":"Gremlin Nob","floor":8.0,"turns":5.0},{"damage":0.0,"enemies":"Lagavulin","floor":12.0,"turns":7.0},{"damage":5.0,"enemies":"Blue Slaver","floor":13.0,"turns":6.0},{"damage":25.0,"enemies":"The Guardian","floor":16.0,"turns":10.0},{"damage":9.0,"enemies":"Shell Parasite","floor":18.0,"turns":5.0},{"damage":8.0,"enemies":"2 Thieves","floor":20.0,"turns":3.0},{"damage":62.0,"enemies":"3 Cultists","floor":22.0,"turns":7.0},{"damage":21.0,"enemies":"Book of Stabbing","floor":24.0,"turns":6.0},{"damage":22.0,"enemies":"Snake Plant","floor":25.0,"turns":6.0},{"damage":3.0,"enemies":"Snecko","floor":28.0,"turns":5.0},{"damage":66.0,"enemies":"Slavers","floor":30.0,"turns":10.0},{"damage":13.0,"enemies":"Automaton","floor":33.0,"turns":9.0},{"damage":43.0,"enemies":"3 Darklings","floor":35.0,"turns":6.0},{"damage":9.0,"enemies":"Orb Walker","floor":36.0,"turns":4.0},{"damage":0.0,"enemies":"Jaw Worm Horde","floor":38.0,"turns":5.0},{"damage":9.0,"enemies":"4 Shapes","floor":39.0,"turns":6.0},{"damage":24.0,"enemies":"Giant Head","floor":41.0,"turns":10.0},{"damage":19,"enemies":"Sphere and 2 Shapes","floor":48,"turns":4},{"damage":48,"enemies":"Awakened One","floor":50,"turns":8}],"seed_played":"2585948695854063601","potions_obtained":[{"floor":5.0,"key":"PowerPotion"},{"floor":8.0,"key":"Explosive Potion"},{"floor":12.0,"key":"DistilledChaos"},{"floor":13.0,"key":"CultistPotion"},{"floor":16.0,"key":"FairyPotion"},{"floor":18.0,"key":"LiquidBronze"},{"floor":20.0,"key":"CultistPotion"},{"floor":22.0,"key":"Block Potion"},{"floor":24.0,"key":"BloodPotion"},{"floor":25.0,"key":"Energy Potion"},{"floor":28.0,"key":"Weak Potion"},{"floor":30.0,"key":"PowerPotion"},{"floor":33.0,"key":"Regen Potion"},{"floor":35.0,"key":"HeartOfIron"},{"floor":36.0,"key":"PowerPotion"},{"floor":38.0,"key":"AttackPotion"},{"floor":39.0,"key":"Fire Potion"},{"floor":41.0,"key":"SneckoOil"}],"is_trial":false,"path_per_floor":["M","?","M","?","M","E","R","E","T","R","T","E","M","$","R","B",null,"M","$","M","?","M","R","E","M","T","T","M","R","E","$","R","B",null,"M","M","?","M","M","R","E","R","T","?","?","$","?","M","R","B",null],"character_chosen":"IRONCLAD","items_purchased":["Armaments","Dark Embrace","Shrug It Off","Bag of Preparation","PanicButton"],"campfire_rested":2,"item_purchase_floors":[14,19,46,46,46],"current_hp_per_floor":[88,70,70,75,71,58,58,42,42,42,42,48,54,54,54,42,93,90,90,91,91,46,46,31,33,33,33,36,36,33,33,60,53,93,66,63,53,69,86,86,76,76,76,64,64,64,64,53,80,40],"gold":194,"neow_bonus":"TEN_PERCENT_HP_BONUS","is_daily":false,"chose_seed":false,"campfire_upgraded":7,"win_rate":0.0,"timestamp":1612023646,"path_taken":["M","?","M","?","M","E","R","E","T","R","?","E","M","$","R","BOSS","M","$","M","?","M","R","E","?","T","?","M","R","E","$","R","BOSS","M","M","?","M","M","R","E","R","T","?","?","$","?","M","R","BOSS"],"items_purchased_type":["Card","Card","Card","Relic","Card"],"build_version":"2020-12-22","purchased_purges":3,"victory":true,"max_hp_per_floor":[88,88,88,93,93,93,93,93,93,93,93,93,93,93,93,93,93,93,93,93,93,93,93,93,93,93,93,93,93,93,93,93,93,93,93,93,93,93,93,93,93,93,93,93,93,90,90,90,90,90],"card_choices":[{"not_picked":["Pommel Strike","Thunderclap"],"picked":"Metallicize","floor":1.0},{"not_picked":["Thunderclap","Havoc"],"picked":"Metallicize","floor":3.0},{"not_picked":["Iron Wave","True Grit"],"picked":"Feel No Pain","floor":5.0},{"not_picked":["Headbutt","Infernal Blade"],"picked":"Body Slam","floor":6.0},{"not_picked":["Clash","Flex"],"picked":"Barricade","floor":8.0},{"not_picked":["Flex","Thunderclap"],"picked":"Reaper","floor":12.0},{"not_picked":["Fire Breathing","Iron Wave"],"picked":"Flame Barrier","floor":13.0},{"not_picked":["Feed","Corruption"],"picked":"Juggernaut","floor":16.0},{"not_picked":["Havoc","Perfected Strike","Warcry"],"picked":"SKIP","floor":18.0},{"not_picked":["Flex","Power Through","Pommel Strike"],"picked":"SKIP","floor":20.0},{"not_picked":["Flex","Power Through","Pommel Strike"],"picked":"SKIP","floor":20.0},{"not_picked":["Perfected Strike+1","Flex"],"picked":"Sentinel","floor":22.0},{"not_picked":["Spot Weakness","Sword Boomerang+1"],"picked":"Body Slam","floor":24.0},{"not_picked":["Havoc+1","Dark Embrace","Cleave"],"picked":"SKIP","floor":25.0},{"not_picked":["Warcry","Uppercut"],"picked":"Juggernaut","floor":28.0},{"not_picked":["Bloodletting","Fire Breathing"],"picked":"Ghostly Armor","floor":30.0},{"not_picked":["Berserk","Reaper"],"picked":"Impervious","floor":33.0},{"not_picked":["Rampage+1","Carnage+1","Twin Strike+1"],"picked":"SKIP","floor":35.0},{"not_picked":["Anger","Cleave+1","Iron Wave+1"],"picked":"SKIP","floor":36.0},{"not_picked":["Panache","Mind Blast"],"picked":"Forethought","floor":37.0},{"not_picked":["Chrysalis","Finesse"],"picked":"Madness","floor":37.0},{"not_picked":["Dark Shackles","Finesse"],"picked":"Panacea","floor":37.0},{"not_picked":["Cleave","Clash","Sever Soul+1"],"picked":"SKIP","floor":38.0},{"not_picked":["Dark Embrace","Headbutt","True Grit"],"picked":"SKIP","floor":39.0},{"not_picked":["Corruption","Iron Wave+1"],"picked":"Body Slam","floor":41.0},{"not_picked":["Pommel Strike","Body Slam"],"picked":"Battle Trance+1","floor":48}],"player_experience":106818,"relics_obtained":[{"floor":6.0,"key":"Incense Burner"},{"floor":8.0,"key":"Bag of Marbles"},{"floor":9.0,"key":"White Beast Statue"},{"floor":11.0,"key":"Vajra"},{"floor":12.0,"key":"Gremlin Horn"},{"floor":24.0,"key":"Oddly Smooth Stone"},{"floor":26.0,"key":"Red Skull"},{"floor":27.0,"key":"Lantern"},{"floor":30.0,"key":"Happy Flower"},{"floor":41.0,"key":"Juzu Bracelet"},{"floor":43.0,"key":"Blood Vial"}],"event_choices":[{"damage_healed":0.0,"max_hp_gain":0.0,"max_hp_loss":0.0,"gold_gain":0.0,"event_name":"Shining Light","player_choice":"Entered Light","floor":2.0,"gold_loss":0.0,"damage_taken":18.0,"cards_upgraded":["Defend_R","Defend_R"]},{"damage_healed":0.0,"max_hp_gain":5.0,"max_hp_loss":0.0,"gold_gain":0.0,"event_name":"Big Fish","player_choice":"Donut","floor":4.0,"gold_loss":0.0,"damage_taken":0.0},{"cards_removed":["Strike_R"],"damage_healed":0.0,"max_hp_gain":0.0,"max_hp_loss":0.0,"gold_gain":0.0,"event_name":"Wheel of Change","player_choice":"Card Removal","floor":21.0,"gold_loss":0.0,"damage_taken":0.0},{"damage_healed":0.0,"max_hp_gain":0.0,"max_hp_loss":0.0,"gold_gain":0.0,"event_name":"SensoryStone","player_choice":"Memory 3","floor":37.0,"gold_loss":0.0,"damage_taken":10.0},{"damage_healed":0,"gold_gain":0,"player_choice":"Embrace Madness","damage_taken":12,"max_hp_gain":0,"max_hp_loss":0,"event_name":"Winding Halls","floor":44,"gold_loss":0,"cards_obtained":["Madness","Madness"]},{"damage_healed":0,"gold_gain":0,"player_choice":"Ignored","damage_taken":0,"max_hp_gain":0,"max_hp_loss":0,"event_name":"SecretPortal","floor":45,"gold_loss":0},{"cards_removed":["Reaper"],"damage_healed":0,"gold_gain":0,"player_choice":"Removed Attack","damage_taken":0,"max_hp_gain":0,"max_hp_loss":0,"event_name":"Falling","floor":47,"gold_loss":0}],"is_beta":false,"boss_relics":[{"not_picked":["Pandora\u0027s Box","Tiny House"],"picked":"Empty Cage"},{"not_picked":["Velvet Choker","Philosopher\u0027s Stone"],"picked":"Cursed Key"}],"items_purged_floors":[14,19,46],"is_endless":false,"potions_floor_spawned":[5,8,12,13,16,18,20,22,24,25,28,30,33,35,36,38,39,41,48],"ascension_level":4}}