{"host":"aceejw9th3i5ney6","time":1612034207,"event":{"mods":["2.2 Compatiblity","A Penny For Your Troubles","Abigail Mod","AchievementEnabler","Act Like it!","Alarm Clock","AlwaysNeverKeys","Ascension Unlocker","Aspiration","BaseMod","Better Synergies","Better Third Choice","Better-Laid Plans","BetterRewards","Block Reminder","Card Forge","Chen","Colored Map","Colored Powertips","Conspire","Curses Come First","Defuse TimeMaze Blight","Downfall","Emptier Cage","Energized Spire","Evolution","Exacting","Friendly Minions","Gensokyo","Gold Saver","Gremlin Mod","HololiveMod","Hubris","Koishi","Luminous","Minty Spire (QoL Compilation)","Onozuka Komachi Mod","Permanent Neow","Practice Mode","Railgun Mod","Random Character Button","Reimu??????","Relic Filter","Relic Sorter","Relic Stats","Remilia_Scarlet Moed?????·?????3.3.5","Reorder Act Four","SIMod","Shop Mod","StSLib","Trackpad","Unceasing Turn Reminder","Yuyuko","slay the spire mod where everything is the same but ironclad has a cowboy hat","??????REMEMod"],"gold_per_floor":[743,231,264,26,26,26,26,37,62,96,128,128,28,28,28,128,128,148,148,148,148,165,165,15,42,42,76,103,103,103,103,103,105,105],"floor_reached":33,"language":"ENG","playtime":1919,"items_purged":[],"score":362,"play_id":"83d32cdb-36af-423d-a324-26f54ec544b2","local_time":"20210130141647","is_ascension_mode":false,"campfire_choices":[{"data":"AbbyMod:FamiliarShield","floor":6,"key":"SMITH"},{"data":"REME_PuzzleBox","floor":7,"key":"SMITH"},{"data":"AbbyMod:FarAwayFriend","floor":12,"key":"SMITH"},{"data":"AbbyMod:FleetingSanity","floor":15,"key":"SMITH"},{"data":"AbbyMod:Ygna","floor":29,"key":"SMITH"},{"data":"AbbyMod:GudaGudaParticle","floor":30,"key":"SMITH"},{"floor":32,"key":"REST"}],"circlet_count":0,"master_deck":["AbbyMod:Ab_Strike","AbbyMod:Ab_Strike","AbbyMod:Ab_Defend","AbbyMod:Ab_Defend","AbbyMod:FleetingSanity+1","AbbyMod:ForeheadBeam","Hololive_Recruit","AbbyMod:ConsumeFlesh","REME_PuzzleBox+1","AbbyMod:Ygna+1","AbbyMod:FamiliarShield+1","AbbyMod:Ab_SwirlOfMadness+1","AbbyMod:DemonPancake+1","AbbyMod:FarAwayFriend+1","AbbyMod:LargeTentacle","Neutralize","hubris:Sniper","Quick Slash+1","AbbyMod:GudaGudaParticle+1","AbbyMod:ExposeNavel+1","AbbyMod:Keyblade","AbbyMod:SweetPancakes+1","AbbyMod:PreciousMemories"],"relics":["AbbyMod:Salem_Diary","REME_ComplimentaryCards","Hammer of Thor","Seething Fire","Anvil of the Gods","EVO:Axolotl","Toy Ornithopter","Frozen Egg 2","ClockworkSouvenir","Gensokyo:PortableGap","Potion Belt","Incense Burner","hubris:Potato","CrazyTorch:ReiMu","Gambling Chip","REME_ChargedStone","trackpad:PetRock","Gensokyo:ChorusOfJoy","Question Card","Medical Kit","aspiration:StickyExplosives_weak","Whetstone","hubris:MedicalManual"],"acts_visited":["Exordium","Gensokyo:Gensokyo"],"potions_floor_usage":[10,28],"damage_taken":[{"damage":0,"enemies":"Gensokyo:Gryphon","floor":1,"turns":4},{"damage":10,"enemies":"Gensokyo:3_Fairies","floor":3,"turns":4},{"damage":9,"enemies":"Gensokyo:2_Kodama","floor":8,"turns":4},{"damage":1,"enemies":"Gensokyo:Cirno","floor":10,"turns":8},{"damage":2,"enemies":"Gensokyo:Mamizou","floor":11,"turns":4},{"damage":16,"enemies":"Gensokyo:Yukari","floor":16,"turns":8},{"damage":8,"enemies":"Gensokyo:CosmicMonolith","floor":18,"turns":4},{"damage":0,"enemies":"Gensokyo:Chomper","floor":22,"turns":2},{"damage":0,"enemies":"Gensokyo:Wraith","floor":25,"turns":4},{"damage":19,"enemies":"Gensokyo:Reisen","floor":27,"turns":4},{"damage":0,"enemies":"Gensokyo:Koishi","floor":28,"turns":4},{"damage":53,"enemies":"Gensokyo:Eternal_Rivals","floor":33,"turns":3}],"seed_played":"-7373256107297807814","potions_obtained":[{"floor":3,"key":"SkillPotion"},{"floor":3,"key":"ZuzhouPotion:ReiMu"},{"floor":8,"key":"Guardian:BlockOnCardUsePotion"},{"floor":18,"key":"DistilledChaos"},{"floor":22,"key":"DuplicationPotion"}],"is_trial":false,"path_per_floor":["M","$","M","COS","?","R","R","M","T","E","E","R","?","?","R","B",null,"M","T","$","?","M","T","COS","M","T","E","E","R","R","?","R","B"],"character_chosen":"Ab_Foreigner","items_purchased":["Frozen Egg 2","REME_PuzzleBox","AbbyMod:Ygna"],"campfire_rested":1,"item_purchase_floors":[2,2,2],"current_hp_per_floor":[60,60,56,56,55,52,52,44,44,51,51,51,51,51,51,36,54,50,50,50,50,51,51,51,51,51,32,38,38,38,38,48,0,0],"gold":105,"neow_bonus":"RANDOM_COMMON_RELIC","is_daily":false,"chose_seed":false,"campfire_upgraded":6,"win_rate":0.0,"timestamp":1612034207,"path_taken":["M","$","M","COS","?","R","R","M","T","E","E","R","?","?","R","BOSS","M","?","$","?","M","?","COS","M","T","E","E","R","R","?","R","BOSS"],"items_purchased_type":["Relic","Card","Card"],"build_version":"2020-12-22","purchased_purges":0,"victory":false,"max_hp_per_floor":[60,60,61,61,55,52,52,53,53,51,53,53,53,53,53,54,54,55,55,55,55,56,56,56,53,53,50,51,48,48,48,48,48,48],"relic_stats":{"counters":[12,51],"Gambling Chip":[4],"Whetstone":["AbbyMod:Ab_SwirlOfMadness","Quick Slash"],"Question Card":4,"Medical Kit":[1],"obtain_stats":[{"Potion Belt":9,"Gensokyo:ChorusOfJoy":21,"REME_ChargedStone":17,"trackpad:PetRock":19,"Hammer of Thor":0,"hubris:MedicalManual":28,"Incense Burner":10,"EVO:Axolotl":0,"Seething Fire":0,"Whetstone":27,"Frozen Egg 2":2,"Gensokyo:PortableGap":5,"Question Card":23,"Medical Kit":24,"ClockworkSouvenir":4,"aspiration:StickyExplosives_weak":26,"Frozen Eye":28,"AbbyMod:Salem_Diary":0,"Anvil of the Gods":0,"Gambling Chip":16,"CrazyTorch:ReiMu":13,"Toy Ornithopter":0,"hubris:Potato":11,"REME_ComplimentaryCards":0},{"Potion Belt":3,"Gensokyo:ChorusOfJoy":7,"REME_ChargedStone":6,"trackpad:PetRock":7,"Hammer of Thor":0,"hubris:MedicalManual":11,"Incense Burner":4,"EVO:Axolotl":0,"Seething Fire":0,"Whetstone":10,"Frozen Egg 2":1,"Gensokyo:PortableGap":2,"Question Card":8,"Medical Kit":8,"ClockworkSouvenir":2,"aspiration:StickyExplosives_weak":9,"Frozen Eye":10,"AbbyMod:Salem_Diary":0,"Anvil of the Gods":0,"Gambling Chip":6,"CrazyTorch:ReiMu":5,"Toy Ornithopter":0,"hubris:Potato":5,"REME_ComplimentaryCards":0},{"Potion Belt":12,"Gensokyo:ChorusOfJoy":35,"REME_ChargedStone":31,"trackpad:PetRock":35,"Hammer of Thor":0,"hubris:MedicalManual":48,"Incense Burner":20,"EVO:Axolotl":0,"Seething Fire":0,"Whetstone":45,"Frozen Egg 2":4,"Gensokyo:PortableGap":8,"Question Card":37,"Medical Kit":37,"ClockworkSouvenir":8,"aspiration:StickyExplosives_weak":41,"Frozen Eye":45,"AbbyMod:Salem_Diary":0,"Anvil of the Gods":0,"Gambling Chip":29,"CrazyTorch:ReiMu":24,"Toy Ornithopter":0,"hubris:Potato":24,"REME_ComplimentaryCards":0}],"Toy Ornithopter":10},"card_choices":[{"not_picked":["AbbyMod:SanityCheck","AbbyMod:CloneArmy"],"picked":"AbbyMod:ConsumeFlesh","floor":1},{"not_picked":["AbbyMod:SanityCheck","AbbyMod:CommandSpell"],"picked":"AbbyMod:FamiliarShield","floor":3},{"not_picked":["AbbyMod:Kinoko","AbbyMod:TentacleSwarm"],"picked":"AbbyMod:Ab_SwirlOfMadness","floor":8},{"not_picked":["AbbyMod:Memocide","AbbyMod:FarAwayFriend"],"picked":"AbbyMod:DemonPancake+1","floor":10},{"not_picked":["AbbyMod:PrayerOfFaith+1","AbbyMod:ExposeNavel"],"picked":"AbbyMod:FarAwayFriend","floor":11},{"not_picked":["AbbyMod:TentacleSwarm","AbbyMod:WitchTrial"],"picked":"AbbyMod:LargeTentacle","floor":11},{"not_picked":["AbbyMod:Ab_PuppyEyes","AbbyMod:MysteryKey"],"picked":"AbbyMod:GudaGudaParticle","floor":16},{"not_picked":["AbbyMod:Ab_DarkestPact+1","AbbyMod:SuperMuscular+1","AbbyMod:Kuroboshi+1"],"picked":"SKIP","floor":18},{"not_picked":["AbbyMod:Dabigail","AbbyMod:CloneArmy","AbbyMod:Memocide"],"picked":"SKIP","floor":22},{"not_picked":["AbbyMod:SanityCheck+1","AbbyMod:WitchTrial","AbbyMod:InsaneStrike"],"picked":"AbbyMod:ExposeNavel+1","floor":25},{"not_picked":["AbbyMod:ExposedCore","AbbyMod:CloneArmy","AbbyMod:Dabigail"],"picked":"AbbyMod:Keyblade","floor":27},{"not_picked":["AbbyMod:Ab_SwirlOfMadness","AbbyMod:BlackKey","AbbyMod:WormHole+1"],"picked":"AbbyMod:SweetPancakes+1","floor":28},{"not_picked":["AbbyMod:AttoSecond","AbbyMod:ConsumeFlesh+1","AbbyMod:WormHole+1","AbbyMod:CloneArmy"],"picked":"SKIP","floor":28}],"player_experience":246943,"relics_obtained":[{"floor":9,"key":"Potion Belt"},{"floor":10,"key":"Incense Burner"},{"floor":11,"key":"hubris:Potato"},{"floor":19,"key":"trackpad:PetRock"},{"floor":23,"key":"Question Card"},{"floor":26,"key":"aspiration:StickyExplosives_weak"},{"floor":27,"key":"Whetstone"},{"floor":28,"key":"hubris:MedicalManual"}],"event_choices":[],"is_beta":false,"boss_relics":[{"not_picked":["Coffee Dripper","Hololive_ChaosS"],"picked":"REME_ChargedStone"}],"items_purged_floors":[],"is_endless":false,"potions_floor_spawned":[3,8,18,22],"killed_by":"Gensokyo:Eternal_Rivals","ascension_level":0}}