{"host":"ul3z8ex5o8l5j7mh","time":1612041651,"event":{"mods":["AchievementEnabler","BaseMod","Colored Map","Colored Powertips","DeckTracker","Minty Spire (QoL Compilation)","SuperFastMode"],"gold_per_floor":[112,112,132,132,143,143,174,174,174,192,192,202,228,241,241,346,346,363,379,82,95,112,112,32,32,83,94,122,122,141,141,141,141,141],"floor_reached":33,"language":"ENG","playtime":1574,"items_purged":["Regret","Strike_R"],"score":304,"play_id":"cf738f56-20ec-4af4-8164-57aaa9075955","local_time":"20210130222051","is_ascension_mode":false,"campfire_choices":[{"data":"Uppercut","floor":6.0,"key":"SMITH"},{"data":"Uppercut","floor":8.0,"key":"SMITH"},{"data":"Dropkick","floor":11.0,"key":"SMITH"},{"floor":15.0,"key":"RECALL"},{"floor":23.0,"key":"REST"},{"data":"Impervious","floor":25.0,"key":"SMITH"},{"data":"Fire Breathing","floor":32.0,"key":"SMITH"}],"circlet_count":0,"master_deck":["Strike_R","Strike_R","Strike_R","Defend_R","Defend_R","Defend_R","Defend_R","Bash","Uppercut+1","Immolate","Uppercut+1","Dropkick+1","Flame Barrier","Twin Strike","Impervious+1","Fire Breathing+1","Blood for Blood","Fire Breathing","Infernal Blade+1","Heavy Blade"],"relics":["Burning Blood","Paper Frog","The Courier","Lantern","Runic Cube","Regal Pillow","Bag of Marbles","Bottled Tornado","Enchiridion"],"acts_visited":["Exordium","TheCity"],"potions_floor_usage":[],"damage_taken":[{"damage":20.0,"enemies":"Small Slimes","floor":1.0,"turns":4.0},{"damage":7.0,"enemies":"Cultist","floor":3.0,"turns":3.0},{"damage":1.0,"enemies":"2 Louse","floor":5.0,"turns":3.0},{"damage":9.0,"enemies":"3 Sentries","floor":7.0,"turns":6.0},{"damage":2.0,"enemies":"Looter","floor":10.0,"turns":2.0},{"damage":4.0,"enemies":"Blue Slaver","floor":12.0,"turns":2.0},{"damage":23.0,"enemies":"Lagavulin","floor":13.0,"turns":5.0},{"damage":10.0,"enemies":"Lots of Slimes","floor":14.0,"turns":6.0},{"damage":42.0,"enemies":"Hexaghost","floor":16.0,"turns":7.0},{"damage":26.0,"enemies":"Spheric Guardian","floor":18.0,"turns":6.0},{"damage":2.0,"enemies":"Chosen","floor":19.0,"turns":3.0},{"damage":16.0,"enemies":"3 Cultists","floor":21.0,"turns":6.0},{"damage":18.0,"enemies":"Centurion and Healer","floor":22.0,"turns":8.0},{"damage":15.0,"enemies":"Cultist and Chosen","floor":27.0,"turns":7.0},{"damage":30.0,"enemies":"Slavers","floor":28.0,"turns":6.0},{"damage":10.0,"enemies":"Snake Plant","floor":30.0,"turns":4.0},{"damage":78,"enemies":"Automaton","floor":33,"turns":8}],"seed_played":"3446776153306399829","potions_obtained":[{"floor":1.0,"key":"EssenceOfSteel"},{"floor":3.0,"key":"Block Potion"},{"floor":10.0,"key":"PowerPotion"},{"floor":12.0,"key":"BlessingOfTheForge"},{"floor":19.0,"key":"Block Potion"},{"floor":21.0,"key":"GamblersBrew"},{"floor":22.0,"key":"Ancient Potion"},{"floor":27.0,"key":"LiquidMemories"}],"is_trial":false,"path_per_floor":["M","?","M","?","M","R","E","R","T","M","R","M","E","M","R","B",null,"M","M","$","M","M","R","$","R","T","M","E","?","M","?","R","B"],"character_chosen":"IRONCLAD","items_purchased":["Regal Pillow","Bag of Marbles"],"campfire_rested":1,"item_purchase_floors":[20,20],"current_hp_per_floor":[82,75,74,96,96,96,93,93,93,96,96,96,79,75,75,39,96,76,80,80,70,58,96,96,96,96,87,63,47,43,75,75,0,0],"gold":141,"neow_bonus":"TWENTY_PERCENT_HP_BONUS","is_daily":false,"chose_seed":false,"campfire_upgraded":5,"win_rate":0.0,"timestamp":1612041651,"path_taken":["M","?","M","?","M","R","E","R","T","M","R","?","E","M","R","BOSS","M","M","$","M","M","R","$","R","T","M","E","?","M","?","R","BOSS"],"items_purchased_type":["Relic","Relic"],"build_version":"2020-12-22","purchased_purges":2,"victory":false,"max_hp_per_floor":[96,96,96,96,96,96,96,96,96,96,96,96,96,96,96,96,96,96,96,96,96,96,96,96,96,96,96,96,96,96,96,96,96,96],"card_choices":[{"not_picked":["True Grit","Body Slam"],"picked":"Uppercut","floor":1.0},{"not_picked":["Shockwave","Shrug It Off"],"picked":"Dropkick","floor":3.0},{"not_picked":["Second Wind","Havoc"],"picked":"Immolate","floor":5.0},{"not_picked":["Havoc","Wild Strike"],"picked":"Uppercut","floor":7.0},{"not_picked":["Sword Boomerang","Sentinel"],"picked":"Dropkick","floor":10.0},{"not_picked":["Entrench","Body Slam","Warcry"],"picked":"SKIP","floor":12.0},{"not_picked":["Warcry","Blood for Blood"],"picked":"Flame Barrier","floor":13.0},{"not_picked":["Perfected Strike","Seeing Red"],"picked":"Twin Strike","floor":14.0},{"not_picked":["Offering","Fiend Fire"],"picked":"Impervious","floor":16.0},{"not_picked":["Havoc+1","Searing Blow"],"picked":"Fire Breathing","floor":18.0},{"not_picked":["Wild Strike+1","Twin Strike+1"],"picked":"Blood for Blood","floor":19.0},{"not_picked":["Burning Pact","Bloodletting+1","Clothesline"],"picked":"SKIP","floor":21.0},{"not_picked":["Body Slam","Headbutt","Flex+1"],"picked":"SKIP","floor":22.0},{"not_picked":["Searing Blow","Clothesline"],"picked":"Fire Breathing","floor":27.0},{"not_picked":["Clash","Brutality"],"picked":"Infernal Blade+1","floor":28.0},{"not_picked":["Sword Boomerang+1","Flex"],"picked":"Heavy Blade","floor":30.0}],"player_experience":290469,"relics_obtained":[{"floor":7.0,"key":"Paper Frog"},{"floor":9.0,"key":"The Courier"},{"floor":13.0,"key":"Lantern"},{"floor":28.0,"key":"Bottled Tornado"},{"floor":29.0,"key":"Enchiridion"}],"event_choices":[{"cards_removed":["Strike_R"],"damage_healed":0.0,"max_hp_gain":0.0,"max_hp_loss":0.0,"gold_gain":0.0,"event_name":"Golden Wing","player_choice":"Card Removal","floor":2.0,"gold_loss":0.0,"damage_taken":7.0},{"cards_removed":["Dropkick"],"damage_healed":22.0,"max_hp_gain":0.0,"max_hp_loss":0.0,"gold_gain":0.0,"event_name":"Bonfire Elementals","player_choice":"Offered Uncommon","floor":4.0,"gold_loss":0.0,"damage_taken":0.0},{"damage_healed":0.0,"max_hp_gain":0.0,"max_hp_loss":0.0,"gold_gain":0.0,"event_name":"Cursed Tome","player_choice":"Obtained Book","floor":29.0,"gold_loss":0.0,"damage_taken":16.0},{"damage_healed":32.0,"max_hp_gain":0.0,"max_hp_loss":0.0,"gold_gain":0.0,"event_name":"The Library","player_choice":"Heal","floor":31.0,"gold_loss":0.0,"damage_taken":0.0}],"is_beta":false,"boss_relics":[{"not_picked":["Runic Pyramid","Runic Dome"],"picked":"Runic Cube"}],"items_purged_floors":[20,24],"is_endless":false,"potions_floor_spawned":[1,3,10,12,19,21,22,27],"killed_by":"Automaton","ascension_level":0}}