{"host":"h1qktzcccqnez8tx","time":1612002023,"event":{"mods":["AchievementEnabler","BaseMod","Bestiary","Better Note","Block Reminder","Colored Map","Colored Powertips","Curses Come First","Downfall","Highlight Path","Infinite Spire","Minty Spire (QoL Compilation)","Permanent Neow","Quick Restart","Relic Stats","Replay The Spire","Say the Spire","StSLib","UnlockEverythingMod"],"gold_per_floor":[113,113,131,148,164,195,195,195,220,238,313,313,90,90,90,187,187,206,218,16,29,46,76,68,68,68,68],"floor_reached":25,"language":"ENG","playtime":1137,"items_purged":["hexamod:Defend"],"score":234,"play_id":"37d5db25-bc5d-43e0-b0c4-fd2ec1a27038","local_time":"20210130112023","is_ascension_mode":true,"campfire_choices":[{"data":"hexamod:GiftsFromTheDead","floor":8,"key":"SMITH"},{"floor":15,"key":"REST"}],"circlet_count":0,"master_deck":["hexamod:Strike","hexamod:Strike","hexamod:Strike","hexamod:Defend","hexamod:Defend","hexamod:Defend+1","hexamod:Sear","hexamod:Float","hexamod:GiftsFromTheDead+1","hexamod:HauntingEcho","hexamod:SpectersWail","hexamod:ShieldOfDarkness","hexamod:StepThrough+1","hexamod:GhostflameBarrier+1","hexamod:SearingWound+1","hexamod:FlamesFromBeyond","hexamod:FlamesFromBeyond","hexamod:Hexaguard","hexamod:Firestarter","hexamod:Incineration+1","hexamod:Hexaguard","hexamod:FirstSeal","hexamod:ThirdSeal","hexamod:SecondSeal"],"relics":["hexamod:SpiritBrand","bronze:BronzeIdol","Oddly Smooth Stone","Membership Card","Runic Pyramid","Guide Book","Centennial Puzzle","Orichalcum"],"acts_visited":["Exordium","TheCity"],"potions_floor_usage":[],"damage_taken":[{"damage":3,"enemies":"2 Louse","floor":1,"turns":3},{"damage":0,"enemies":"Cultist","floor":3,"turns":3},{"damage":0,"enemies":"Small Slimes","floor":4,"turns":2},{"damage":5,"enemies":"3 Louse","floor":5,"turns":4},{"damage":12,"enemies":"Lagavulin","floor":6,"turns":7},{"damage":0,"enemies":"Looter","floor":10,"turns":3},{"damage":21,"enemies":"The Guardian","floor":16,"turns":13},{"damage":3,"enemies":"Spheric Guardian","floor":18,"turns":4},{"damage":22,"enemies":"3 Byrds","floor":19,"turns":4},{"damage":7,"enemies":"3 Cultists","floor":21,"turns":4},{"damage":13,"enemies":"Shelled Parasite and Fungi","floor":22,"turns":4},{"damage":13,"enemies":"Gremlin Leader","floor":23,"turns":4},{"damage":5,"enemies":"Cultist and Chosen","floor":25,"turns":1}],"seed_played":"1259965629279759857","potions_obtained":[{"floor":3,"key":"bronze:BurnAndBuffPotion"},{"floor":5,"key":"Energy Potion"},{"floor":10,"key":"Dexterity Potion"}],"is_trial":false,"path_per_floor":["M","?","M","M","M","E","?","R","T","M","?","?","$","?","R","B",null,"M","M","$","M","M","E","?","M"],"character_chosen":"THE_SPIRIT","items_purchased":["Membership Card","hexamod:GhostflameBarrier+1","Guide Book","hexamod:Hexaguard","hexamod:Firestarter","Centennial Puzzle"],"campfire_rested":1,"item_purchase_floors":[13,13,20,20,20,20],"current_hp_per_floor":[60,60,60,60,55,43,43,43,43,43,32,32,32,32,50,29,63,60,38,38,31,18,5,5,0,0,0],"gold":68,"neow_bonus":"THREE_RARE_CARDS","is_daily":false,"chose_seed":false,"campfire_upgraded":1,"win_rate":0.0,"timestamp":1612002023,"path_taken":["M","?","M","?","M","E","?","R","T","M","?","?","$","?","R","BOSS","M","M","$","M","M","E","?","M"],"items_purchased_type":["Relic","Card","Relic","Card","Card","Relic"],"build_version":"2020-12-22","purchased_purges":1,"victory":false,"max_hp_per_floor":[63,63,63,63,63,63,63,63,63,63,63,63,63,63,63,63,63,63,63,63,63,63,63,63,63,63,63],"relic_stats":{"Centennial Puzzle":[9],"counters":[13,56],"Orichalcum":[0],"obtain_stats":[{"Centennial Puzzle":20,"Guide Book":20,"Oddly Smooth Stone":9,"Membership Card":13,"Orichalcum":23,"hexamod:SpiritBrand":0,"bronze:BronzeIdol":6,"Runic Pyramid":17},{"Centennial Puzzle":9,"Guide Book":9,"Oddly Smooth Stone":5,"Membership Card":6,"Orichalcum":12,"hexamod:SpiritBrand":0,"bronze:BronzeIdol":5,"Runic Pyramid":7},{"Centennial Puzzle":43,"Guide Book":43,"Oddly Smooth Stone":19,"Membership Card":22,"Orichalcum":55,"hexamod:SpiritBrand":0,"bronze:BronzeIdol":19,"Runic Pyramid":35}]},"card_choices":[{"not_picked":["hexamod:GhostOfSpirePresent","hexamod:UnlimitedPower"],"picked":"hexamod:GiftsFromTheDead","floor":0},{"not_picked":["hexamod:SecondSeal","hexamod:GhostShield"],"picked":"hexamod:HauntingEcho","floor":1},{"not_picked":["hexamod:ExtraCrispy","hexamod:ThermalTransfer"],"picked":"hexamod:SpectersWail","floor":3},{"not_picked":["hexamod:SpectralAdrenaline","hexamod:SecondSeal"],"picked":"hexamod:ShieldOfDarkness","floor":4},{"not_picked":["hexamod:ShieldOfDarkness","hexamod:PhantomCloak"],"picked":"hexamod:StepThrough","floor":5},{"not_picked":["hexamod:SuperheatedStrike","hexamod:PhantomFireball","hexamod:GhostflameBarrier"],"picked":"SKIP","floor":6},{"not_picked":["hexamod:RainOfEmbers","hexamod:CatchUp"],"picked":"hexamod:GhostLash","floor":10},{"not_picked":["hexamod:FifthSeal","hexamod:UnlimitedPower"],"picked":"hexamod:SearingWound","floor":16},{"not_picked":["hexamod:HauntingEcho","hexamod:FastForward"],"picked":"hexamod:FlamesFromBeyond","floor":18},{"not_picked":["hexamod:FastForward","hexamod:SpectersWail"],"picked":"hexamod:FlamesFromBeyond","floor":19},{"not_picked":["hexamod:BacktrackSmack+1","hexamod:SuperheatedStrike"],"picked":"hexamod:Incineration+1","floor":21},{"not_picked":["hexamod:Firestarter","hexamod:ChargedBarrage"],"picked":"hexamod:Hexaguard","floor":22},{"not_picked":["hexamod:ChargedBarrage+1","hexamod:HeatMetal"],"picked":"hexamod:FirstSeal","floor":23}],"player_experience":268557,"relics_obtained":[{"floor":6,"key":"bronze:BronzeIdol"},{"floor":9,"key":"Oddly Smooth Stone"},{"floor":23,"key":"Orichalcum"}],"event_choices":[{"cards_removed":["hexamod:Strike"],"damage_healed":0,"gold_gain":0,"player_choice":"Purged","damage_taken":0,"max_hp_gain":0,"max_hp_loss":0,"event_name":"Purifier","floor":2,"gold_loss":0},{"damage_healed":0,"gold_gain":75,"player_choice":"Gather Gold","damage_taken":11,"max_hp_gain":0,"max_hp_loss":0,"event_name":"World of Goop","floor":11,"gold_loss":0}],"is_beta":false,"boss_relics":[{"not_picked":["Ring of Chaos","Snecko Eye"],"picked":"Runic Pyramid"}],"items_purged_floors":[13],"is_endless":false,"potions_floor_spawned":[3,5,10,18,22],"killed_by":"Cultist and Chosen","ascension_level":1}}