{"host":"grblgsn3zizbz04e","time":1612050554,"event":{"mods":["BaseMod","BetterRewards","Colored Map","Colored Powertips","Googly Eyes","Minty Spire (QoL Compilation)","Rare Cards Sparkle","Reliquary","Shop Mod","StSLib"],"gold_per_floor":[110,35,55,55,14,14,43,53,53,71,71,85,101,117,117,220,220,236,236,91,190,190,190],"floor_reached":22,"language":"ENG","playtime":623,"items_purged":["Normality"],"score":186,"play_id":"2345cc49-de78-4341-83a3-38afaa3c94cd","local_time":"20210130234914","is_ascension_mode":false,"campfire_choices":[{"data":"Quick Slash","floor":6.0,"key":"SMITH"},{"floor":11.0,"key":"REST"},{"floor":15.0,"key":"REST"}],"circlet_count":0,"master_deck":["Strike_G","Strike_G","Strike_G","Strike_G","Strike_G","Defend_G","Defend_G","Defend_G","Defend_G","Defend_G","Survivor","Neutralize","Quick Slash+1","Catalyst","Venomology","Bouncing Flask","PiercingWail","Phantasmal Killer","Choke","Burst","Dagger Spray"],"relics":["Ring of the Snake","Turnip","reliquary:BallBearing","reliquary:PartyBalloon","reliquary:TridentHead","reliquary:RedCape","OrangePellets"],"acts_visited":["Exordium","TheCity"],"potions_floor_usage":[],"damage_taken":[{"damage":7.0,"enemies":"Cultist","floor":1.0,"turns":5.0},{"damage":0.0,"enemies":"2 Louse","floor":3.0,"turns":3.0},{"damage":34.0,"enemies":"Lagavulin","floor":7.0,"turns":8.0},{"damage":0.0,"enemies":"Small Slimes","floor":8.0,"turns":4.0},{"damage":5.0,"enemies":"Looter","floor":10.0,"turns":3.0},{"damage":16.0,"enemies":"Large Slime","floor":12.0,"turns":3.0},{"damage":0.0,"enemies":"3 Louse","floor":13.0,"turns":2.0},{"damage":12.0,"enemies":"Blue Slaver","floor":14.0,"turns":3.0},{"damage":20.0,"enemies":"Hexaghost","floor":16.0,"turns":10.0},{"damage":0.0,"enemies":"Spheric Guardian","floor":18.0,"turns":2.0},{"damage":8,"enemies":"3 Byrds","floor":22,"turns":4}],"seed_played":"2467511002287787854","potions_obtained":[{"floor":3.0,"key":"Weak Potion"},{"floor":12.0,"key":"SteroidPotion"},{"floor":14.0,"key":"Strength Potion"},{"floor":16.0,"key":"DuplicationPotion"}],"is_trial":false,"path_per_floor":["M","$","M","?","?","R","E","M","T","M","R","M","M","M","R","B",null,"M","?","$","?","M"],"character_chosen":"THE_SILENT","items_purchased":["OrangePellets"],"campfire_rested":2,"item_purchase_floors":[20],"current_hp_per_floor":[63,63,63,60,60,60,26,26,26,21,42,26,26,14,35,15,70,70,70,70,70,62,62],"gold":190,"neow_bonus":"ONE_RARE_RELIC","is_daily":false,"chose_seed":false,"campfire_upgraded":1,"win_rate":0.0,"timestamp":1612050554,"path_taken":["M","$","?","?","?","R","E","M","T","M","R","M","M","M","R","BOSS","M","?","$","?","M"],"items_purchased_type":["Relic"],"build_version":"2020-12-22","purchased_purges":1,"victory":false,"max_hp_per_floor":[70,70,70,70,70,70,70,70,70,70,70,70,70,70,70,70,70,70,70,70,70,70,70],"card_choices":[{"not_picked":["Dodge and Roll","Acrobatics"],"picked":"Quick Slash","floor":1.0},{"not_picked":["Slice","Flying Knee"],"picked":"Catalyst","floor":3.0},{"not_picked":["Blade Dance","Sucker Punch"],"picked":"Venomology","floor":7.0},{"not_picked":["Acrobatics","Cloak And Dagger"],"picked":"Bouncing Flask","floor":8.0},{"not_picked":["Endless Agony","Blade Dance","Acrobatics"],"picked":"SKIP","floor":10.0},{"not_picked":["Cloak And Dagger","Dodge and Roll"],"picked":"PiercingWail","floor":12.0},{"not_picked":["Poisoned Stab","Outmaneuver"],"picked":"Phantasmal Killer","floor":13.0},{"not_picked":["Quick Slash","Concentrate"],"picked":"Choke","floor":14.0},{"not_picked":["Tools of the Trade","Glass Knife"],"picked":"Burst","floor":16.0},{"not_picked":["Poisoned Stab","Acrobatics"],"picked":"Dagger Spray","floor":18.0}],"player_experience":819624,"relics_obtained":[{"floor":7.0,"key":"reliquary:PartyBalloon"},{"floor":9.0,"key":"reliquary:TridentHead"}],"event_choices":[{"damage_healed":0.0,"max_hp_gain":0.0,"max_hp_loss":0.0,"gold_gain":0.0,"event_name":"Scrap Ooze","player_choice":"Success","floor":4.0,"gold_loss":0.0,"damage_taken":3.0,"relics_obtained":["reliquary:BallBearing"]},{"damage_healed":0.0,"max_hp_gain":0.0,"max_hp_loss":0.0,"gold_gain":0.0,"event_name":"World of Goop","player_choice":"Left Gold","floor":5.0,"gold_loss":41.0,"damage_taken":0.0},{"damage_healed":0,"gold_gain":0,"player_choice":"Ignored","damage_taken":0,"max_hp_gain":0,"max_hp_loss":0,"event_name":"The Mausoleum","floor":19,"gold_loss":0},{"damage_healed":0,"gold_gain":99,"player_choice":"Stole From Cult","damage_taken":0,"max_hp_gain":0,"max_hp_loss":0,"event_name":"Nest","floor":21,"gold_loss":0}],"is_beta":false,"boss_relics":[{"not_picked":["Snecko Eye","Calling Bell"],"picked":"reliquary:RedCape"}],"items_purged_floors":[2],"is_endless":false,"potions_floor_spawned":[3,12,14,16],"killed_by":"3 Byrds","ascension_level":0}}