{"host":"qtqz1b21ag9kfmyj","time":1612000035,"event":{"mods":["BaseMod","Better Third Choice","Block Reminder","Hermit","Minty Spire (QoL Compilation)","StSLib","The Bug Knight","The Cursed","The Necromancer","The Servant 0.9.4"],"gold_per_floor":[113,188,188,188,135,160,160,171,171,171,182,182,108,3,3,106,156,167,167,201,201,212,212,244,244,244,244,254,273,2,18,18,113,113,127,87,87,87,101,101,20,20,47,82,82,100,19,69,69,69,69],"floor_reached":50,"language":"ENG","playtime":2864,"items_purged":[],"score":557,"play_id":"3e3fee2c-3861-4bd1-89c3-9f106a924b45","local_time":"20210130034715","is_ascension_mode":false,"campfire_choices":[{"floor":7,"key":"REST"},{"data":"Exchange","floor":10,"key":"SMITH"},{"floor":15,"key":"REST"},{"floor":23,"key":"REST"},{"floor":25,"key":"REST"},{"floor":32,"key":"REST"},{"floor":40,"key":"REST"},{"floor":49,"key":"REST"}],"circlet_count":0,"master_deck":["Strike_S+1","Strike_S+1","Strike_S+1","Strike_S+1","Defend_S+1","Defend_S+1","KidneyShot","Exchange+1","Starlight+1","ShatteredReality","Gouge","SurpressingFire","Barrier","RealityMarble","Comet+1","GearUp","Misdirection","Sunlight+1","Spin","DualDimension","Rearm","Advance+1","BestPractice","Manipulate","Misdirection+1","Alleviate","Sabotage","DoubleEdge","Dilation","Moondial+1","Enlightenment","ReturningBlade+1","Desolation","SilverBlades","SilverBlades","Hightail+1","FanOfKnives+1","Gouge+1"],"relics":["Uniform","Ancient Tea Set","Letter Opener","Pear","Juzu Bracelet","Tiny House","betterThird:NestCultRelic","Red Mask","Centennial Puzzle","Girya","Toolbox","Black Star","Bronze Scales","Bag of Marbles","Kunai","Molten Egg 2","Turnip"],"acts_visited":["Exordium","TheCity","TheBeyond"],"potions_floor_usage":[24,24,33,44,44,46,50],"damage_taken":[{"damage":1,"enemies":"Cultist","floor":1,"turns":4},{"damage":35,"enemies":"3 Sentries","floor":6,"turns":8},{"damage":0,"enemies":"Small Slimes","floor":8,"turns":3},{"damage":0,"enemies":"2 Louse","floor":11,"turns":1},{"damage":3,"enemies":"The Guardian","floor":16,"turns":10},{"damage":27,"enemies":"Spheric Guardian","floor":18,"turns":5},{"damage":31,"enemies":"Masked Bandits","floor":20,"turns":3},{"damage":9,"enemies":"Chosen","floor":22,"turns":5},{"damage":23,"enemies":"Slavers","floor":24,"turns":4},{"damage":12,"enemies":"Shelled Parasite and Fungi","floor":28,"turns":5},{"damage":7,"enemies":"Cultist and Chosen","floor":29,"turns":5},{"damage":6,"enemies":"Snake Plant","floor":31,"turns":6},{"damage":17,"enemies":"Collector","floor":33,"turns":7},{"damage":20,"enemies":"3 Shapes","floor":35,"turns":2},{"damage":0,"enemies":"Orb Walker","floor":39,"turns":2},{"damage":6,"enemies":"HollowMod:StalkingDevout","floor":44,"turns":5},{"damage":19,"enemies":"Writhing Mass","floor":46,"turns":7},{"damage":21,"enemies":"Mind Bloom Boss Battle","floor":48,"turns":8},{"damage":61,"enemies":"Time Eater","floor":50,"turns":13}],"seed_played":"8246407987965430420","potions_obtained":[{"floor":16,"key":"SteroidPotion"},{"floor":17,"key":"SpeedPotion"},{"floor":24,"key":"CultistPotion"},{"floor":28,"key":"Energy Potion"},{"floor":31,"key":"Block Potion"},{"floor":35,"key":"ColorlessPotion"},{"floor":48,"key":"SkillPotion"}],"is_trial":false,"path_per_floor":["M","?","?","?","$","E","R","M","T","R","M","?","$","$","R","B",null,"M","?","?","?","M","R","E","R","T","?","M","M","$","M","R","B",null,"M","?","?","?","M","R","$","T","T","E","?","M","$","?","R","B"],"character_chosen":"THE_SERVANT","items_purchased":["ShatteredReality","Comet","GearUp","Misdirection","Toolbox","Alleviate","Sabotage","Desolation","FanOfKnives+1"],"campfire_rested":7,"item_purchase_floors":[5,13,14,14,30,30,30,41,47],"current_hp_per_floor":[64,53,53,53,53,28,50,50,50,50,50,50,50,50,72,69,80,53,53,22,22,13,37,14,38,38,38,26,19,19,13,37,20,80,60,60,60,60,60,80,80,80,80,74,74,55,55,34,58,0,0],"gold":69,"neow_bonus":"RANDOM_COMMON_RELIC","is_daily":false,"chose_seed":false,"campfire_upgraded":1,"win_rate":0.0,"timestamp":1612000035,"path_taken":["M","?","?","?","$","E","R","M","T","R","M","?","?","$","R","BOSS","M","?","?","?","M","R","E","R","T","?","M","M","$","M","R","BOSS","M","?","?","?","M","R","$","?","T","E","?","M","?","?","R","BOSS"],"items_purchased_type":["Card","Card","Card","Card","Relic","Card","Card","Card","Card"],"build_version":"2020-12-22","purchased_purges":0,"victory":false,"max_hp_per_floor":[65,65,65,65,65,75,75,75,75,75,75,75,75,75,75,75,80,80,80,80,80,80,80,80,80,80,80,80,80,80,80,80,80,80,80,80,80,80,80,80,80,80,80,80,80,80,80,80,80,80,80],"card_choices":[{"not_picked":["Revamp","BottledTime"],"picked":"Starlight","floor":1},{"not_picked":["Alleviate","ShatteredReality"],"picked":"Gouge","floor":6},{"not_picked":["RealityMarble","Barrier"],"picked":"SurpressingFire","floor":8},{"not_picked":["Gouge","ShiftingGears"],"picked":"Barrier","floor":11},{"not_picked":["Initiator","Dilation"],"picked":"Sunlight","floor":16},{"not_picked":["FastForward","BottledTime"],"picked":"Spin","floor":17},{"not_picked":["GearUp","FastForward"],"picked":"DualDimension","floor":18},{"not_picked":["BestPractice","Replace"],"picked":"Rearm","floor":20},{"not_picked":["Collapse","GearUp"],"picked":"Advance+1","floor":22},{"not_picked":["Rewind","TimeWarp+1"],"picked":"BestPractice","floor":24},{"not_picked":["DualDimension","WasteNot"],"picked":"Manipulate","floor":28},{"not_picked":["Revamp","Duplication"],"picked":"Misdirection+1","floor":29},{"not_picked":["Alleviate","Rewind"],"picked":"DoubleEdge","floor":31},{"not_picked":["Duplication","Solidify"],"picked":"Dilation","floor":33},{"not_picked":["Unruled+1","DoubleEdge+1"],"picked":"Moondial+1","floor":35},{"not_picked":["Good Instincts","PanicButton"],"picked":"Enlightenment","floor":37},{"not_picked":["TimeWarp+1","BottledTime"],"picked":"ReturningBlade+1","floor":39},{"not_picked":["Moondial","Rearm"],"picked":"SilverBlades","floor":44},{"not_picked":["Alleviate+1","Foresight+1"],"picked":"Hightail+1","floor":46},{"not_picked":["Rearm+1","Spin+1"],"picked":"Gouge+1","floor":48}],"player_experience":157481,"relics_obtained":[{"floor":6,"key":"Pear"},{"floor":9,"key":"Juzu Bracelet"},{"floor":20,"key":"Red Mask"},{"floor":24,"key":"Centennial Puzzle"},{"floor":26,"key":"Girya"},{"floor":42,"key":"Bronze Scales"},{"floor":43,"key":"Bag of Marbles"},{"floor":44,"key":"Kunai"},{"floor":44,"key":"Molten Egg 2"},{"floor":48,"key":"Turnip"}],"event_choices":[{"damage_healed":0,"gold_gain":75,"player_choice":"Gold","damage_taken":11,"max_hp_gain":0,"max_hp_loss":0,"event_name":"betterThird:BetterGoop","floor":2,"gold_loss":0},{"damage_healed":53,"gold_gain":0,"player_choice":"Embrace Burn","damage_taken":0,"max_hp_gain":0,"max_hp_loss":65,"event_name":"betterThird:BetterShining","floor":3,"gold_loss":0},{"cards_removed":["Burn"],"damage_healed":0,"gold_gain":0,"player_choice":"Gave Card","damage_taken":0,"relics_obtained":["Letter Opener"],"max_hp_gain":0,"max_hp_loss":0,"event_name":"WeMeetAgain","floor":4,"gold_loss":0},{"damage_healed":0,"gold_gain":0,"cards_transformed":["Defend_S"],"player_choice":"Transformed","damage_taken":0,"max_hp_gain":0,"max_hp_loss":0,"event_name":"Transmorgrifier","floor":12,"gold_loss":0,"cards_obtained":["RealityMarble"]},{"damage_healed":0,"gold_gain":0,"player_choice":"Madness","damage_taken":0,"relics_obtained":["betterThird:NestCultRelic"],"max_hp_gain":0,"max_hp_loss":0,"event_name":"betterThird:BetterNest","floor":19,"gold_loss":0},{"damage_healed":0,"gold_gain":0,"player_choice":"Fought Bandits","damage_taken":0,"max_hp_gain":0,"max_hp_loss":0,"event_name":"Masked Bandits","floor":20,"gold_loss":0},{"damage_healed":0,"gold_gain":0,"player_choice":"Ignored","damage_taken":0,"max_hp_gain":0,"max_hp_loss":0,"event_name":"NoteForYourself","floor":21,"gold_loss":0},{"damage_healed":0,"gold_gain":0,"player_choice":"Simplicity","damage_taken":0,"max_hp_gain":0,"max_hp_loss":7,"event_name":"betterThird:BetterWriting","floor":27,"gold_loss":0},{"damage_healed":0,"gold_gain":0,"player_choice":"Upgraded Two","damage_taken":0,"max_hp_gain":0,"max_hp_loss":0,"event_name":"Designer","floor":36,"gold_loss":40,"cards_upgraded":["Sunlight","Comet"]},{"damage_healed":0,"gold_gain":0,"player_choice":"Memory 1","damage_taken":0,"max_hp_gain":0,"max_hp_loss":0,"event_name":"SensoryStone","floor":37,"gold_loss":0},{"cards_removed":["Defend_S"],"damage_healed":0,"gold_gain":0,"player_choice":"Removed Skill","damage_taken":0,"max_hp_gain":0,"max_hp_loss":0,"event_name":"Falling","floor":38,"gold_loss":0},{"damage_healed":0,"gold_gain":0,"player_choice":"Copied","damage_taken":0,"max_hp_gain":0,"max_hp_loss":0,"event_name":"Duplicator","floor":45,"gold_loss":0,"cards_obtained":["SilverBlades"]},{"damage_healed":0,"gold_gain":0,"player_choice":"Fight","damage_taken":0,"max_hp_gain":0,"max_hp_loss":0,"event_name":"MindBloom","floor":48,"gold_loss":0}],"is_beta":false,"boss_relics":[{"not_picked":["Empty Cage","Runic Pyramid"],"picked":"Tiny House"},{"not_picked":["Astrolabe","SlaversCollar"],"picked":"Black Star"}],"items_purged_floors":[],"is_endless":false,"potions_floor_spawned":[16,24,28,31,35,48],"killed_by":"Time Eater","ascension_level":0}}