{"host":"h1qktzcccqnez8tx","time":1612038152,"event":{"mods":["AchievementEnabler","BaseMod","Bestiary","Better Note","Block Reminder","Colored Map","Colored Powertips","Curses Come First","Downfall","Highlight Path","Infinite Spire","Minty Spire (QoL Compilation)","Permanent Neow","Quick Restart","Relic Stats","Replay The Spire","Say the Spire","StSLib","UnlockEverythingMod"],"gold_per_floor":[99,113,128,128,146,146,172,172,194,204,239,250,250,268,278,380,380,380,400,400,400,400,414,414,441,441,441,441,276,292,302,322,322,322,322],"floor_reached":33,"language":"ENG","playtime":1671,"items_purged":["hexamod:GhostOfSpireFuture+1"],"score":409,"play_id":"b55cde8f-68a2-40e3-a488-6604643d8fb4","local_time":"20210130212232","daily_mods":["Hoarder"],"is_ascension_mode":true,"campfire_choices":[{"data":"hexamod:Float","floor":1,"key":"SMITH"},{"data":"hexamod:FlamesFromBeyond","floor":13,"key":"SMITH"},{"data":"hexamod:FlamesFromBeyond","floor":18,"key":"SMITH"},{"data":"infinitespire:Collect","floor":27,"key":"SMITH"}],"circlet_count":0,"master_deck":["hexamod:Defend","hexamod:Defend","hexamod:Defend","hexamod:Defend","hexamod:Sear","hexamod:Float+1","hexamod:HauntingEcho","hexamod:HauntingEcho","hexamod:HauntingEcho","hexamod:NightmareGuise","hexamod:NightmareGuise","hexamod:NightmareGuise","hexamod:FlamesFromBeyond+1","hexamod:FlamesFromBeyond","hexamod:FlamesFromBeyond+1","infinitespire:Collect","infinitespire:Collect","infinitespire:Collect+1","hexamod:PhantomFireball","hexamod:PhantomFireball","hexamod:PhantomFireball","hexamod:ThermalTransfer","hexamod:ThermalTransfer","hexamod:ThermalTransfer","hexamod:BurningTouch","hexamod:BurningTouch","hexamod:BurningTouch","hexamod:TimeOfNeed","hexamod:TimeOfNeed","hexamod:TimeOfNeed","hexamod:WildfireWeapon+1","hexamod:WildfireWeapon+1","hexamod:WildfireWeapon+1","hexamod:NecessarySacrifice+1","hexamod:NecessarySacrifice+1","hexamod:NecessarySacrifice+1","hexamod:GhostOfSpireFuture+1","hexamod:BurningTouch+1","hexamod:BurningTouch+1","hexamod:BurningTouch+1","hexamod:EmpoweredFlame","hexamod:EmpoweredFlame","hexamod:EmpoweredFlame","hexamod:FlamesFromBeyond","hexamod:FlamesFromBeyond","hexamod:FlamesFromBeyond","hexamod:DynamicBlow","hexamod:DynamicBlow","hexamod:DynamicBlow","hexamod:FlamesFromBeyond","hexamod:FlamesFromBeyond","hexamod:FlamesFromBeyond"],"relics":["hexamod:SpiritBrand","replay:Trail_Library","MealTicket","Odd Mushroom","Sundial","Astrolabe","ReplayTheSpireMod:Ninjato","Replay:Bottled Steam","Dream Catcher","Orichalcum"],"acts_visited":["Exordium","TheCity"],"potions_floor_usage":[16,16,32,33],"damage_taken":[{"damage":0,"enemies":"2 Louse","floor":2,"turns":4},{"damage":0,"enemies":"Small Slimes","floor":3,"turns":4},{"damage":0,"enemies":"Jaw Worm","floor":5,"turns":2},{"damage":4,"enemies":"The Mushroom Lair","floor":9,"turns":4},{"damage":0,"enemies":"Large Slime","floor":10,"turns":3},{"damage":8,"enemies":"Gremlin Nob","floor":11,"turns":3},{"damage":0,"enemies":"3 Louse","floor":12,"turns":3},{"damage":0,"enemies":"2 Fungi Beasts","floor":14,"turns":2},{"damage":0,"enemies":"Exordium Thugs","floor":15,"turns":4},{"damage":21,"enemies":"DF_ARCHETYPE_STREAMLINE","floor":16,"turns":7},{"damage":12,"enemies":"3 Byrds","floor":19,"turns":3},{"damage":0,"enemies":"Shell Parasite","floor":23,"turns":5},{"damage":14,"enemies":"Book of Stabbing","floor":25,"turns":4},{"damage":0,"enemies":"downfall:FleeingMerchant","floor":29,"turns":4},{"damage":17,"enemies":"Centurion and Healer","floor":30,"turns":6},{"damage":8,"enemies":"3 Cultists","floor":31,"turns":6},{"damage":22,"enemies":"Snake Plant","floor":32,"turns":3},{"damage":14,"enemies":"IC_MUSHROOM_ARCHETYPE","floor":33,"turns":4}],"seed_played":"4813945890195781518","potions_obtained":[{"floor":3,"key":"hexamod:SoulburnPotion"},{"floor":5,"key":"Languid Potion"},{"floor":9,"key":"Fire Potion"},{"floor":15,"key":"Death Potion"},{"floor":19,"key":"Toxic Potion"},{"floor":31,"key":"DistilledChaos"}],"is_trial":true,"path_per_floor":["R","M","M","?","M","?","T","?","?","M","E","M","R","M","M","B",null,"R","M","?","?","AVR","M","T","E","?","R","?","$","M","M","M","B"],"character_chosen":"THE_SPIRIT","items_purchased":["Orichalcum"],"campfire_rested":0,"item_purchase_floors":[29],"current_hp_per_floor":[70,70,70,70,70,70,70,53,49,49,41,41,41,41,41,20,70,70,58,58,58,58,58,58,44,44,44,44,59,42,34,12,0,0,0],"gold":322,"neow_bonus":"","is_daily":false,"chose_seed":false,"campfire_upgraded":4,"win_rate":0.0,"timestamp":1612038152,"path_taken":["R","M","M","?","M","?","T","?","?","M","E","M","R","M","M","BOSS","R","M","?","?","AVR","M","T","E","?","R","?","?","M","M","M","BOSS"],"items_purchased_type":["Relic"],"build_version":"2020-12-22","purchased_purges":1,"victory":false,"max_hp_per_floor":[70,70,70,70,70,70,70,70,70,70,70,70,70,70,70,70,70,70,70,70,70,70,70,70,70,70,70,70,70,70,70,70,70,70,70],"relic_stats":{"Dream Catcher":0,"counters":[18,71],"Sundial":[2],"Astrolabe":["hexamod:WildfireWeapon","hexamod:NecessarySacrifice","hexamod:GhostOfSpireFuture"],"MealTicket":15,"Orichalcum":[24],"obtain_stats":[{"Dream Catcher":25,"downfall:BrokenWingStatue":4,"ReplayTheSpireMod:Ninjato":22,"Sundial":11,"Astrolabe":17,"MealTicket":7,"Odd Mushroom":9,"Orichalcum":29,"hexamod:SpiritBrand":0,"replay:Trail_Library":0,"Replay:Bottled Steam":24},{"Dream Catcher":13,"downfall:BrokenWingStatue":2,"ReplayTheSpireMod:Ninjato":11,"Sundial":6,"Astrolabe":10,"MealTicket":3,"Odd Mushroom":4,"Orichalcum":14,"hexamod:SpiritBrand":0,"replay:Trail_Library":0,"Replay:Bottled Steam":12},{"Dream Catcher":48,"downfall:BrokenWingStatue":8,"ReplayTheSpireMod:Ninjato":39,"Sundial":20,"Astrolabe":36,"MealTicket":10,"Odd Mushroom":14,"Orichalcum":52,"hexamod:SpiritBrand":0,"replay:Trail_Library":0,"Replay:Bottled Steam":44}]},"card_choices":[{"not_picked":["hexamod:AdvancingGuard","hexamod:RecurringNightmare","hexamod:Again"],"picked":"SKIP","floor":2},{"not_picked":["hexamod:SoulSteal","hexamod:RadiantFlame"],"picked":"hexamod:HauntingEcho","floor":3},{"not_picked":["hexamod:InspiringFlames","hexamod:FirstSeal"],"picked":"hexamod:NightmareGuise","floor":5},{"not_picked":["ReplayTheSpireMod:??????????????????????","infinitespire:Punishment"],"picked":"infinitespire:Collect","floor":8},{"not_picked":["hexamod:GhostOfSpireFuture","hexamod:ThirdSeal"],"picked":"hexamod:PhantomFireball","floor":10},{"not_picked":["hexamod:HeatCrush","hexamod:GhostShield","hexamod:FirstSeal"],"picked":"SKIP","floor":11},{"not_picked":["hexamod:PhantomCloak","hexamod:GhostOfSpireFuture"],"picked":"hexamod:ThermalTransfer","floor":12},{"not_picked":["hexamod:Incineration","hexamod:RadiantFlame"],"picked":"hexamod:BurningTouch","floor":14},{"not_picked":["hexamod:CatchUp","hexamod:AdvancingGuard","hexamod:HeatCrush"],"picked":"SKIP","floor":15},{"not_picked":["hexamod:WildfireWeapon","hexamod:FlameSwitch"],"picked":"hexamod:TimeOfNeed","floor":16},{"not_picked":["hexamod:SwordOfDarkness+1","hexamod:FirstSeal","hexamod:HeatMetal"],"picked":"SKIP","floor":19},{"not_picked":["hexamod:FastForward","hexamod:SpectersWail"],"picked":"hexamod:BurningTouch+1","floor":23},{"not_picked":["hexamod:SkipABeat","hexamod:EtherealExpedition+1"],"picked":"hexamod:EmpoweredFlame","floor":25},{"not_picked":["hexamod:FastForward","hexamod:Again","hexamod:StepThrough"],"picked":"SKIP","floor":29},{"not_picked":["hexamod:AdvancingGuard+1","hexamod:Firestarter"],"picked":"hexamod:DynamicBlow","floor":30},{"not_picked":["hexamod:Again","hexamod:RetreatToShadows","hexamod:NightmareGuise"],"picked":"SKIP","floor":31},{"not_picked":["hexamod:ThermalTransfer+1","hexamod:InspiringFlames"],"picked":"hexamod:FlamesFromBeyond","floor":32}],"player_experience":303584,"relics_obtained":[{"floor":7,"key":"MealTicket"},{"floor":9,"key":"Odd Mushroom"},{"floor":11,"key":"Sundial"},{"floor":24,"key":"Replay:Bottled Steam"},{"floor":25,"key":"Dream Catcher"}],"event_choices":[{"damage_healed":0,"gold_gain":0,"player_choice":"Fought Mushrooms","damage_taken":0,"max_hp_gain":0,"max_hp_loss":0,"event_name":"Mushrooms","floor":9,"gold_loss":0},{"damage_healed":0,"gold_gain":0,"player_choice":"Ignored","damage_taken":0,"max_hp_gain":0,"max_hp_loss":0,"event_name":"Vampires","floor":28,"gold_loss":0}],"is_beta":false,"boss_relics":[{"not_picked":["Busted Crown","Velvet Choker"],"picked":"Astrolabe"}],"items_purged_floors":[22],"is_endless":false,"potions_floor_spawned":[3,5,9,14,15,19,31],"killed_by":"IC_MUSHROOM_ARCHETYPE","ascension_level":1}}