{"host":"hkj1blq6xqcrzx6o","time":1612022377,"event":{"mods":["BaseMod","Downfall","Lobotomy","Minty Spire (QoL Compilation)","Replay The Spire","StSLib","The Cursed","The Servant 0.9.4"],"gold_per_floor":[115,22,36,50,62,137,137,148,171,15,26,52,52,52,52,147,147,159,159,170,170,170],"floor_reached":21,"language":"ZHS","playtime":1009,"items_purged":[],"score":181,"play_id":"18a5eea2-ae1a-4dbe-b578-cca5562ee3de","local_time":"20210130235937","is_ascension_mode":false,"campfire_choices":[{"floor":7,"key":"REST"},{"floor":13,"key":"REST"},{"floor":15,"key":"DIG"}],"circlet_count":0,"master_deck":["Strike_B","Strike_B","Strike_B","Strike_B","Defend_B","Defend_B","Defend_B","Defend_B","Zap","Dualcast","All For One","Sweeping Beam","Capacitor","Steam","BootSequence","Go for the Eyes","Blind","Ball Lightning","Loop","BasicCrystalCard","Mirror Shield","Melter","BasicCrystalCard+1","Finesse","Reboot","Conserve Battery","Static Discharge","Gash"],"relics":["Cracked Core","MealTicket","Nunchaku","Prayer Wheel","Geode","Boot","Replay:Bronze Core"],"acts_visited":["Exordium","TheCity"],"potions_floor_usage":[16,16],"damage_taken":[{"damage":7,"enemies":"Small Slimes","floor":1,"turns":3},{"damage":1,"enemies":"Cultist","floor":3,"turns":3},{"damage":8,"enemies":"Jaw Worm","floor":4,"turns":3},{"damage":16,"enemies":"Red Slaver","floor":5,"turns":3},{"damage":5,"enemies":"Lots of Slimes","floor":8,"turns":3},{"damage":7,"enemies":"Exordium Thugs","floor":11,"turns":4},{"damage":17,"enemies":"Gremlin Nob","floor":12,"turns":4},{"damage":44,"enemies":"The Guardian","floor":16,"turns":9},{"damage":18,"enemies":"Spheric Guardian","floor":18,"turns":7},{"damage":9,"enemies":"Chosen","floor":20,"turns":8},{"damage":0,"enemies":"Sentry and Sphere","floor":21,"turns":1}],"seed_played":"-5102987894267773493","potions_obtained":[{"floor":3,"key":"BlessingOfTheForge"},{"floor":5,"key":"SteroidPotion"},{"floor":8,"key":"AttackPotion"},{"floor":18,"key":"Strength Potion"}],"is_trial":false,"path_per_floor":["M","?","M","M","M","?","R","M","T","$","M","E","R","?","R","B",null,"M","?","M","M"],"character_chosen":"DEFECT","items_purchased":["ReplayTheSpireMod:Fabricate Wheel","Blind"],"campfire_rested":2,"item_purchase_floors":[10,10],"current_hp_per_floor":[68,68,67,59,43,32,54,49,49,64,57,40,62,62,62,18,75,57,57,48,48,48],"gold":170,"neow_bonus":"ONE_RANDOM_RARE_CARD","is_daily":false,"chose_seed":false,"campfire_upgraded":0,"win_rate":0.0,"timestamp":1612022377,"path_taken":["M","?","M","?","M","?","R","M","T","$","M","E","R","?","R","BOSS","M","?","M","?"],"items_purchased_type":["Card","Card"],"build_version":"2020-12-22","purchased_purges":0,"victory":false,"max_hp_per_floor":[75,75,75,75,75,75,75,75,75,75,75,75,75,75,75,75,75,75,75,75,75,75],"card_choices":[{"not_picked":["BasicCrystalCard","Aggregate"],"picked":"Sweeping Beam","floor":1},{"not_picked":["Blizzard","Skim"],"picked":"Capacitor","floor":3},{"not_picked":["Reinforced Body","Coolheaded"],"picked":"Steam","floor":4},{"not_picked":["BasicCrystalCard","Ball Lightning"],"picked":"BootSequence","floor":5},{"not_picked":["Aggregate","Coolheaded"],"picked":"Go for the Eyes","floor":8},{"not_picked":["Conserve Battery","Streamline"],"picked":"Ball Lightning","floor":11},{"not_picked":["Cold Snap","ReplayTheSpireMod:Reroute Power"],"picked":"Loop","floor":11},{"not_picked":["Coolheaded","ReplayTheSpireMod:Reroute Power"],"picked":"BasicCrystalCard","floor":12},{"not_picked":["Seek","ReplayTheSpireMod:Fabricate Wheel"],"picked":"Mirror Shield","floor":16},{"not_picked":["Panic Button","Gash"],"picked":"Melter","floor":18},{"not_picked":["Beam Cell","Heatsinks"],"picked":"BasicCrystalCard+1","floor":18},{"not_picked":["Compile Driver+1","Beam Cell"],"picked":"Static Discharge","floor":20},{"not_picked":["Force Field","Hologram"],"picked":"Gash","floor":20}],"player_experience":18358,"relics_obtained":[{"floor":9,"key":"Nunchaku"},{"floor":12,"key":"Geode"},{"floor":15,"key":"Boot"}],"event_choices":[{"damage_healed":0,"gold_gain":0,"player_choice":"Paid Gold","damage_taken":0,"relics_obtained":["MealTicket"],"max_hp_gain":0,"max_hp_loss":0,"event_name":"WeMeetAgain","floor":2,"gold_loss":93},{"damage_healed":0,"gold_gain":75,"player_choice":"Gather Gold","damage_taken":11,"max_hp_gain":0,"max_hp_loss":0,"event_name":"World of Goop","floor":6,"gold_loss":0},{"damage_healed":0,"gold_gain":0,"player_choice":"Bought 0 Potions","damage_taken":0,"max_hp_gain":0,"max_hp_loss":0,"event_name":"The Woman in Blue","floor":14,"gold_loss":0},{"damage_healed":0,"gold_gain":0,"player_choice":"3 cards matched","damage_taken":0,"max_hp_gain":0,"max_hp_loss":0,"event_name":"Match and Keep!","floor":19,"gold_loss":0,"cards_obtained":["Finesse","Reboot","Conserve Battery"]}],"is_beta":false,"boss_relics":[{"not_picked":["Fusion Hammer","bronze:MakeshiftBattery"],"picked":"Replay:Bronze Core"}],"items_purged_floors":[],"is_endless":false,"potions_floor_spawned":[3,5,8,12,18],"killed_by":"Sentry and Sphere","ascension_level":0}}