{"host":"ty7uytdfitsmf36k","time":1612050326,"event":{"mods":["AchievementEnabler","BaseMod","Colored Map","Colored Powertips","DeckTracker","Downfall","Infinite Spire","Minty Spire (QoL Compilation)","Relic Stats","Replay The Spire","Spire Arcade","StSLib","SuperFastMode","The Jungle","Wandering Minibosses"],"gold_per_floor":[109,126,142,153,169,169,169,169,195,195,214,226,244,258,258,358,358,377,377,377],"floor_reached":19,"language":"ENG","playtime":399,"items_purged":[],"score":215,"play_id":"50bfc1a5-a259-43ea-8360-3f788c59ae64","local_time":"20210130184526","is_ascension_mode":false,"campfire_choices":[{"data":"Eruption","floor":6.0,"key":"SMITH"},{"data":"Adaptation","floor":8.0,"key":"SMITH"},{"data":"TalkToTheHand","floor":10,"key":"SMITH"},{"floor":15,"key":"REST"}],"circlet_count":0,"master_deck":["Strike_P","Strike_P","Strike_P","Strike_P","Defend_P","Defend_P","Defend_P","Defend_P","Eruption+1","Vigilance","FollowUp","Adaptation+1","Replay:BluntJabs","TalkToTheHand+1","Ragnarok","Evaluate","DeusExMachina"],"relics":["PureWater","NeowsBlessing","theJungle:SpiritDisease"],"acts_visited":["Exordium","theJungle:Jungle"],"potions_floor_usage":[16,16,18],"damage_taken":[{"damage":0.0,"enemies":"Small Slimes","floor":1.0,"turns":1.0},{"damage":0.0,"enemies":"Cultist","floor":2.0,"turns":1.0},{"damage":5.0,"enemies":"2 Louse","floor":3.0,"turns":5.0},{"damage":5.0,"enemies":"Looter","floor":4.0,"turns":2.0},{"damage":12.0,"enemies":"Exordium Wildlife","floor":5.0,"turns":4.0},{"damage":7,"enemies":"Large Slime","floor":11,"turns":3},{"damage":5,"enemies":"3 Louse","floor":12,"turns":3},{"damage":30,"enemies":"2 Fungi Beasts","floor":13,"turns":6},{"damage":0,"enemies":"Looter","floor":14,"turns":3},{"damage":0,"enemies":"Slime Boss","floor":16,"turns":5},{"damage":7,"enemies":"theJungle:Flameango_and_Byrd","floor":18,"turns":8}],"seed_played":"1279530959658731125","potions_obtained":[{"floor":2.0,"key":"GamblersBrew"},{"floor":3.0,"key":"Strength Potion"},{"floor":5.0,"key":"ColorlessPotion"},{"floor":7.0,"key":"SmokeBomb"},{"floor":16,"key":"Block Potion"},{"floor":18,"key":"AttackPotion"}],"is_trial":false,"path_per_floor":["M","M","M","M","M","R","?","R","T","R","M","M","M","M","R","B",null,"M","?"],"character_chosen":"WATCHER","items_purchased":[],"campfire_rested":1,"item_purchase_floors":[],"current_hp_per_floor":[72,72,67,62,50,50,50,50,50,50,43,38,8,8,29,29,72,65,65,65],"gold":377,"neow_bonus":"THREE_ENEMY_KILL","is_daily":false,"chose_seed":false,"campfire_upgraded":3,"win_rate":0.0,"timestamp":1612050326,"path_taken":["M","M","M","M","M","R","?","R","T","R","M","?","?","M","R","BOSS","M","?"],"items_purchased_type":[],"build_version":"2020-12-22","purchased_purges":0,"victory":false,"max_hp_per_floor":[72,72,72,72,72,72,72,72,72,72,72,72,72,72,72,72,72,72,72,72],"relic_stats":{"counters":[11,41],"obtain_stats":[{"NeowsBlessing":0,"theJungle:SpiritDisease":19,"PureWater":0},{"NeowsBlessing":0,"theJungle:SpiritDisease":11,"PureWater":0},{"NeowsBlessing":0,"theJungle:SpiritDisease":41,"PureWater":0}]},"card_choices":[{"not_picked":["Prostrate","Indignation"],"picked":"FollowUp","floor":1.0},{"not_picked":["Replay:Battleflow","PathToVictory"],"picked":"Adaptation","floor":2.0},{"not_picked":["Replay:ManipulateFuture","CrushJoints"],"picked":"Replay:BluntJabs","floor":3.0},{"not_picked":["Evaluate","EmptyFist"],"picked":"TalkToTheHand","floor":4.0},{"not_picked":["Replay:ManipulateFuture","FlyingSleeves","Wireheading"],"picked":"SKIP","floor":5.0},{"not_picked":["ReachHeaven","Consecrate","Replay:Hum"],"picked":"SKIP","floor":11},{"not_picked":["Wireheading","Replay:ManipulateFuture"],"picked":"Ragnarok","floor":12},{"not_picked":["WaveOfTheHand","Crescendo"],"picked":"Evaluate","floor":13},{"not_picked":["Evaluate","FlyingSleeves","Replay:AtTheReady"],"picked":"SKIP","floor":14},{"not_picked":["Wish","MasterReality"],"picked":"DeusExMachina","floor":16},{"not_picked":["Fasting2","CutThroughFate","Evaluate"],"picked":"SKIP","floor":18}],"player_experience":207112,"relics_obtained":[],"event_choices":[{"damage_healed":0.0,"max_hp_gain":0.0,"max_hp_loss":0.0,"gold_gain":0.0,"event_name":"Lab","player_choice":"Got Potions","floor":7.0,"gold_loss":0.0,"damage_taken":0.0}],"is_beta":false,"boss_relics":[{"not_picked":["Philosopher\u0027s Stone","Runic Dome","Replay:Fungal Core"]}],"items_purged_floors":[],"is_endless":false,"potions_floor_spawned":[2,3,5,16,18],"ascension_level":0}}