{"host":"jumrmhf584hajrnz","time":1612003302,"event":{"mods":["BaseMod","Duelist Mod","GifTheSpireLib","Minty Spire (QoL Compilation)","Quick Restart","StSLib"],"gold_per_floor":[135,135,135,106,125,125,172,201,201,227,243,271,271,291,291,362,362,382,382,398,398,149,149,176,176,176,176,208,220,251,251,251,325,325,342,342,342,152,177,177,196,224,301,301,313,327,339,366,366,366,366,366,366,48,81,81],"floor_reached":57,"language":"ENG","playtime":4473,"items_purged":["theDuelist:CurseArmaments","Parasite"],"score":3018,"play_id":"1b9fb424-0ece-4eb1-a5b4-58280cb7b01d","local_time":"20210130114142","is_ascension_mode":true,"campfire_choices":[{"floor":6.0,"key":"REST"},{"floor":13.0,"key":"REST"},{"floor":15.0,"key":"REST"},{"floor":23.0,"key":"REST"},{"floor":25.0,"key":"REST"},{"floor":27.0,"key":"RECALL"},{"data":"theDuelist:Lajinn","floor":32.0,"key":"SMITH"},{"floor":40.0,"key":"REST"},{"floor":49.0,"key":"REST"},{"floor":53.0,"key":"REST"}],"circlet_count":0,"master_deck":["theDuelist:ArchfiendSoldier+1","theDuelist:ArchfiendSoldier","theDuelist:ArchfiendSoldier","AscendersBane","theDuelist:CastleWalls+1","theDuelist:CastleWalls+1","theDuelist:CastleWalls+1","theDuelist:FiendMegacyber","theDuelist:SummonedSkull","theDuelist:GarbageLord+1","theDuelist:DarklordMarie","theDuelist:AmbitiousGofer","theDuelist:UmbralHorrorGhost","theDuelist:HaneHane","theDuelist:MsJudge","theDuelist:Relinkuriboh","theDuelist:WeepingIdol","theDuelist:ArchfiendCommander","theDuelist:FiendishChain","Necronomicurse","theDuelist:Relinkuriboh","theDuelist:Doomdog","theDuelist:Lajinn+1","theDuelist:ArchfiendHeiress","theDuelist:ArchfiendGeneral+1","theDuelist:TwinHeadedWolf+1","theDuelist:HaneHane+1","theDuelist:CallGrave","theDuelist:SlateWarrior+1","theDuelist:DoomsdayHorror+1","theDuelist:DarklordMarie+1","theDuelist:ArchfiendCommander+1","theDuelist:DarklordMarie+1","theDuelist:RainbowKuriboh","theDuelist:BottomlessTrapHole","theDuelist:GoblinKing","theDuelist:Doomdog","theDuelist:PortraitSecret","theDuelist:DarkEnergy+1"],"relics":["theDuelist:MillenniumPuzzle","theDuelist:CardPoolRelic","theDuelist:CardPoolBasicRelic","theDuelist:BoosterPackPoolRelic","theDuelist:CardPoolAddRelic","theDuelist:CardPoolMinusRelic","theDuelist:CardPoolSaveRelic","theDuelist:CardPoolOptionsRelic","NeowsBlessing","theDuelist:NamelessWarRelicA","theDuelist:SolderToken","PreservedInsect","Vajra","Mummified Hand","Mark of Pain","Necronomicon","theDuelist:MillenniumRod","theDuelist:DuelistOrichalcum","HornCleat","Ginger","theDuelist:TributeEggRelic","Sozu","theDuelist:MillenniumRod","Dead Branch","Nunchaku","Mercury Hourglass","theDuelist:MonsterEggRelic","theDuelist:Spellheart","Boot"],"acts_visited":["Exordium","TheCity","TheBeyond","TheEnding"],"potions_floor_usage":[],"damage_taken":[{"damage":0.0,"enemies":"Jaw Worm","floor":1.0,"turns":1.0},{"damage":0.0,"enemies":"Small Slimes","floor":5.0,"turns":1.0},{"damage":0.0,"enemies":"3 Sentries","floor":8.0,"turns":1.0},{"damage":30.0,"enemies":"Gremlin Nob","floor":10.0,"turns":4.0},{"damage":0.0,"enemies":"Cultist","floor":11.0,"turns":2.0},{"damage":11.0,"enemies":"3 Sentries","floor":12.0,"turns":4.0},{"damage":6.0,"enemies":"Red Slaver","floor":14.0,"turns":2.0},{"damage":11.0,"enemies":"Hexaghost","floor":16.0,"turns":6.0},{"damage":16.0,"enemies":"Spheric Guardian","floor":18.0,"turns":4.0},{"damage":13.0,"enemies":"3 Byrds","floor":20.0,"turns":4.0},{"damage":5.0,"enemies":"Slavers","floor":24.0,"turns":3.0},{"damage":13.0,"enemies":"theDuelist:KaibaA2","floor":28.0,"turns":3.0},{"damage":0.0,"enemies":"Snecko","floor":29.0,"turns":4.0},{"damage":0.0,"enemies":"Gremlin Leader","floor":30.0,"turns":3.0},{"damage":25.0,"enemies":"Champ","floor":33.0,"turns":7.0},{"damage":14.0,"enemies":"3 Shapes","floor":35.0,"turns":3.0},{"damage":0.0,"enemies":"Mind Bloom Boss Battle","floor":39.0,"turns":2.0},{"damage":9.0,"enemies":"Orb Walker","floor":41.0,"turns":2.0},{"damage":0.0,"enemies":"Reptomancer","floor":42.0,"turns":3.0},{"damage":10.0,"enemies":"Writhing Mass","floor":45.0,"turns":3.0},{"damage":0.0,"enemies":"Jaw Worm Horde","floor":46.0,"turns":1.0},{"damage":0.0,"enemies":"Transient","floor":47.0,"turns":6.0},{"damage":0.0,"enemies":"Nemesis","floor":48.0,"turns":5.0},{"damage":16.0,"enemies":"Donu and Deca","floor":50.0,"turns":4.0},{"damage":29.0,"enemies":"Time Eater","floor":51.0,"turns":4.0},{"damage":4.0,"enemies":"Shield and Spear","floor":55.0,"turns":2.0},{"damage":86,"enemies":"The Heart","floor":56,"turns":7}],"seed_played":"-6117373039784119583","potions_obtained":[{"floor":5.0,"key":"Block Potion"},{"floor":10.0,"key":"theDuelist:DebuffFuryPotion"},{"floor":12.0,"key":"FearPotion"},{"floor":16.0,"key":"Weak Potion"},{"floor":20.0,"key":"EssenceOfDarkness"}],"is_trial":false,"path_per_floor":["M","?","?","$","M","R","T","E","T","E","M","E","R","M","R","B",null,"M","?","M","?","$","R","E","R","T","R","E","M","E","?","R","B",null,"M","?","?","?","?","R","M","E","T","?","M","M","M","E","R","B","B",null,"R","$","E","B",null],"character_chosen":"THE_DUELIST","items_purchased":["theDuelist:DarklordMarie","theDuelist:Doomdog","theDuelist:Lajinn","theDuelist:ArchfiendHeiress","theDuelist:Spellheart","theDuelist:PortraitSecret"],"campfire_rested":8,"item_purchase_floors":[4,22,22,22,54,54],"current_hp_per_floor":[63,53,32,32,32,53,53,53,53,26,26,15,36,30,51,40,63,50,29,16,16,16,37,32,53,53,53,40,43,43,43,43,21,58,44,44,44,44,47,68,59,59,59,73,69,69,69,69,84,68,39,73,84,97,93,7],"gold":81,"neow_bonus":"THREE_ENEMY_KILL","is_daily":false,"chose_seed":false,"campfire_upgraded":1,"win_rate":0.0,"timestamp":1612003302,"path_taken":["M","?","?","$","M","R","?","E","T","E","?","E","R","M","R","BOSS","M","?","M","?","$","R","E","R","T","R","E","M","E","?","R","BOSS","M","?","?","?","?","R","M","E","T","?","M","?","M","E","R","BOSS","BOSS","R","$","E","BOSS"],"items_purchased_type":["Card","Card","Card","Card","Relic","Card"],"build_version":"2020-12-22","purchased_purges":2,"victory":true,"max_hp_per_floor":[70,70,70,70,70,70,70,70,70,70,70,70,70,70,70,70,70,70,70,70,70,70,70,70,70,70,70,70,70,70,70,70,70,70,70,70,70,70,70,70,70,70,70,84,84,84,84,84,84,84,84,84,84,97,97,97],"card_choices":[{"not_picked":["theDuelist:PotDuality","theDuelist:UmbralHorrorGhost","theDuelist:SkullArchfiend","theDuelist:UmbralHorrorWilloWisp"],"picked":"theDuelist:GarbageLord","floor":1.0},{"not_picked":["theDuelist:KingYami","theDuelist:SummonedSkull","theDuelist:UmbralHorrorUniform","theDuelist:PotDuality"],"picked":"theDuelist:AmbitiousGofer","floor":5.0},{"not_picked":["theDuelist:AmbitiousGofer","theDuelist:GiantOrc","theDuelist:CheerfulCoffin","theDuelist:Zombyra"],"picked":"theDuelist:UmbralHorrorGhost","floor":8.0},{"not_picked":["theDuelist:DestroyerGolem","theDuelist:FeatherPho","theDuelist:WormApocalypse","theDuelist:Polymerization"],"picked":"theDuelist:HaneHane","floor":10.0},{"not_picked":["theDuelist:FlyingSaucer","theDuelist:AmbitiousGofer","theDuelist:DarkFusion","theDuelist:PotDuality"],"picked":"theDuelist:MsJudge","floor":11.0},{"not_picked":["theDuelist:CyberArchfiend","theDuelist:PortraitSecret","theDuelist:FiendMegacyber","theDuelist:VanityFiend"],"picked":"theDuelist:Relinkuriboh","floor":12.0},{"not_picked":["theDuelist:GemArmadillo","theDuelist:LabyrinthWall","theDuelist:MillenniumGolem","theDuelist:PotForbidden"],"picked":"theDuelist:WeepingIdol","floor":14.0},{"not_picked":["theDuelist:DarkCubicLord","theDuelist:FeatherShot","theDuelist:FabledGallabas","theDuelist:DarkMasterZorc"],"picked":"theDuelist:ArchfiendCommander","floor":16.0},{"not_picked":["theDuelist:ArchfiendSoldier+1","theDuelist:TerraTerrible","theDuelist:DarkFusion","theDuelist:CheerfulCoffin"],"picked":"theDuelist:FiendishChain","floor":18.0},{"not_picked":["theDuelist:DarkTinker","theDuelist:GiantOrc+1","theDuelist:Pumpking","theDuelist:CosmicHorrorGangiel"],"picked":"theDuelist:Relinkuriboh","floor":20.0},{"not_picked":["theDuelist:WanderingKing","theDuelist:Tierra"],"picked":"theDuelist:ArchfiendGeneral+1","floor":24.0},{"not_picked":["theDuelist:SummonedSkull","theDuelist:Zombyra","theDuelist:GiantOrc+1","theDuelist:Relinkuriboh"],"picked":"theDuelist:TwinHeadedWolf+1","floor":28.0},{"not_picked":["theDuelist:ArchfiendSoldier+1","theDuelist:Sparks","theDuelist:MsJudge","theDuelist:WeepingIdol"],"picked":"theDuelist:HaneHane+1","floor":29.0},{"not_picked":["theDuelist:BerserkerCrush","theDuelist:TributeDoomed","theDuelist:PotDuality","theDuelist:GracefulCharity"],"picked":"theDuelist:DarkEnergy","floor":30.0},{"not_picked":["theDuelist:FabledGallabas","theDuelist:Tierra","theDuelist:ArchfiendCommander","theDuelist:Wildfire+1"],"picked":"theDuelist:CallGrave","floor":33.0},{"not_picked":["theDuelist:TerraTerrible","theDuelist:Pumpking","theDuelist:Zombyra+1","theDuelist:DarkTinker"],"picked":"theDuelist:SlateWarrior+1","floor":35.0},{"not_picked":["theDuelist:Tierra","theDuelist:BerserkerCrush"],"picked":"theDuelist:DoomsdayHorror+1","floor":37.0},{"not_picked":["theDuelist:Relinkuriboh","theDuelist:FiendMegacyber+1","theDuelist:PortraitSecret","theDuelist:TwinHeadedWolf+1"],"picked":"theDuelist:DarklordMarie+1","floor":39.0},{"not_picked":["theDuelist:Tierra","theDuelist:CallGrave","theDuelist:ArchfiendGeneral","theDuelist:Wildfire"],"picked":"theDuelist:ArchfiendCommander+1","floor":41.0},{"not_picked":["theDuelist:ArchfiendHeiress","theDuelist:WanderingKing","theDuelist:PotDichotomy","theDuelist:GilfordLegend"],"picked":"theDuelist:DarklordMarie+1","floor":42.0},{"not_picked":["theDuelist:GreyGreedOni+1","theDuelist:PurplePainOni","theDuelist:RedHeadedOni","theDuelist:YellowBelliedOni"],"picked":"theDuelist:RainbowKuriboh","floor":45.0},{"not_picked":["theDuelist:ArchfiendSoldier","theDuelist:Zombyra","theDuelist:FiendMegacyber","theDuelist:FlyingSaucer+1"],"picked":"theDuelist:BottomlessTrapHole","floor":46.0},{"not_picked":["theDuelist:DarklordMarie","theDuelist:FlyingSaucer+1","theDuelist:Pumpking","theDuelist:Lajinn"],"picked":"theDuelist:GoblinKing","floor":47.0},{"not_picked":["theDuelist:Zombyra+1","theDuelist:BeastTalwar","theDuelist:PortraitSecret","theDuelist:CheerfulCoffin"],"picked":"theDuelist:Doomdog","floor":48.0},{"not_picked":["theDuelist:CheerfulCoffin+1","theDuelist:Electrowhip+1","theDuelist:JamBreeding+1","theDuelist:DarkFusion+4"],"picked":"theDuelist:DarkEnergy+1","floor":55.0}],"player_experience":1631834,"relics_obtained":[{"floor":8.0,"key":"theDuelist:SolderToken"},{"floor":9.0,"key":"PreservedInsect"},{"floor":10.0,"key":"Vajra"},{"floor":12.0,"key":"Mummified Hand"},{"floor":19.0,"key":"Necronomicon"},{"floor":24.0,"key":"theDuelist:DuelistOrichalcum"},{"floor":26.0,"key":"HornCleat"},{"floor":28.0,"key":"Ginger"},{"floor":30.0,"key":"theDuelist:TributeEggRelic"},{"floor":39.0,"key":"Dead Branch"},{"floor":42.0,"key":"Nunchaku"},{"floor":43.0,"key":"Mercury Hourglass"},{"floor":48.0,"key":"theDuelist:MonsterEggRelic"},{"floor":55.0,"key":"Boot"}],"event_choices":[{"total_magic_score":25.0,"gold_gain":0.0,"duelist":true,"damage_taken":10.0,"relics_obtained":["theDuelist:NamelessWarRelicA"],"points":1.0,"war_reward":1.0,"max_hp_gain":0.0,"max_hp_loss":0.0,"spent_points":{"magic":0.0,"greed":0.0,"war":1.0,"power":0.0,"hunger":0.0},"event_name":"Nameless Tomb","floor":2.0,"gold_loss":0.0,"cards_obtained":[]},{"damage_healed":0.0,"max_hp_gain":0.0,"max_hp_loss":0.0,"gold_gain":0.0,"event_name":"Shining Light","player_choice":"Entered Light","floor":3.0,"gold_loss":0.0,"damage_taken":21.0,"cards_upgraded":["theDuelist:GarbageLord","theDuelist:ArchfiendSoldier"]},{"damage_healed":0.0,"max_hp_gain":0.0,"max_hp_loss":0.0,"gold_gain":0.0,"event_name":"Cursed Tome","player_choice":"Obtained Book","floor":19.0,"gold_loss":0.0,"damage_taken":21.0},{"damage_healed":0.0,"max_hp_gain":0.0,"max_hp_loss":0.0,"gold_gain":0.0,"event_name":"Millennium Items","player_choice":"Took item - Received: Millennium Rod","duelist":true,"floor":21.0,"gold_loss":0.0,"damage_taken":0.0},{"damage_healed":0.0,"max_hp_gain":0.0,"max_hp_loss":0.0,"gold_gain":0.0,"event_name":"Back to Basics","player_choice":"Simplicity","floor":31.0,"gold_loss":0.0,"damage_taken":0.0,"cards_upgraded":["theDuelist:CastleWalls","theDuelist:CastleWalls","theDuelist:CastleWalls","theDuelist:Sparks","theDuelist:Sparks"]},{"damage_healed":0.0,"max_hp_gain":0.0,"max_hp_loss":0.0,"gold_gain":0.0,"event_name":"Egyptian Village","player_choice":"Leave","duelist":true,"floor":36.0,"gold_loss":0.0,"damage_taken":0.0},{"damage_healed":0.0,"max_hp_gain":0.0,"max_hp_loss":0.0,"gold_gain":0.0,"event_name":"SensoryStone","player_choice":"Memory 1","floor":37.0,"gold_loss":0.0,"damage_taken":0.0},{"damage_healed":0.0,"max_hp_gain":0.0,"max_hp_loss":0.0,"gold_gain":0.0,"event_name":"Relic Duplicator","player_choice":"Duplicated Relic - Millennium Rod","duelist":true,"floor":38.0,"gold_loss":0.0,"damage_taken":0.0},{"damage_healed":0.0,"max_hp_gain":0.0,"max_hp_loss":0.0,"gold_gain":0.0,"event_name":"MindBloom","player_choice":"Fight","floor":39.0,"gold_loss":0.0,"damage_taken":0.0},{"total_magic_score":84.0,"gold_gain":0.0,"duelist":true,"damage_taken":0.0,"relics_obtained":[],"points":8.0,"war_reward":4.0,"max_hp_gain":14.0,"max_hp_loss":0.0,"spent_points":{"magic":0.0,"greed":0.0,"war":4.0,"power":0.0,"hunger":4.0},"event_name":"Nameless Tomb","hunger_reward":4.0,"floor":44.0,"gold_loss":0.0,"cards_obtained":["theDuelist:Nameless:War:ForbiddenLance"]}],"is_beta":false,"boss_relics":[{"not_picked":["theDuelist:GamblerChip","Black Star"],"picked":"Mark of Pain"},{"not_picked":["theDuelist:MillenniumKey","Snecko Eye"],"picked":"Sozu"}],"items_purged_floors":[22,54],"is_endless":false,"potions_floor_spawned":[5,10,12,16,20,28,35,39,45,47,55],"ascension_level":20}}