{"host":"m4qpn8a4h7jhbw2f","time":1612048015,"event":{"mods":["BaseMod","Colored Map","Colored Powertips","Minty Spire (QoL Compilation)","Rare Cards Sparkle","Relic Stats"],"gold_per_floor":[12,27,45,56,131,131,131,145,168,181,36,36,54,73,73,174,174,190,200,4,20,34,34,52,22,91,109,129,148,148,158,158,158,158],"floor_reached":33,"language":"ENG","playtime":4539,"items_purged":[],"score":274,"play_id":"cdbe76fc-0319-49a5-a1a7-7550b11c9615","local_time":"20210130180655","is_ascension_mode":true,"campfire_choices":[{"data":"Bash","floor":6,"key":"SMITH"},{"data":"Body Slam","floor":15,"key":"SMITH"},{"data":"Body Slam","floor":23,"key":"SMITH"},{"floor":32,"key":"REST"}],"circlet_count":0,"master_deck":["Strike_R+1","Strike_R+1","Defend_R","Defend_R","Defend_R","Bash+1","Iron Wave+1","True Grit","True Grit","Body Slam+1","Offering","Cleave+1","Inflame+1","True Grit+1","Armaments","Shrug It Off","Body Slam+1","Entrench","Body Slam","Iron Wave","Iron Wave"],"relics":["Burning Blood","Bronze Scales","PreservedInsect","Whetstone","Astrolabe","Oddly Smooth Stone","Frozen Egg 2"],"acts_visited":["Exordium","TheCity"],"potions_floor_usage":[10,16,16,24,24,28,31,33],"damage_taken":[{"damage":1,"enemies":"Cultist","floor":1,"turns":4},{"damage":7,"enemies":"Jaw Worm","floor":2,"turns":3},{"damage":4,"enemies":"2 Louse","floor":3,"turns":4},{"damage":29,"enemies":"Lots of Slimes","floor":4,"turns":6},{"damage":0,"enemies":"3 Louse","floor":8,"turns":4},{"damage":8,"enemies":"Gremlin Gang","floor":10,"turns":4},{"damage":2,"enemies":"Red Slaver","floor":13,"turns":3},{"damage":5,"enemies":"3 Louse","floor":14,"turns":4},{"damage":14,"enemies":"Slime Boss","floor":16,"turns":10},{"damage":8,"enemies":"Chosen","floor":18,"turns":3},{"damage":13,"enemies":"3 Byrds","floor":19,"turns":3},{"damage":17,"enemies":"Snake Plant","floor":21,"turns":4},{"damage":11,"enemies":"Shelled Parasite and Fungi","floor":22,"turns":3},{"damage":28,"enemies":"Cultist and Chosen","floor":24,"turns":8},{"damage":18,"enemies":"3 Cultists","floor":27,"turns":5},{"damage":12,"enemies":"Centurion and Healer","floor":28,"turns":3},{"damage":15,"enemies":"Shelled Parasite and Fungi","floor":29,"turns":5},{"damage":6,"enemies":"3 Cultists","floor":31,"turns":5},{"damage":51,"enemies":"Automaton","floor":33,"turns":6}],"seed_played":"4221959352705469586","potions_obtained":[{"floor":3,"key":"DuplicationPotion"},{"floor":8,"key":"BloodPotion"},{"floor":13,"key":"Strength Potion"},{"floor":14,"key":"Weak Potion"},{"floor":18,"key":"GamblersBrew"},{"floor":19,"key":"Swift Potion"},{"floor":25,"key":"Energy Potion"},{"floor":25,"key":"LiquidBronze"},{"floor":28,"key":"SpeedPotion"}],"is_trial":false,"path_per_floor":["M","M","M","M","?","R","T","M","T","M","$","?","M","M","R","B",null,"M","M","$","M","M","R","M","?","T","M","M","M","$","M","R","B"],"character_chosen":"IRONCLAD","items_purchased":["Whetstone","Shrug It Off","Oddly Smooth Stone"],"campfire_rested":1,"item_purchase_floors":[11,20,20],"current_hp_per_floor":[80,79,80,57,46,46,46,52,52,50,50,50,54,55,55,47,80,78,71,71,60,55,55,49,49,49,37,31,22,22,22,46,0,0],"gold":158,"neow_bonus":"REMOVE_TWO","is_daily":false,"chose_seed":false,"campfire_upgraded":3,"win_rate":0.0,"timestamp":1612048015,"path_taken":["M","M","M","?","?","R","?","?","T","M","$","?","M","M","R","BOSS","M","M","?","M","M","R","M","?","T","M","M","M","$","M","R","BOSS"],"items_purchased_type":["Relic","Card","Relic"],"build_version":"2020-12-22","purchased_purges":0,"victory":false,"max_hp_per_floor":[80,80,80,80,80,80,80,80,80,80,80,80,80,80,80,80,80,80,80,80,80,80,80,80,80,80,80,80,80,80,80,80,80,80],"relic_stats":{"counters":[19,87],"Bronze Scales":[207],"Astrolabe":["Cleave","Inflame","True Grit"],"PreservedInsect":0,"Whetstone":["Strike_R","Strike_R"],"obtain_stats":[{"Bronze Scales":7,"Astrolabe":17,"Oddly Smooth Stone":20,"PreservedInsect":9,"Whetstone":11,"Frozen Egg 2":26,"Burning Blood":0},{"Bronze Scales":4,"Astrolabe":9,"Oddly Smooth Stone":11,"PreservedInsect":5,"Whetstone":6,"Frozen Egg 2":14,"Burning Blood":0},{"Bronze Scales":17,"Astrolabe":42,"Oddly Smooth Stone":48,"PreservedInsect":21,"Whetstone":25,"Frozen Egg 2":63,"Burning Blood":0}],"Burning Blood":102},"card_choices":[{"not_picked":["Headbutt","Body Slam"],"picked":"Iron Wave","floor":1},{"not_picked":["Thunderclap","Carnage"],"picked":"True Grit","floor":2},{"not_picked":["Clothesline","Body Slam"],"picked":"True Grit","floor":3},{"not_picked":["Combust","Rage","Body Slam"],"picked":"SKIP","floor":4},{"not_picked":["Reckless Charge","Flex"],"picked":"Body Slam","floor":8},{"not_picked":["Havoc","Heavy Blade","Perfected Strike"],"picked":"SKIP","floor":10},{"not_picked":["Thunderclap","Warcry","Heavy Blade"],"picked":"SKIP","floor":13},{"not_picked":["Twin Strike","Body Slam"],"picked":"Offering","floor":14},{"not_picked":["Brutality","Demon Form"],"picked":"Fiend Fire","floor":16},{"not_picked":["Clash","Second Wind"],"picked":"Armaments","floor":18},{"not_picked":["Headbutt+1","Sword Boomerang+1","Battle Trance+1"],"picked":"SKIP","floor":19},{"not_picked":["Rampage","Reaper"],"picked":"Body Slam","floor":21},{"not_picked":["Clash","Clothesline"],"picked":"Entrench","floor":22},{"not_picked":["Dropkick","True Grit+1"],"picked":"Body Slam","floor":24},{"not_picked":["Pommel Strike","Havoc","Inflame+1"],"picked":"SKIP","floor":27},{"not_picked":["Shockwave","Headbutt"],"picked":"Iron Wave","floor":28},{"not_picked":["Sever Soul+1","Headbutt","Perfected Strike"],"picked":"SKIP","floor":29},{"not_picked":["Dark Embrace+1","Wild Strike"],"picked":"Iron Wave","floor":31}],"player_experience":178227,"relics_obtained":[{"floor":7,"key":"Bronze Scales"},{"floor":9,"key":"PreservedInsect"},{"floor":26,"key":"Frozen Egg 2"}],"event_choices":[{"damage_healed":0,"gold_gain":75,"player_choice":"Gather Gold","damage_taken":11,"max_hp_gain":0,"max_hp_loss":0,"event_name":"World of Goop","floor":5,"gold_loss":0},{"damage_healed":0,"gold_gain":0,"player_choice":"Upgraded","damage_taken":0,"max_hp_gain":0,"max_hp_loss":0,"event_name":"Upgrade Shrine","floor":12,"gold_loss":0,"cards_upgraded":["Iron Wave"]},{"damage_healed":0,"gold_gain":0,"player_choice":"Bought 2 Potions","damage_taken":0,"max_hp_gain":0,"max_hp_loss":0,"event_name":"The Woman in Blue","floor":25,"gold_loss":0}],"is_beta":false,"boss_relics":[{"not_picked":["Busted Crown","Cursed Key"],"picked":"Astrolabe"}],"items_purged_floors":[],"is_endless":false,"potions_floor_spawned":[3,8,13,14,18,19,28],"killed_by":"Automaton","ascension_level":2}}