{"host":"r4aerl4ckfvw1dw3","time":1612041937,"event":{"mods":["BaseMod","BetterRewards","Minty Spire (QoL Compilation)","Quick Restart","StSLib"],"gold_per_floor":[117,130,130,147,222,254,254,269,341,367,379,379,379,390,390,390,390],"floor_reached":16,"language":"ENG","playtime":641,"items_purged":[],"score":118,"play_id":"20b22576-0b7f-4323-9532-d87fe856eb4a","local_time":"20210130132537","is_ascension_mode":true,"campfire_choices":[{"floor":7.0,"key":"REST"},{"floor":15,"key":"REST"}],"circlet_count":0,"master_deck":["Strike_R","Strike_R","Strike_R","Strike_R","Strike_R","Defend_R+1","Defend_R","Defend_R","Defend_R+1","Bash","Brutality","Disarm","Evolve","Inflame","Rage","Clash","Flex","Twin Strike","Fire Breathing"],"relics":["Burning Blood","Ice Cream","Pen Nib","Juzu Bracelet"],"acts_visited":["Exordium"],"potions_floor_usage":[11],"damage_taken":[{"damage":12.0,"enemies":"Small Slimes","floor":1.0,"turns":3.0},{"damage":3.0,"enemies":"Jaw Worm","floor":2.0,"turns":6.0},{"damage":6.0,"enemies":"Cultist","floor":4.0,"turns":4.0},{"damage":37.0,"enemies":"Lagavulin","floor":6.0,"turns":9.0},{"damage":5.0,"enemies":"Looter","floor":8.0,"turns":4.0},{"damage":31.0,"enemies":"3 Sentries","floor":10.0,"turns":11.0},{"damage":11,"enemies":"Red Slaver","floor":11,"turns":3},{"damage":9,"enemies":"2 Fungi Beasts","floor":14,"turns":3},{"damage":26,"enemies":"The Guardian","floor":16,"turns":9}],"seed_played":"-5663476621888728543","potions_obtained":[{"floor":4.0,"key":"PowerPotion"},{"floor":10.0,"key":"AttackPotion"},{"floor":14,"key":"SneckoOil"}],"is_trial":false,"path_per_floor":["M","M","?","M","?","E","R","M","T","E","M","T","?","M","R","B"],"character_chosen":"IRONCLAD","items_purchased":[],"campfire_rested":2,"item_purchase_floors":[],"current_hp_per_floor":[74,77,61,61,50,19,43,44,44,19,14,14,14,11,35,9,9],"gold":390,"neow_bonus":"ONE_RANDOM_RARE_CARD","is_daily":false,"chose_seed":false,"campfire_upgraded":0,"win_rate":0.0,"timestamp":1612041937,"path_taken":["M","M","?","M","?","E","R","M","T","E","M","?","?","M","R","BOSS"],"items_purchased_type":[],"build_version":"2020-12-22","purchased_purges":0,"victory":false,"max_hp_per_floor":[80,80,80,80,80,80,80,80,80,80,80,80,80,80,80,80,80],"card_choices":[{"not_picked":["Anger","Clothesline"],"picked":"Disarm","floor":1.0},{"not_picked":["Clothesline","Perfected Strike"],"picked":"Evolve","floor":2.0},{"not_picked":["Whirlwind","Havoc"],"picked":"Inflame","floor":4.0},{"not_picked":["Blood for Blood","Dual Wield"],"picked":"Rage","floor":6.0},{"not_picked":["Havoc","Clothesline"],"picked":"Clash","floor":8.0},{"not_picked":["Berserk","Clothesline"],"picked":"Flex","floor":10.0},{"not_picked":["Reckless Charge","Battle Trance"],"picked":"Twin Strike","floor":11},{"not_picked":["Havoc","Sever Soul"],"picked":"Fire Breathing","floor":14}],"player_experience":445840,"relics_obtained":[{"floor":6.0,"key":"Ice Cream"},{"floor":10.0,"key":"Pen Nib"},{"floor":12,"key":"Juzu Bracelet"}],"event_choices":[{"damage_healed":0.0,"max_hp_gain":0.0,"max_hp_loss":0.0,"gold_gain":0.0,"event_name":"Shining Light","player_choice":"Entered Light","floor":3.0,"gold_loss":0.0,"damage_taken":16.0,"cards_upgraded":["Defend_R","Defend_R"]},{"damage_healed":0.0,"max_hp_gain":0.0,"max_hp_loss":0.0,"gold_gain":75.0,"event_name":"World of Goop","player_choice":"Gather Gold","floor":5.0,"gold_loss":0.0,"damage_taken":11.0},{"damage_healed":0,"gold_gain":0,"player_choice":"Ignored","damage_taken":0,"max_hp_gain":0,"max_hp_loss":0,"event_name":"Liars Game","floor":13,"gold_loss":0}],"is_beta":false,"boss_relics":[],"items_purged_floors":[],"is_endless":false,"potions_floor_spawned":[4,10,14],"killed_by":"The Guardian","ascension_level":1}}