{"host":"xz7n3qy1zq36rzpg","time":1612017707,"event":{"mods":["BaseMod","Colored Map","Colored Powertips","Highlight Path","Minty Spire (QoL Compilation)","Quick Restart","Shop Mod"],"gold_per_floor":[113,113,113,126,145,145,166,209,209,209,36,36,36,56,56,182,182,122,122,122,122,122,122,122,122,122,122,122,122,122,122,122,122,122],"floor_reached":33,"language":"ENG","playtime":37261,"items_purged":["Strike_G"],"score":330,"play_id":"513ba3d0-1365-4231-aa9c-3f5528d10fbe","local_time":"20210130154147","is_ascension_mode":true,"campfire_choices":[{"data":"Caltrops","floor":6.0,"key":"SMITH"},{"floor":10.0,"key":"REST"},{"floor":13.0,"key":"REST"},{"floor":15.0,"key":"REST"},{"floor":24,"key":"REST"},{"floor":32,"key":"REST"}],"circlet_count":0,"master_deck":["Strike_G","Strike_G","Defend_G","Defend_G","Defend_G","Survivor","Neutralize+1","Choke+1","Flying Knee+1","Slice+1","Caltrops+1","Well Laid Plans","Footwork","Acrobatics","Adrenaline+1","Night Terror+1","Blade Dance+1","Underhanded Strike","Dagger Throw","Deflect+1","Underhanded Strike","Footwork","After Image","Backflip+1","PiercingWail+1"],"relics":["Astrolabe","Golden Idol","Centennial Puzzle","Toxic Egg 2","Ectoplasm","The Courier","Lizard Tail","Du-Vu Doll"],"acts_visited":["Exordium","TheCity"],"potions_floor_usage":[23,29,31,33],"damage_taken":[{"damage":2.0,"enemies":"2 Louse","floor":1.0,"turns":2.0},{"damage":2.0,"enemies":"Small Slimes","floor":4.0,"turns":3.0},{"damage":0.0,"enemies":"Cultist","floor":5.0,"turns":2.0},{"damage":21.0,"enemies":"Lots of Slimes","floor":7.0,"turns":3.0},{"damage":28.0,"enemies":"3 Sentries","floor":8.0,"turns":5.0},{"damage":14.0,"enemies":"Large Slime","floor":14.0,"turns":4.0},{"damage":40.0,"enemies":"Slime Boss","floor":16.0,"turns":11.0},{"damage":9.0,"enemies":"2 Thieves","floor":18.0,"turns":5.0},{"damage":2.0,"enemies":"Chosen","floor":20.0,"turns":3.0},{"damage":8.0,"enemies":"Centurion and Healer","floor":21.0,"turns":4.0},{"damage":20,"enemies":"3 Cultists","floor":22,"turns":5},{"damage":16,"enemies":"Slavers","floor":23,"turns":4},{"damage":7,"enemies":"Snake Plant","floor":25,"turns":2},{"damage":6,"enemies":"Snecko","floor":27,"turns":6},{"damage":18,"enemies":"Centurion and Healer","floor":28,"turns":5},{"damage":0,"enemies":"3 Cultists","floor":29,"turns":5},{"damage":29,"enemies":"Cultist and Chosen","floor":30,"turns":5},{"damage":0,"enemies":"Snecko","floor":31,"turns":4},{"damage":27,"enemies":"Automaton","floor":33,"turns":6}],"seed_played":"-6444853460132350492","potions_obtained":[{"floor":7.0,"key":"Explosive Potion"},{"floor":14.0,"key":"AttackPotion"},{"floor":22,"key":"EssenceOfSteel"},{"floor":23,"key":"SpeedPotion"},{"floor":28,"key":"PowerPotion"},{"floor":30,"key":"Swift Potion"},{"floor":31,"key":"Ancient Potion"}],"is_trial":false,"path_per_floor":["M","?","?","M","M","R","M","E","T","R","$","?","R","M","R","B",null,"M","?","M","M","M","E","R","M","T","M","M","M","M","M","R","B"],"character_chosen":"THE_SILENT","items_purchased":["SneckoOil"],"campfire_rested":5,"item_purchase_floors":[11],"current_hp_per_floor":[68,61,61,59,59,59,38,10,10,29,29,29,48,34,53,13,65,56,56,54,46,26,10,29,22,22,16,32,32,3,3,22,0,0],"gold":122,"neow_bonus":"BOSS_RELIC","is_daily":false,"chose_seed":false,"campfire_upgraded":1,"win_rate":0.0,"timestamp":1612017707,"path_taken":["M","?","?","M","M","R","M","E","T","R","$","?","R","M","R","BOSS","M","?","M","?","M","E","R","M","T","M","M","?","M","M","R","BOSS"],"items_purchased_type":["Potion"],"build_version":"2020-12-22","purchased_purges":1,"victory":false,"max_hp_per_floor":[70,70,65,65,65,65,65,65,65,65,65,65,65,65,65,65,65,65,65,65,65,65,65,65,65,65,65,65,65,65,65,65,65,65],"card_choices":[{"not_picked":["Poisoned Stab","Quick Slash"],"picked":"Caltrops","floor":1.0},{"not_picked":["Reflex","Dodge and Roll"],"picked":"Well Laid Plans","floor":4.0},{"not_picked":["Poisoned Stab","Terror"],"picked":"Footwork","floor":5.0},{"not_picked":["Slice","Deadly Poison"],"picked":"Acrobatics","floor":7.0},{"not_picked":["Caltrops","Footwork"],"picked":"Bane","floor":8.0},{"not_picked":["Poisoned Stab","Predator"],"picked":"Adrenaline+1","floor":14.0},{"not_picked":["Storm of Steel+1","Adrenaline+1"],"picked":"Night Terror+1","floor":16.0},{"not_picked":["Dagger Spray","Bane"],"picked":"Blade Dance+1","floor":18.0},{"not_picked":["Poisoned Stab","Well Laid Plans"],"picked":"Underhanded Strike","floor":20.0},{"not_picked":["Slice","Eviscerate"],"picked":"Dagger Throw","floor":21.0},{"not_picked":["Slice","Wraith Form v2"],"picked":"Deflect+1","floor":22},{"not_picked":["Bane","Crippling Poison+1"],"picked":"Underhanded Strike","floor":23},{"not_picked":["Heel Hook+1","Flying Knee+1"],"picked":"Footwork","floor":25},{"not_picked":["Slice","Blade Dance+1"],"picked":"After Image","floor":27},{"not_picked":["Setup+1","Accuracy"],"picked":"Backflip+1","floor":28},{"not_picked":["Infinite Blades","Dodge and Roll+1","Eviscerate"],"picked":"SKIP","floor":29},{"not_picked":["Flying Knee+1","Distraction+1"],"picked":"PiercingWail+1","floor":30},{"not_picked":["Bane","Sucker Punch","PiercingWail+1"],"picked":"SKIP","floor":31}],"player_experience":359726,"relics_obtained":[{"floor":8.0,"key":"Centennial Puzzle"},{"floor":9.0,"key":"Toxic Egg 2"},{"floor":23,"key":"Lizard Tail"},{"floor":26,"key":"Du-Vu Doll"}],"event_choices":[{"cards_removed":["Strike_G"],"damage_healed":0.0,"max_hp_gain":0.0,"max_hp_loss":0.0,"gold_gain":0.0,"event_name":"Golden Wing","player_choice":"Card Removal","floor":2.0,"gold_loss":0.0,"damage_taken":7.0},{"damage_healed":0.0,"max_hp_gain":0.0,"max_hp_loss":5.0,"gold_gain":0.0,"event_name":"Golden Idol","player_choice":"Lose Max HP","floor":3.0,"gold_loss":0.0,"damage_taken":0.0,"relics_obtained":["Golden Idol"]},{"damage_healed":0.0,"max_hp_gain":0.0,"max_hp_loss":0.0,"gold_gain":0.0,"event_name":"Living Wall","player_choice":"Grow","floor":12.0,"gold_loss":0.0,"damage_taken":0.0,"cards_upgraded":["Neutralize"]},{"cards_removed":["Bane"],"damage_healed":0.0,"max_hp_gain":0.0,"max_hp_loss":0.0,"gold_gain":0.0,"event_name":"WeMeetAgain","player_choice":"Gave Card","floor":19.0,"gold_loss":0.0,"damage_taken":0.0,"relics_obtained":["The Courier"]}],"is_beta":false,"boss_relics":[{"not_picked":["SlaversCollar","Empty Cage"],"picked":"Ectoplasm"}],"items_purged_floors":[11],"is_endless":false,"potions_floor_spawned":[7,14,22,23,28,30,31],"killed_by":"Automaton","ascension_level":4}}