{"host":"8pl220r0zqtv6uof","time":1612025549,"event":{"mods":["BaseMod","Colored Map","DeckTracker","Highlight Path","Keyboard Shortcuts","Minty Spire (QoL Compilation)","Quick Restart","SuperFastMode"],"gold_per_floor":[115,133,133,133,9,35,64,115,141,153,165,215,248,273,285,428,440,467,503,515,527,739,787,799,851,863,875,918,930,963,1019,1031,1164,1176,1207,1219,1231,1231],"floor_reached":37,"language":"KOR","playtime":8262,"items_purged":["Defend_G","Strike_G"],"score":735,"play_id":"f63c21b1-85be-4cb6-8a28-123d5a73d8e2","local_time":"20210131015229","is_ascension_mode":true,"campfire_choices":[{"data":"Apotheosis","floor":10.0,"key":"SMITH"},{"floor":15.0,"key":"REST"},{"floor":24,"key":"REST"},{"floor":27,"key":"REST"},{"floor":29,"key":"REST"},{"data":"A Thousand Cuts","floor":32,"key":"SMITH"}],"circlet_count":0,"master_deck":["Defend_G","Defend_G","Defend_G","Survivor","Neutralize","Predator","PiercingWail","Poisoned Stab","Riddle With Holes","Bouncing Flask","Dodge and Roll","Apotheosis+1","Madness","Venomology","Backflip","Crippling Poison","A Thousand Cuts+1","Caltrops+1","Blur+1","Bane+1","Caltrops","Backflip+1","Outmaneuver","Catalyst","Caltrops+1","Well Laid Plans+1","Catalyst+1","Panacea","Panache+1"],"relics":["Ring of the Serpent","NeowsBlessing","Tiny Chest","Odd Mushroom","Juzu Bracelet","HandDrill","Ancient Tea Set","MawBank","Golden Idol","Letter Opener","Astrolabe","Frozen Egg 2","Centennial Puzzle","Incense Burner","Ornamental Fan","Art of War","Bag of Preparation"],"acts_visited":["Exordium","TheCity","TheBeyond"],"potions_floor_usage":[19,23,25,25,25,30,31,33,33,33,33,33,33,33,35,35,37,37],"damage_taken":[{"damage":0.0,"enemies":"Jaw Worm","floor":1.0,"turns":1.0},{"damage":0.0,"enemies":"Small Slimes","floor":2.0,"turns":1.0},{"damage":0.0,"enemies":"3 Sentries","floor":6.0,"turns":1.0},{"damage":12.0,"enemies":"The Mushroom Lair","floor":7.0,"turns":5.0},{"damage":11.0,"enemies":"Gremlin Nob","floor":12.0,"turns":4.0},{"damage":0.0,"enemies":"Cultist","floor":13.0,"turns":4.0},{"damage":3.0,"enemies":"Large Slime","floor":14.0,"turns":4.0},{"damage":0.0,"enemies":"The Guardian","floor":16.0,"turns":8.0},{"damage":16,"enemies":"Spheric Guardian","floor":18,"turns":5},{"damage":2,"enemies":"3 Byrds","floor":19,"turns":2},{"damage":12,"enemies":"Gremlin Leader","floor":23,"turns":6},{"damage":35,"enemies":"Book of Stabbing","floor":25,"turns":4},{"damage":14,"enemies":"Gremlin Leader","floor":28,"turns":5},{"damage":0,"enemies":"Snake Plant","floor":30,"turns":4},{"damage":9,"enemies":"Book of Stabbing","floor":31,"turns":5},{"damage":8,"enemies":"Champ","floor":33,"turns":8},{"damage":10,"enemies":"Orb Walker","floor":35,"turns":5},{"damage":45,"enemies":"3 Darklings","floor":37,"turns":4}],"seed_played":"9150073985880000549","potions_obtained":[{"floor":6.0,"key":"Block Potion"},{"floor":12.0,"key":"SneckoOil"},{"floor":13.0,"key":"Weak Potion"},{"floor":16.0,"key":"SkillPotion"},{"floor":19,"key":"PowerPotion"},{"floor":23,"key":"Swift Potion"},{"floor":25,"key":"SteroidPotion"},{"floor":33,"key":"SkillPotion"},{"floor":35,"key":"LiquidMemories"}],"is_trial":false,"path_per_floor":["M","M","?","?","$","E","?","$","T","R","?","E","M","M","R","B",null,"M","M","T","?","?","E","R","E","T","R","E","R","M","E","R","B",null,"M","?","M"],"character_chosen":"THE_SILENT","items_purchased":["Poisoned Stab","Dodge and Roll","Apotheosis","Juzu Bracelet","HandDrill","Ancient Tea Set","Madness"],"campfire_rested":4,"item_purchase_floors":[5,8,8,8,8,8,8],"current_hp_per_floor":[63,63,56,56,56,56,44,44,44,44,27,16,16,13,34,34,61,45,43,43,43,43,31,52,17,17,38,24,45,45,36,36,28,60,50,45,0,0],"gold":1231,"neow_bonus":"THREE_ENEMY_KILL","is_daily":false,"chose_seed":false,"campfire_upgraded":2,"win_rate":0.0,"timestamp":1612025549,"path_taken":["M","M","?","?","$","E","?","?","T","R","?","E","M","M","R","BOSS","M","M","?","?","?","E","R","E","T","R","E","R","M","E","R","BOSS","M","?","M"],"items_purchased_type":["Card","Card","Card","Relic","Relic","Relic","Card"],"build_version":"2020-12-22","purchased_purges":2,"victory":false,"max_hp_per_floor":[70,70,70,70,70,70,70,70,70,70,70,70,70,70,70,70,70,70,70,70,70,70,70,70,70,70,70,70,70,70,70,70,70,70,70,70,70,70],"card_choices":[{"not_picked":["Acrobatics","Deflect"],"picked":"Predator","floor":1.0},{"not_picked":["Outmaneuver","Deflect"],"picked":"PiercingWail","floor":2.0},{"not_picked":["Cloak And Dagger","Dagger Spray"],"picked":"Riddle With Holes","floor":6.0},{"not_picked":["Setup","Escape Plan"],"picked":"Bouncing Flask","floor":7.0},{"not_picked":["Blade Dance","Dagger Spray"],"picked":"Venomology","floor":12.0},{"not_picked":["Dagger Spray","Underhanded Strike"],"picked":"Backflip","floor":13.0},{"not_picked":["Slice","Prepared"],"picked":"Crippling Poison","floor":14.0},{"not_picked":["Die Die Die","Storm of Steel"],"picked":"A Thousand Cuts","floor":16.0},{"not_picked":["Accuracy","Sucker Punch"],"picked":"Caltrops","floor":18},{"not_picked":["PiercingWail+1","Slice"],"picked":"Backflip+1","floor":19},{"not_picked":["Dagger Spray+1","Bane"],"picked":"Outmaneuver","floor":23},{"not_picked":["Sucker Punch+1","Deadly Poison","Infinite Blades+1"],"picked":"SKIP","floor":25},{"not_picked":["Outmaneuver","Quick Slash"],"picked":"Catalyst","floor":28},{"not_picked":["Outmaneuver","Terror+1"],"picked":"Caltrops+1","floor":30},{"not_picked":["Setup","Heel Hook"],"picked":"Well Laid Plans+1","floor":31},{"not_picked":["Acrobatics","Quick Slash"],"picked":"Catalyst+1","floor":35},{"not_picked":["Purity","Swift Strike"],"picked":"Panacea","floor":36},{"not_picked":["Purity","Impatience"],"picked":"Panache+1","floor":36}],"player_experience":123005,"relics_obtained":[{"floor":6.0,"key":"Tiny Chest"},{"floor":7.0,"key":"Odd Mushroom"},{"floor":9.0,"key":"MawBank"},{"floor":12.0,"key":"Letter Opener"},{"floor":20,"key":"Frozen Egg 2"},{"floor":23,"key":"Centennial Puzzle"},{"floor":25,"key":"Incense Burner"},{"floor":26,"key":"Ornamental Fan"},{"floor":28,"key":"Art of War"},{"floor":31,"key":"Bag of Preparation"}],"event_choices":[{"cards_removed":["Strike_G"],"damage_healed":0.0,"max_hp_gain":0.0,"max_hp_loss":0.0,"gold_gain":0.0,"event_name":"Golden Wing","player_choice":"Card Removal","floor":3.0,"gold_loss":0.0,"damage_taken":7.0},{"cards_removed":["Strike_G"],"damage_healed":0.0,"max_hp_gain":0.0,"max_hp_loss":0.0,"gold_gain":0.0,"event_name":"Living Wall","player_choice":"Forget","floor":4.0,"gold_loss":0.0,"damage_taken":0.0},{"damage_healed":0.0,"max_hp_gain":0.0,"max_hp_loss":0.0,"gold_gain":0.0,"event_name":"Mushrooms","player_choice":"Fought Mushrooms","floor":7.0,"gold_loss":0.0,"damage_taken":0.0},{"damage_healed":0.0,"max_hp_gain":0.0,"max_hp_loss":0.0,"gold_gain":0.0,"event_name":"Golden Idol","player_choice":"Take Damage","floor":11.0,"gold_loss":0.0,"damage_taken":17.0,"relics_obtained":["Golden Idol"]},{"damage_healed":0,"gold_gain":0,"player_choice":"Ignored","damage_taken":0,"max_hp_gain":0,"max_hp_loss":0,"event_name":"Vampires","floor":21,"gold_loss":0},{"damage_healed":0,"gold_gain":200,"player_choice":"Gold","damage_taken":0,"max_hp_gain":0,"max_hp_loss":0,"event_name":"Wheel of Change","floor":22,"gold_loss":0},{"damage_healed":0,"gold_gain":0,"player_choice":"Memory 2","damage_taken":5,"max_hp_gain":0,"max_hp_loss":0,"event_name":"SensoryStone","floor":36,"gold_loss":0}],"is_beta":false,"boss_relics":[{"not_picked":["Pandora\u0027s Box","Calling Bell"],"picked":"Astrolabe"},{"not_picked":["HoveringKite","Snecko Eye"],"picked":"Ring of the Serpent"}],"items_purged_floors":[5,8],"is_endless":false,"potions_floor_spawned":[6,12,13,16,19,23,25,33,35],"killed_by":"3 Darklings","ascension_level":7}}