{"host":"jhy70w0yh8dayqay","time":1612007370,"event":{"mods":["AchievementEnabler","BaseMod","Colored Map","Colored Powertips","DeckTracker","Minty Spire (QoL Compilation)","Permanent Neow","SuperFastMode"],"gold_per_floor":[115,115,165,183,92,120,68,95,119,119,119,134,145,175,175,247,247,263,178,103,120,138,138,163,175,175,210,227,227,260,272,272,272,272],"floor_reached":33,"language":"KOR","playtime":848,"items_purged":[],"score":744,"play_id":"e0e03e5f-3999-465e-a348-a8f14cfb3542","local_time":"20210130204930","is_ascension_mode":true,"campfire_choices":[{"data":"Fiend Fire","floor":10,"key":"SMITH"},{"data":"Pommel Strike","floor":15,"key":"SMITH"},{"data":"Demon Form","floor":23,"key":"SMITH"},{"floor":32,"key":"REST"}],"circlet_count":0,"master_deck":["AscendersBane","Strike_R","Strike_R","Strike_R","Strike_R","Strike_R","Defend_R","Defend_R","Defend_R","Defend_R","Perfected Strike+1","Anger","Swift Strike","Fiend Fire+1","Headbutt","Burning Pact","Wild Strike","Pommel Strike","Pommel Strike+1","Demon Form+1","Wild Strike","Sword Boomerang","Perfected Strike+1","Thunderclap","Inflame+1","Shrug It Off","Twin Strike","Double Tap"],"relics":["Burning Blood","NeowsBlessing","Boot","Thread and Needle","Pen Nib","Mango","Sozu","Darkstone Periapt","Self Forming Clay","Tiny Chest","Paper Frog","Smiling Mask"],"acts_visited":["Exordium","TheCity"],"potions_floor_usage":[14,30],"damage_taken":[{"damage":0,"enemies":"2 Louse","floor":1,"turns":1},{"damage":0,"enemies":"Small Slimes","floor":4,"turns":2},{"damage":0,"enemies":"3 Sentries","floor":6,"turns":1},{"damage":35,"enemies":"Lagavulin","floor":8,"turns":5},{"damage":0,"enemies":"Cultist","floor":12,"turns":2},{"damage":2,"enemies":"2 Fungi Beasts","floor":13,"turns":2},{"damage":6,"enemies":"3 Sentries","floor":14,"turns":5},{"damage":0,"enemies":"Slime Boss","floor":16,"turns":3},{"damage":7,"enemies":"Chosen","floor":18,"turns":4},{"damage":0,"enemies":"Spheric Guardian","floor":21,"turns":1},{"damage":8,"enemies":"Cultist and Chosen","floor":22,"turns":5},{"damage":23,"enemies":"Slavers","floor":24,"turns":4},{"damage":15,"enemies":"Snake Plant","floor":25,"turns":2},{"damage":26,"enemies":"Gremlin Leader","floor":27,"turns":5},{"damage":14,"enemies":"Snecko","floor":28,"turns":3},{"damage":23,"enemies":"Slavers","floor":30,"turns":4},{"damage":0,"enemies":"Chosen and Byrds","floor":31,"turns":4},{"damage":78,"enemies":"Automaton","floor":33,"turns":6}],"seed_played":"2526463136728819090","potions_obtained":[{"floor":6,"key":"Dexterity Potion"},{"floor":8,"key":"BloodPotion"},{"floor":11,"key":"Dexterity Potion"},{"floor":11,"key":"Explosive Potion"}],"is_trial":false,"path_per_floor":["M","?","?","M","$","E","$","E","T","R","?","M","M","E","R","B",null,"M","?","?","M","M","R","E","M","T","E","M","?","E","M","R","B"],"character_chosen":"IRONCLAD","items_purchased":["Swift Strike","Headbutt"],"campfire_rested":1,"item_purchase_floors":[5,7],"current_hp_per_floor":[74,74,67,73,73,75,75,46,46,46,46,52,56,70,70,76,86,85,85,85,89,87,87,70,61,61,41,33,33,33,39,65,0,0],"gold":272,"neow_bonus":"THREE_ENEMY_KILL","is_daily":false,"chose_seed":false,"campfire_upgraded":3,"win_rate":0.0,"timestamp":1612007370,"path_taken":["M","?","?","?","$","E","$","E","T","R","?","M","?","E","R","BOSS","M","?","?","M","M","R","E","M","T","E","M","?","E","M","R","BOSS"],"items_purchased_type":["Card","Card"],"build_version":"2020-12-22","purchased_purges":0,"victory":false,"max_hp_per_floor":[75,75,75,75,75,75,75,75,75,75,75,75,75,89,89,89,89,89,89,89,89,89,89,89,89,89,89,89,89,89,89,89,89,89],"card_choices":[{"not_picked":["Iron Wave","Flame Barrier"],"picked":"Perfected Strike","floor":1},{"not_picked":["Clothesline","Dark Embrace"],"picked":"Anger","floor":4},{"not_picked":["Sever Soul","Sword Boomerang"],"picked":"Fiend Fire","floor":6},{"not_picked":["Rupture","Dropkick"],"picked":"Burning Pact","floor":8},{"not_picked":["Feel No Pain","Warcry"],"picked":"Wild Strike","floor":12},{"not_picked":["Clash","Second Wind"],"picked":"Pommel Strike","floor":13},{"not_picked":["Rampage","Clash"],"picked":"Pommel Strike","floor":14},{"not_picked":["Limit Break","Fiend Fire"],"picked":"Demon Form","floor":16},{"not_picked":["Iron Wave","Thunderclap"],"picked":"Wild Strike","floor":18},{"not_picked":["Iron Wave","Clothesline"],"picked":"Sword Boomerang","floor":21},{"not_picked":["Shockwave","Thunderclap"],"picked":"Perfected Strike+1","floor":22},{"not_picked":["Anger","Clash"],"picked":"Thunderclap","floor":24},{"not_picked":["Dark Embrace","True Grit"],"picked":"Inflame+1","floor":25},{"not_picked":["Metallicize+1","Dark Embrace"],"picked":"Shrug It Off","floor":27},{"not_picked":["Warcry","Inflame"],"picked":"Twin Strike","floor":28},{"not_picked":["Intimidate","Metallicize","Burning Pact"],"picked":"SKIP","floor":30},{"not_picked":["Flex","Dropkick"],"picked":"Double Tap","floor":31}],"player_experience":465035,"relics_obtained":[{"floor":6,"key":"Boot"},{"floor":8,"key":"Thread and Needle"},{"floor":9,"key":"Pen Nib"},{"floor":14,"key":"Mango"},{"floor":24,"key":"Self Forming Clay"},{"floor":26,"key":"Tiny Chest"},{"floor":27,"key":"Paper Frog"},{"floor":30,"key":"Smiling Mask"}],"event_choices":[{"damage_healed":0,"gold_gain":0,"player_choice":"Grow","damage_taken":0,"max_hp_gain":0,"max_hp_loss":0,"event_name":"Living Wall","floor":2,"gold_loss":0,"cards_upgraded":["Perfected Strike"]},{"damage_healed":0,"gold_gain":50,"player_choice":"Touch","damage_taken":7,"max_hp_gain":0,"max_hp_loss":0,"event_name":"FaceTrader","floor":3,"gold_loss":0},{"damage_healed":0,"gold_gain":0,"player_choice":"Got Potions","damage_taken":0,"max_hp_gain":0,"max_hp_loss":0,"event_name":"Lab","floor":11,"gold_loss":0},{"damage_healed":0,"gold_gain":0,"player_choice":"Obtained Relic","damage_taken":0,"relics_obtained":["Darkstone Periapt"],"max_hp_gain":0,"max_hp_loss":0,"event_name":"Addict","floor":19,"gold_loss":85},{"cards_removed":["Bash"],"damage_healed":0,"gold_gain":0,"player_choice":"Gave Gold","damage_taken":0,"max_hp_gain":0,"max_hp_loss":0,"event_name":"Beggar","floor":20,"gold_loss":75},{"damage_healed":0,"gold_gain":0,"player_choice":"Ignored","damage_taken":0,"max_hp_gain":0,"max_hp_loss":0,"event_name":"Ghosts","floor":29,"gold_loss":0}],"is_beta":false,"boss_relics":[{"not_picked":["Busted Crown","Fusion Hammer"],"picked":"Sozu"}],"items_purged_floors":[],"is_endless":false,"potions_floor_spawned":[6,8,12,18,27,28,30,31],"killed_by":"Automaton","ascension_level":15}}