{"host":"i29s15dsg0c43zmx","time":1612040010,"event":{"mods":["AchievementEnabler","BaseMod","Colored Map","Minty Spire (QoL Compilation)","StSLib"],"gold_per_floor":[119,119,119,47,47,83,83,114,114,114,137,62,76,97,97,227,227,251,271,289,289,289,289,289],"floor_reached":23,"language":"ENG","playtime":682,"items_purged":["Strike_P"],"score":249,"play_id":"5d32d3b7-3794-43fa-9445-97ac9f0ed1b8","local_time":"20210130215330","is_ascension_mode":false,"campfire_choices":[{"data":"Eruption","floor":7,"key":"SMITH"},{"data":"FollowUp","floor":10,"key":"SMITH"},{"data":"Strike_P","floor":15,"key":"SMITH"}],"circlet_count":0,"master_deck":["Strike_P+1","Strike_P+1","Strike_P+1","Defend_P+1","Defend_P+1","Defend_P+1","Defend_P+1","Eruption+1","Vigilance+1","FollowUp+1","Worship+1","FollowUp+1","ThirdEye+1","ClearTheMind+1","EmptyMind+1","DevaForm","Prostrate+1","FollowUp"],"relics":["PureWater","NeowsBlessing","Golden Idol","War Paint","Orichalcum","Toxic Egg 2","Black Star","White Beast Statue"],"acts_visited":["Exordium","TheCity"],"potions_floor_usage":[16,20],"damage_taken":[{"damage":0,"enemies":"Small Slimes","floor":1,"turns":2},{"damage":0,"enemies":"3 Sentries","floor":6,"turns":2},{"damage":0,"enemies":"Gremlin Nob","floor":8,"turns":1},{"damage":0,"enemies":"Jaw Worm","floor":11,"turns":2},{"damage":0,"enemies":"2 Louse","floor":13,"turns":2},{"damage":0,"enemies":"Gremlin Gang","floor":14,"turns":4},{"damage":53,"enemies":"The Guardian","floor":16,"turns":8},{"damage":14,"enemies":"Spheric Guardian","floor":18,"turns":4},{"damage":8,"enemies":"Chosen","floor":19,"turns":5},{"damage":35,"enemies":"Sentry and Sphere","floor":20,"turns":8},{"damage":0,"enemies":"Slavers","floor":23,"turns":1}],"seed_played":"-5180351221132645924","potions_obtained":[{"floor":1,"key":"StancePotion"},{"floor":11,"key":"SkillPotion"},{"floor":13,"key":"Ambrosia"},{"floor":19,"key":"PowerPotion"},{"floor":20,"key":"DistilledChaos"}],"is_trial":false,"path_per_floor":["M","?","?","$","?","E","R","E","T","R","M","$","M","M","R","B",null,"M","M","M","?","?","E"],"character_chosen":"WATCHER","items_purchased":["Worship"],"campfire_rested":0,"item_purchase_floors":[4],"current_hp_per_floor":[72,67,54,54,54,54,54,54,54,54,54,54,54,54,54,1,67,53,45,10,10,10,10,10],"gold":289,"neow_bonus":"THREE_ENEMY_KILL","is_daily":false,"chose_seed":false,"campfire_upgraded":3,"win_rate":0.0,"timestamp":1612040010,"path_taken":["M","?","?","?","?","E","R","E","T","R","M","$","M","?","R","BOSS","M","M","M","?","?","E"],"items_purchased_type":["Card"],"build_version":"2020-12-22","purchased_purges":1,"victory":false,"max_hp_per_floor":[72,67,67,67,67,67,67,67,67,67,67,67,67,67,67,67,67,67,67,67,67,67,67,67],"card_choices":[{"not_picked":["TalkToTheHand","EmptyFist"],"picked":"FollowUp","floor":1},{"not_picked":["Study","CutThroughFate"],"picked":"FollowUp","floor":6},{"not_picked":["Weave","TalkToTheHand","LessonLearned"],"picked":"SKIP","floor":8},{"not_picked":["CrushJoints","Halt+1"],"picked":"ThirdEye+1","floor":11},{"not_picked":["CarveReality","ThirdEye+1"],"picked":"ClearTheMind+1","floor":13},{"not_picked":["FlyingSleeves","WindmillStrike"],"picked":"EmptyMind+1","floor":14},{"not_picked":["DeusExMachina+1","LessonLearned"],"picked":"DevaForm","floor":16},{"not_picked":["TalkToTheHand","Weave","BowlingBash"],"picked":"SKIP","floor":18},{"not_picked":["EmptyBody+1","Adaptation+1"],"picked":"Prostrate+1","floor":19},{"not_picked":["Halt+1","Crescendo+1"],"picked":"FollowUp","floor":20}],"player_experience":103197,"relics_obtained":[{"floor":6,"key":"War Paint"},{"floor":8,"key":"Orichalcum"},{"floor":9,"key":"Toxic Egg 2"}],"event_choices":[{"damage_healed":0,"gold_gain":0,"player_choice":"Lose Max HP","damage_taken":0,"relics_obtained":["Golden Idol"],"max_hp_gain":0,"max_hp_loss":5,"event_name":"Golden Idol","floor":2,"gold_loss":0},{"damage_healed":0,"gold_gain":0,"player_choice":"Entered Light","damage_taken":13,"max_hp_gain":0,"max_hp_loss":0,"event_name":"Shining Light","floor":3,"gold_loss":0,"cards_upgraded":["FollowUp","Vigilance"]},{"damage_healed":0,"gold_gain":0,"player_choice":"0 cards matched","damage_taken":0,"max_hp_gain":0,"max_hp_loss":0,"event_name":"Match and Keep!","floor":5,"gold_loss":0,"cards_obtained":[]},{"damage_healed":0,"gold_gain":0,"player_choice":"Simplicity","damage_taken":0,"max_hp_gain":0,"max_hp_loss":0,"event_name":"Back to Basics","floor":21,"gold_loss":0,"cards_upgraded":["Strike_P","Strike_P","Defend_P","Defend_P","Defend_P"]},{"damage_healed":0,"gold_gain":0,"player_choice":"Opened","damage_taken":0,"relics_obtained":["White Beast Statue"],"max_hp_gain":0,"max_hp_loss":0,"event_name":"The Mausoleum","floor":22,"gold_loss":0}],"is_beta":false,"boss_relics":[{"not_picked":["Astrolabe","Calling Bell"],"picked":"Black Star"}],"items_purged_floors":[12],"is_endless":false,"potions_floor_spawned":[1,11,13,19,20],"killed_by":"Slavers","ascension_level":0}}