{"host":"mhk64yc8b8cafbgt","time":1612017104,"event":{"mods":["Act Like it!","BaseMod","BetterRewards","CapriCore","Energized Spire","Friendly Minions","GifTheSpireLib","Gold Saver","Marked Mod","Minty Spire (QoL Compilation)","MostiFishMod","Quick Restart","READ ME - Guardian Mod","Reliquary","Robot Space Explorer","RumiaBox-露米娅的神秘盒子","Ryuuou龙王","Shop Mod","Spicy Shops","StSLib","TestMod","Uncapped","[IsaacMod]以撒尖塔","noobMod","【功能Mod】混沌之环修复补丁","【遗物卡牌】REMEMod","残留之物"],"gold_per_floor":[2408,933,933,933,1008,1036,1036,1064,1088,1104,1121,442,442,474,474,592,592,615,630,264,364,382,425,440,481,481,481,481,496,516,555,555,665,665,680,680,680,696,710,748,802,802,828,861,885,902,936,960,960,967,967,967,856,903,943],"floor_reached":56,"language":"ZHS","playtime":2546,"items_purged":["Strike_B","Dualcast","Zap","Ball Lightning","Defend_B"],"score":2252,"play_id":"850dde0b-6a61-4971-90f7-05ede6f57381","local_time":"20210130223144","is_ascension_mode":true,"campfire_choices":[{"floor":7,"key":"RECALL"},{"data":"MostiFishMod:HellRitual","floor":13,"key":"SMITH"},{"data":"Self Repair","floor":15,"key":"SMITH"},{"data":"MostiFishMod:ReadyAimFire","floor":27,"key":"SMITH"},{"data":"MostiFishMod:InterfaceCompatibility","floor":32,"key":"SMITH"},{"data":"Echo Form","floor":42,"key":"SMITH"},{"data":"Amplify","floor":49,"key":"SMITH"},{"data":"Buffer","floor":52,"key":"SMITH"}],"circlet_count":0,"master_deck":["Strike_B","Strike_B","Strike_B","Defend_B","MostiFishMod:HellRitual+1","Chill","REME_BattleFury","Force Field","Self Repair+1","Echo Form+1","Defragment","MostiFishMod:ReadyAimFire+1","MostiFishMod:InterfaceCompatibility+1","Turbo","Amplify+1","Redo","Defragment","Creative AI","MostiFishMod:ReadyAimFire","Buffer+1","Self Repair","Coolheaded+1","Glacier","Defragment"],"relics":["Cracked Core","REME_ComplimentaryCards","DaveBox","testmod-TestBox","HushsDoor","KeepersGift","ice","NeowsBlessing","SynthV:TestCard","MerchantsRug","SynthV","PlaceholderMod:DaolothFragment","HandDrill","reliquary:Knoch","HowToJump","Bottled Tornado","testmod-Acrobat","Regal Pillow","BookofShadows","REME_PuzzleBoxRelic","PreservedInsect","SteamSale","reliquary:LoveEmittingDiode","MagicDraw1","testmod-TimeTraveler","Tiny Chest","reliquary:SharkskinSheath","DataDisk","TheAbacus","Bottled Lightning","GnawedLeaf","testmod-ArcanaOfDestiny","energizedSpire:MagnifyingGlass","Pantograph","Orichalcum","Ice Cream","testmod-AssaultLearning","reliquary:QuartzCube","Lantern","PlaceholderMod:DeVermisMysteriis"],"acts_visited":["Exordium","TheCity","TheBeyond","TheEnding"],"potions_floor_usage":[16,33,55,55,55,55],"damage_taken":[{"damage":0,"enemies":"2 Louse","floor":1,"turns":1},{"damage":0,"enemies":"Lagavulin","floor":6,"turns":1},{"damage":0,"enemies":"Gremlin Nob","floor":8,"turns":1},{"damage":4,"enemies":"Jaw Worm","floor":10,"turns":2},{"damage":0,"enemies":"Small Slimes","floor":11,"turns":3},{"damage":0,"enemies":"Lagavulin","floor":14,"turns":3},{"damage":0,"enemies":"Hexaghost","floor":16,"turns":6},{"damage":6,"enemies":"Shell Parasite","floor":18,"turns":4},{"damage":0,"enemies":"2 Thieves","floor":19,"turns":1},{"damage":12,"enemies":"Shelled Parasite and Fungi","floor":22,"turns":4},{"damage":0,"enemies":"Gremlin Leader","floor":23,"turns":3},{"damage":6,"enemies":"Snake Plant","floor":24,"turns":3},{"damage":24,"enemies":"Slavers","floor":25,"turns":4},{"damage":0,"enemies":"Centurion and Healer","floor":29,"turns":2},{"damage":0,"enemies":"Snecko","floor":30,"turns":2},{"damage":5,"enemies":"Book of Stabbing","floor":31,"turns":3},{"damage":0,"enemies":"Collector","floor":33,"turns":3},{"damage":0,"enemies":"3 Darklings","floor":35,"turns":1},{"damage":0,"enemies":"Orb Walker","floor":38,"turns":2},{"damage":17,"enemies":"Sphere and 2 Shapes","floor":39,"turns":3},{"damage":6,"enemies":"Nemesis","floor":40,"turns":5},{"damage":0,"enemies":"Mind Bloom Boss Battle","floor":41,"turns":2},{"damage":0,"enemies":"Reptomancer","floor":44,"turns":2},{"damage":0,"enemies":"4 Shapes","floor":45,"turns":2},{"damage":0,"enemies":"Spire Growth","floor":46,"turns":2},{"damage":0,"enemies":"Giant Head","floor":47,"turns":2},{"damage":0,"enemies":"Sphere and 2 Shapes","floor":48,"turns":4},{"damage":0,"enemies":"Donu and Deca","floor":50,"turns":4},{"damage":0,"enemies":"Shield and Spear","floor":54,"turns":4},{"damage":0,"enemies":"LittleHush","floor":55,"turns":9}],"seed_played":"-8980618781195690206","potions_obtained":[{"floor":6,"key":"PotionOfCapacity"},{"floor":10,"key":"DuplicationPotion"},{"floor":14,"key":"FocusPotion"},{"floor":22,"key":"DuplicationPotion"},{"floor":29,"key":"EntropicBrew"},{"floor":38,"key":"PotionOfCapacity"},{"floor":48,"key":"FairyPotion"}],"is_trial":false,"path_per_floor":["M","$","?","?","?","E","R","E","T","M","M","$","R","E","R","B",null,"M","M","$","?","M","E","M","E","T","R","?","M","M","E","R","B",null,"M","?","T","M","M","E","?","R","T","E","M","M","E","M","R","B",null,"R","$","E","B",null],"character_chosen":"DEFECT","items_purchased":["MerchantsRug","SynthV","PlaceholderMod:DaolothFragment","HandDrill","reliquary:Knoch","HowToJump","REME_BattleFury","Bottled Tornado","Self Repair","Ball Lightning","PreservedInsect","SteamSale","reliquary:LoveEmittingDiode","Tiny Chest","reliquary:SharkskinSheath","DataDisk","TheAbacus","MostiFishMod:ReadyAimFire","Defragment"],"campfire_rested":0,"item_purchase_floors":[2,2,2,2,2,2,2,2,12,12,12,12,12,20,20,20,20,34,53],"current_hp_per_floor":[68,68,68,43,32,32,32,32,32,28,28,28,28,35,35,55,66,70,70,70,70,68,70,70,56,56,56,56,66,66,70,70,70,66,66,66,66,66,59,66,66,66,66,66,66,66,66,66,66,66,66,66,66,66,66],"gold":943,"neow_bonus":"THREE_ENEMY_KILL","is_daily":false,"chose_seed":false,"campfire_upgraded":7,"win_rate":0.0,"timestamp":1612017104,"path_taken":["M","$","?","?","?","E","R","E","T","?","M","$","R","E","R","BOSS","M","M","$","?","M","E","M","E","T","R","?","M","M","E","R","BOSS","M","?","?","M","M","E","?","R","T","E","?","M","E","M","R","BOSS","R","$","E","BOSS"],"items_purchased_type":["Relic","Relic","Relic","Relic","Relic","Relic","Card","Relic","Card","Card","Relic","Relic","Relic","Relic","Relic","Relic","Relic","Card","Card"],"build_version":"2020-12-22","purchased_purges":5,"victory":true,"max_hp_per_floor":[75,75,75,75,75,75,75,75,75,75,75,75,75,75,75,75,70,70,70,70,70,70,70,70,70,70,70,70,70,70,70,70,70,66,66,66,66,66,66,66,66,66,66,66,66,66,66,66,66,66,66,66,66,66,66],"card_choices":[{"not_picked":[],"picked":"EpicFetus","floor":0},{"not_picked":["Rebound","Steam Power"],"picked":"Chill","floor":1},{"not_picked":["Steam","REME_SelfUpgrade","Pulse","Turbo"],"picked":"Force Field","floor":6},{"not_picked":["Electrodynamics","Turbo","Cancel","Coolheaded"],"picked":"Bomb","floor":8},{"not_picked":["Rebound","Redo","Streamline","Lockon","Distribution"],"picked":"SKIP","floor":10},{"not_picked":["Go for the Eyes","Tempest","Stack","BootSequence"],"picked":"Bomb","floor":11},{"not_picked":["REME_DataAnalysis","MostiFishMod:PushDownKick","Compile Driver","Rebound"],"picked":"Bomb","floor":14},{"not_picked":["MostiFishMod:StarOceanB","Multi-Cast","MostiFishMod:IntelligentEquipment","MostiFishMod:SeaWaves"],"picked":"Echo Form","floor":16},{"not_picked":["Streamline","Hello World+1","Hologram","Steam","Cold Snap"],"picked":"SKIP","floor":18},{"not_picked":["Barrage","MostiFishMod:ReprogramOld","Distribution+1","Hello World+1","Sweeping Beam"],"picked":"SKIP","floor":19},{"not_picked":["Steam Power","Turbo","Redo","Doom and Gloom"],"picked":"Defragment","floor":21},{"not_picked":["Barrage+1","Hello World","Conserve Battery","Fan"],"picked":"MostiFishMod:ReadyAimFire","floor":22},{"not_picked":["Ball Lightning","Streamline","Chaos","Reprogram"],"picked":"MostiFishMod:InterfaceCompatibility","floor":23},{"not_picked":["Stack+1","Gash+1","REME_Compress","Hologram"],"picked":"Turbo","floor":24},{"not_picked":["MostiFishMod:GatherIntelligence","Reinforced Body","Sunder+1","MostiFishMod:PushDownKick+1"],"picked":"Amplify","floor":25},{"not_picked":["Hologram","Chill","Doom and Gloom+1","Sweeping Beam"],"picked":"Defragment","floor":29},{"not_picked":["Gash","Stack","Redo","MostiFishMod:FluxCapactior","Coolheaded"],"picked":"SKIP","floor":30},{"not_picked":["MostiFishMod:LinkProtocol","Go for the Eyes","Hologram","Compile Driver","Defragment","Chill"],"picked":"SKIP","floor":31},{"not_picked":["MostiFishMod:StarOceanB","MostiFishMod:ATRI","Meteor Strike","Multi-Cast"],"picked":"Creative AI","floor":33},{"not_picked":["Genetic Algorithm+1","Chill+1","Cold Snap","Cancel","Gash+1"],"picked":"SKIP","floor":35},{"not_picked":["Redo+1","Gash","Scrape+1","Sweeping Beam","Turbo+1"],"picked":"SKIP","floor":38},{"not_picked":["MostiFishMod:Exploitation","Rebound+1","Reprogram+1","MostiFishMod:PushDownKick+1","Rip and Tear"],"picked":"SKIP","floor":39},{"not_picked":["REME_SelfUpgrade+1","Streamline","Rip and Tear+1","Go for the Eyes+1","MostiFishMod:IntelligentEquipment"],"picked":"SKIP","floor":40},{"not_picked":["Genetic Algorithm+1","MostiFishMod:LinkProtocol+1","Leap","Cold Snap+1","MostiFishMod:ReprogramOld"],"picked":"Buffer","floor":44},{"not_picked":["Skim+1","FTL","Lockon+1","MostiFishMod:PushDownKick+1"],"picked":"Self Repair","floor":45},{"not_picked":["MostiFishMod:Impulse","Reinforced Body","FTL","Sweeping Beam"],"picked":"Coolheaded+1","floor":46},{"not_picked":["Fission","MostiFishMod:PushDownKick","Redo+1","Streamline"],"picked":"Glacier","floor":47},{"not_picked":["Turbo","Genetic Algorithm","Hologram","Conserve Battery+1","Compile Driver"],"picked":"SKIP","floor":48},{"not_picked":["Steam Power+1","REME_Compress","Hello World","BootSequence+1","Sweeping Beam+1"],"picked":"SKIP","floor":54}],"player_experience":262054,"relics_obtained":[{"floor":1,"key":"SynthV:TestCard"},{"floor":6,"key":"Regal Pillow"},{"floor":8,"key":"BookofShadows"},{"floor":9,"key":"REME_PuzzleBoxRelic"},{"floor":14,"key":"MagicDraw1"},{"floor":23,"key":"Bottled Lightning"},{"floor":25,"key":"GnawedLeaf"},{"floor":31,"key":"testmod-ArcanaOfDestiny"},{"floor":37,"key":"Pantograph"},{"floor":40,"key":"Orichalcum"},{"floor":41,"key":"Ice Cream"},{"floor":43,"key":"testmod-AssaultLearning"},{"floor":44,"key":"reliquary:QuartzCube"},{"floor":47,"key":"Lantern"},{"floor":54,"key":"PlaceholderMod:DeVermisMysteriis"}],"event_choices":[{"cards_removed":["Defend_B"],"damage_healed":0,"gold_gain":0,"player_choice":"Card Removal","damage_taken":7,"max_hp_gain":0,"max_hp_loss":0,"event_name":"Golden Wing","floor":3,"gold_loss":0},{"damage_healed":0,"gold_gain":0,"player_choice":"Success","damage_taken":25,"relics_obtained":["testmod-Acrobat"],"max_hp_gain":0,"max_hp_loss":0,"event_name":"Scrap Ooze","floor":4,"gold_loss":0},{"damage_healed":0,"gold_gain":75,"player_choice":"Gather Gold","damage_taken":11,"max_hp_gain":0,"max_hp_loss":0,"event_name":"World of Goop","floor":5,"gold_loss":0},{"damage_healed":0,"gold_gain":0,"cards_transformed":["EpicFetus","Defend_B"],"player_choice":"Became Test Subject","damage_taken":0,"max_hp_gain":0,"max_hp_loss":0,"event_name":"Drug Dealer","floor":28,"gold_loss":0,"cards_obtained":["Finesse","Redo"]},{"cards_removed":["Finesse"],"damage_healed":0,"gold_gain":0,"player_choice":"Removed Skill","damage_taken":0,"max_hp_gain":0,"max_hp_loss":0,"event_name":"Falling","floor":36,"gold_loss":0},{"damage_healed":0,"gold_gain":0,"player_choice":"Fight","damage_taken":0,"max_hp_gain":0,"max_hp_loss":0,"event_name":"MindBloom","floor":41,"gold_loss":0}],"is_beta":false,"boss_relics":[{"not_picked":["testmod-StringDisintegrator","testmod-EnergyCheck"],"picked":"testmod-TimeTraveler"},{"not_picked":[]},{"not_picked":["energizedSpire:NeverEndingSparkler","energizedSpire:EnergizedDie"],"picked":"energizedSpire:MagnifyingGlass"},{"not_picked":[]}],"items_purged_floors":[2,12,17,20,53],"is_endless":false,"potions_floor_spawned":[6,10,14,22,24,29,30,31,38,39,45,48],"ascension_level":7}}