{"host":"8is2j71l4wmybkoi","time":1612016487,"event":{"mods":["AchievementEnabler","BaseMod","Colored Map","Minty Spire (QoL Compilation)","Rare Cards Sparkle","StSLib","SuperFastMode"],"gold_per_floor":[111,111,125,141,159,159,170,202,248,248,272,285,318,376,376,471,471,488,514,534,191,191],"floor_reached":21,"language":"KOR","playtime":1146,"items_purged":["Strike_G"],"score":362,"play_id":"fa71a2da-cd31-4b91-9c51-7cd86a29f6a8","local_time":"20210130232127","is_ascension_mode":true,"campfire_choices":[{"data":"Masterful Stab","floor":6.0,"key":"SMITH"},{"floor":10.0,"key":"REST"},{"floor":15.0,"key":"REST"}],"circlet_count":0,"master_deck":["AscendersBane","Strike_G","Strike_G","Strike_G","Strike_G","Defend_G","Defend_G","Defend_G","Defend_G","Defend_G","Survivor","Neutralize","Deep Breath","Deflect","Setup+1","Masterful Stab+1","Dodge and Roll+1","Prepared+1","Blade Dance+1","Backflip+1","Finisher","Bullet Time+1","Adrenaline+1","Tactician+1","Trip+1"],"relics":["Ring of the Snake","Toxic Egg 2","Bottled Flame","Potion Belt","Orichalcum","Calipers","Black Star","Red Mask"],"acts_visited":["Exordium","TheCity"],"potions_floor_usage":[16,16,19],"damage_taken":[{"damage":8.0,"enemies":"Cultist","floor":1.0,"turns":6.0},{"damage":2.0,"enemies":"Jaw Worm","floor":3.0,"turns":5.0},{"damage":0.0,"enemies":"2 Louse","floor":4.0,"turns":4.0},{"damage":0.0,"enemies":"2 Fungi Beasts","floor":5.0,"turns":4.0},{"damage":0.0,"enemies":"Exordium Wildlife","floor":7.0,"turns":3.0},{"damage":25.0,"enemies":"3 Sentries","floor":8.0,"turns":13.0},{"damage":3.0,"enemies":"Lots of Slimes","floor":12.0,"turns":4.0},{"damage":13.0,"enemies":"Gremlin Nob","floor":13.0,"turns":4.0},{"damage":12.0,"enemies":"Gremlin Nob","floor":14.0,"turns":3.0},{"damage":0,"enemies":"Slime Boss","floor":16,"turns":4},{"damage":4,"enemies":"Shell Parasite","floor":18,"turns":4},{"damage":45,"enemies":"Masked Bandits","floor":19,"turns":6},{"damage":9,"enemies":"3 Byrds","floor":20,"turns":9}],"seed_played":"-2923248321981254791","potions_obtained":[{"floor":8.0,"key":"GamblersBrew"},{"floor":12.0,"key":"BlessingOfTheForge"},{"floor":13.0,"key":"Fire Potion"},{"floor":14.0,"key":"Strength Potion"},{"floor":19,"key":"CultistPotion"}],"is_trial":false,"path_per_floor":["M","?","M","M","M","R","M","E","T","R","T","M","E","?","R","B",null,"M","?","M","$"],"character_chosen":"THE_SILENT","items_purchased":["CunningPotion","SmokeBomb","Trip+1"],"campfire_rested":2,"item_purchase_floors":[21,21,21],"current_hp_per_floor":[55,43,41,41,41,41,41,16,16,37,37,34,21,9,30,30,60,56,11,2,2,2],"gold":191,"neow_bonus":"RANDOM_COLORLESS","is_daily":false,"chose_seed":false,"campfire_upgraded":1,"win_rate":0.0,"timestamp":1612016487,"path_taken":["M","?","M","M","M","R","M","E","T","R","?","?","E","?","R","BOSS","M","?","M","$"],"items_purchased_type":["Potion","Potion","Card"],"build_version":"2020-12-22","purchased_purges":1,"victory":false,"max_hp_per_floor":[70,70,70,70,70,70,70,70,70,70,70,70,70,70,70,70,70,70,70,70,70,70],"card_choices":[{"not_picked":["Panacea","Madness"],"picked":"Deep Breath","floor":0.0},{"not_picked":["Cloak And Dagger","Noxious Fumes"],"picked":"Deflect","floor":1.0},{"not_picked":["Slice","Eviscerate"],"picked":"Setup+1","floor":3.0},{"not_picked":["Backflip+1","Flying Knee"],"picked":"Masterful Stab","floor":4.0},{"not_picked":["Deadly Poison+1","Setup+1"],"picked":"Dodge and Roll+1","floor":5.0},{"not_picked":["Bane","Slice"],"picked":"Prepared+1","floor":7.0},{"not_picked":["Leg Sweep+1","Heel Hook"],"picked":"Blade Dance+1","floor":8.0},{"not_picked":["Underhanded Strike","Well Laid Plans"],"picked":"Backflip+1","floor":12.0},{"not_picked":["All Out Attack","Outmaneuver+1"],"picked":"Finisher","floor":13.0},{"not_picked":["Underhanded Strike","Backflip+1"],"picked":"Bullet Time+1","floor":14.0},{"not_picked":["Venomology+1","Die Die Die"],"picked":"Adrenaline+1","floor":16},{"not_picked":["Dagger Throw+1","Noxious Fumes","Flying Knee+1"],"picked":"SKIP","floor":18},{"not_picked":["Choke","Deadly Poison+1"],"picked":"Tactician+1","floor":19},{"not_picked":["Underhanded Strike","Slice","Sucker Punch"],"picked":"SKIP","floor":20}],"player_experience":855539,"relics_obtained":[{"floor":8.0,"key":"Bottled Flame"},{"floor":9.0,"key":"Potion Belt"},{"floor":13.0,"key":"Orichalcum"},{"floor":14.0,"key":"Calipers"},{"floor":19,"key":"Red Mask"}],"event_choices":[{"damage_healed":0.0,"max_hp_gain":0.0,"max_hp_loss":0.0,"gold_gain":0.0,"event_name":"Scrap Ooze","player_choice":"Success","floor":2.0,"gold_loss":0.0,"damage_taken":12.0,"relics_obtained":["Toxic Egg 2"]},{"damage_healed":0.0,"max_hp_gain":0.0,"max_hp_loss":0.0,"gold_gain":0.0,"event_name":"Dead Adventurer","player_choice":"Searched \u00271\u0027 times","floor":14.0,"gold_loss":0.0,"damage_taken":0.0},{"damage_healed":0,"gold_gain":0,"player_choice":"Fought Bandits","damage_taken":0,"max_hp_gain":0,"max_hp_loss":0,"event_name":"Masked Bandits","floor":19,"gold_loss":0}],"is_beta":false,"boss_relics":[{"not_picked":["Velvet Choker","Snecko Eye"],"picked":"Black Star"}],"items_purged_floors":[21],"is_endless":false,"potions_floor_spawned":[8,12,13,14,19],"ascension_level":10}}