{"host":"dn6kke80v5f7isus","time":1612044845,"event":{"mods":["AchievementEnabler","Act Like it!","BaseMod","Colored Powertips","Custom Start","Defuse TimeMaze Blight","Gremlin Skip","Highlight Path","Hubris","Infinite Spire","Marisa????????","Minty Spire (QoL Compilation)","Rare Cards Sparkle","Reliquary","Replay The Spire","StSLib","The Servant 0.9.4","Uncapped","Unceasing Turn Reminder"],"gold_per_floor":[119,119,139,149,149,180,180,195,220,240,240,274,274,292,292,394,394,414,414,414,97,196,196,226,241,292,17,17,43,159,159,159,159,159],"floor_reached":33,"language":"ENG","playtime":985,"items_purged":["Strike_MRS","Strike_MRS"],"score":308,"play_id":"516b1c03-e46d-48d9-b9fe-865c72c0b509","local_time":"20210130171405","is_ascension_mode":true,"campfire_choices":[{"data":"AsteroidBelt","floor":7.0,"key":"SMITH"},{"data":"MasterSpark","floor":11.0,"key":"SMITH"},{"data":"WitchLeyline","floor":13.0,"key":"SMITH"},{"data":"Defend_MRS","floor":15.0,"key":"SMITH"},{"data":"UltimateShortwave","floor":23.0,"key":"SMITH"},{"floor":28.0,"key":"REST"}],"circlet_count":0,"master_deck":["Strike_MRS+1","Strike_MRS","Defend_MRS+1","Defend_MRS","Defend_MRS","Defend_MRS","MasterSpark+1","UpSweep+1","AsteroidBelt+1","WitchLeyline+1","UltimateShortwave+1","WitchLeyline+1","BlazingStar","ShootingEcho","ShootingEcho","MagicChant+1"],"relics":["MiniHakkero","NeowsBlessing","Whetstone","Bag of Preparation","Replay:Baseball","reliquary:RedCape","hubris:Icosahedron","White Beast Statue","Art of War","infinitespire:Satchel","Quantum Egg","reliquary:BoilingFlask","SacredBark","Lizard Tail"],"acts_visited":["Exordium","TheCity"],"potions_floor_usage":[29,29,33,33],"damage_taken":[{"damage":0.0,"enemies":"Small Slimes","floor":1.0,"turns":1.0},{"damage":0.0,"enemies":"Cultist","floor":3.0,"turns":1.0},{"damage":0.0,"enemies":"Jaw Worm","floor":4.0,"turns":1.0},{"damage":10.0,"enemies":"Lagavulin","floor":6.0,"turns":7.0},{"damage":6.0,"enemies":"Exordium Thugs","floor":8.0,"turns":6.0},{"damage":1.0,"enemies":"Exordium Wildlife","floor":10.0,"turns":4.0},{"damage":10.0,"enemies":"Gremlin Nob","floor":12.0,"turns":4.0},{"damage":0.0,"enemies":"Large Slime","floor":14.0,"turns":4.0},{"damage":52.0,"enemies":"Hexaghost","floor":16.0,"turns":11.0},{"damage":8.0,"enemies":"2 Thieves","floor":18.0,"turns":4.0},{"damage":26.0,"enemies":"Book of Stabbing","floor":24.0,"turns":5.0},{"damage":2.0,"enemies":"Shell Parasite","floor":25.0,"turns":4.0},{"damage":19,"enemies":"Nightmare","floor":29,"turns":5},{"damage":24,"enemies":"Centurion and Healer","floor":30,"turns":3},{"damage":6,"enemies":"Pondfish","floor":33,"turns":2}],"seed_played":"-7511197822553519776","potions_obtained":[{"floor":2.0,"key":"Fruit Juice"},{"floor":2.0,"key":"SteroidPotion"},{"floor":2.0,"key":"Flashbang"},{"floor":4.0,"key":"Weak Potion"},{"floor":6.0,"key":"Languid Potion"},{"floor":8.0,"key":"Energy Potion"},{"floor":12.0,"key":"Fruit Juice"},{"floor":18.0,"key":"CultistPotion"},{"floor":24.0,"key":"Swift Potion"},{"floor":25.0,"key":"Doom Potion"},{"floor":29,"key":"Weak Potion"},{"floor":30,"key":"Strength Potion"}],"is_trial":false,"path_per_floor":["M","?","M","M","?","E","R","M","T","M","R","E","R","M","R","B",null,"M","?","?","$","?","R","E","M","T","$","R","NM","M","AVR","R","B"],"character_chosen":"MARISA","items_purchased":["White Beast Statue","Quantum Egg","ShootingEcho"],"campfire_rested":1,"item_purchase_floors":[21,27,27],"current_hp_per_floor":[75,80,80,80,80,70,70,64,64,63,63,53,53,53,53,6,85,77,77,77,77,77,77,51,49,49,49,74,55,31,31,31,25,25],"gold":159,"neow_bonus":"THREE_ENEMY_KILL","is_daily":false,"chose_seed":false,"campfire_upgraded":5,"win_rate":0.0,"timestamp":1612044845,"path_taken":["M","?","?","M","?","E","R","M","T","M","R","E","R","?","R","BOSS","M","?","?","$","?","R","E","M","T","?","R","NM","M","AVR","R","BOSS"],"items_purchased_type":["Relic","Relic","Card"],"build_version":"2020-12-22","purchased_purges":2,"victory":false,"max_hp_per_floor":[75,80,80,80,80,80,80,80,80,80,80,80,80,80,80,85,85,85,85,85,85,85,85,85,85,85,85,85,85,85,85,85,85,85],"card_choices":[{"not_picked":["SprinkleStarSeal","WitchOfGreed","NonDirectionalLaser"],"picked":"SKIP","floor":1.0},{"not_picked":["PowerUp","StarBarrage","NonDirectionalLaser"],"picked":"SKIP","floor":3.0},{"not_picked":["ChargeUpSpray","IllusionStar"],"picked":"AsteroidBelt","floor":4.0},{"not_picked":["WitchOfGreed","ShootTheMoon","DC"],"picked":"SKIP","floor":6.0},{"not_picked":["GravityBeat","SporeBomb","WitchOfGreed"],"picked":"SKIP","floor":8.0},{"not_picked":["PowerUp","GrandCross","MachineGunSpark"],"picked":"SKIP","floor":10.0},{"not_picked":["PropBag","Orbital"],"picked":"WitchLeyline","floor":12.0},{"not_picked":["GalacticHalo","GravityBeat","6A"],"picked":"SKIP","floor":14.0},{"not_picked":["BigCrunch","JA"],"picked":"UltimateShortwave","floor":16.0},{"not_picked":["WitchOfGreed","RefractionSpark"],"picked":"WitchLeyline+1","floor":18.0},{"not_picked":["WitchOfGreed","Singularity"],"picked":"BlazingStar","floor":24.0},{"not_picked":["Occultation","NonDirectionalLaser+1"],"picked":"ShootingEcho","floor":25.0},{"not_picked":["EventHorizon+1","ManaRampage","MysteriousBeam+1"],"picked":"SKIP","floor":29},{"not_picked":["6A","Acceleration"],"picked":"MagicChant+1","floor":30}],"player_experience":409119,"relics_obtained":[{"floor":6.0,"key":"Whetstone"},{"floor":9.0,"key":"Bag of Preparation"},{"floor":12.0,"key":"Replay:Baseball"},{"floor":24.0,"key":"Art of War"},{"floor":26.0,"key":"infinitespire:Satchel"},{"floor":29,"key":"reliquary:BoilingFlask"}],"event_choices":[{"damage_healed":0.0,"max_hp_gain":0.0,"max_hp_loss":0.0,"gold_gain":0.0,"event_name":"Lab","player_choice":"Got Potions","floor":2.0,"gold_loss":0.0,"damage_taken":0.0},{"damage_healed":0.0,"max_hp_gain":0.0,"max_hp_loss":0.0,"gold_gain":0.0,"event_name":"The Woman in Blue","player_choice":"Bought 0 Potions","floor":5.0,"gold_loss":0.0,"damage_taken":0.0},{"damage_healed":0.0,"max_hp_gain":0.0,"max_hp_loss":0.0,"gold_gain":99.0,"event_name":"Nest","player_choice":"Stole From Cult","floor":22.0,"gold_loss":0.0,"damage_taken":0.0},{"damage_healed":0,"gold_gain":0,"player_choice":"Ignored","damage_taken":0,"max_hp_gain":0,"max_hp_loss":0,"event_name":"Vampires","floor":32,"gold_loss":0}],"is_beta":false,"boss_relics":[{"not_picked":["hubris:GrandSneckoEye","Replay:Bronze Core"],"picked":"reliquary:RedCape"}],"items_purged_floors":[21,31],"is_endless":false,"potions_floor_spawned":[4,6,8,12,18,24,25,29,30],"killed_by":"Pondfish","ascension_level":1}}