{"host":"iphsb0ccnjx0pfn6","time":1612033016,"event":{"mods":["2.2 Compatiblity","AchievementEnabler","BaseMod","Colored Map","DeckTracker","Keyboard Shortcuts","Minty Spire (QoL Compilation)","Permanent Neow","Quick Restart","Relic Stats","StSLib","SuperFastMode","Uncapped","everything is the same but u backflip on backflip"],"gold_per_floor":[118,43,62,62,78,78,108,108,108,125,125,125],"floor_reached":11,"language":"KOR","playtime":152,"items_purged":["Strike_P"],"score":146,"play_id":"ee0fac6f-5d84-4c02-b15b-e6303c65eb1d","local_time":"20210131035656","is_ascension_mode":true,"campfire_choices":[{"data":"Eruption","floor":6.0,"key":"SMITH"},{"data":"Madness","floor":8.0,"key":"SMITH"}],"circlet_count":0,"master_deck":["AscendersBane","Strike_P","Strike_P","Strike_P","Defend_P","Defend_P","Defend_P","Defend_P","Eruption+1","Vigilance","Madness+1","WheelKick","Prostrate","CrushJoints"],"relics":["PureWater","Sundial","The Courier"],"acts_visited":["Exordium"],"potions_floor_usage":[],"damage_taken":[{"damage":5.0,"enemies":"2 Louse","floor":1.0,"turns":3.0},{"damage":0.0,"enemies":"Cultist","floor":3.0,"turns":2.0},{"damage":4.0,"enemies":"Small Slimes","floor":5.0,"turns":4.0},{"damage":20.0,"enemies":"Gremlin Nob","floor":7.0,"turns":4.0},{"damage":13.0,"enemies":"Exordium Thugs","floor":10.0,"turns":5.0},{"damage":0,"enemies":"3 Sentries","floor":11,"turns":1}],"seed_played":"-2238168287718281553","potions_obtained":[{"floor":1.0,"key":"Explosive Potion"},{"floor":4.0,"key":"SkillPotion"},{"floor":4.0,"key":"EssenceOfSteel"},{"floor":7.0,"key":"Energy Potion"}],"is_trial":false,"path_per_floor":["M","$","M","?","M","R","E","R","T","M","E"],"character_chosen":"WATCHER","items_purchased":[],"campfire_rested":0,"item_purchase_floors":[],"current_hp_per_floor":[56,56,56,56,52,52,32,32,32,19,19,19],"gold":125,"neow_bonus":"RANDOM_COLORLESS","is_daily":false,"chose_seed":false,"campfire_upgraded":2,"win_rate":0.0,"timestamp":1612033016,"path_taken":["M","$","M","?","M","R","E","R","T","?","E"],"items_purchased_type":[],"build_version":"2020-12-22","purchased_purges":1,"victory":false,"max_hp_per_floor":[68,68,68,68,68,68,68,68,68,68,68,68],"relic_stats":{"counters":[6,19],"Sundial":[0],"obtain_stats":[{"Sundial":7,"The Courier":9,"PureWater":0},{"Sundial":4,"The Courier":4,"PureWater":0},{"Sundial":13,"The Courier":13,"PureWater":0}]},"card_choices":[{"not_picked":["Finesse","Panacea"],"picked":"Madness","floor":0.0},{"not_picked":["FlurryOfBlows","Crescendo"],"picked":"WheelKick","floor":1.0},{"not_picked":["JustLucky","Evaluate","Crescendo"],"picked":"SKIP","floor":3.0},{"not_picked":["Halt","Prostrate","EmptyMind"],"picked":"SKIP","floor":5.0},{"not_picked":["Halt","EmptyMind"],"picked":"Prostrate","floor":5.0},{"not_picked":["SignatureMove","FollowUp","ClearTheMind"],"picked":"SKIP","floor":7.0},{"not_picked":["EmptyFist","Conclude"],"picked":"CrushJoints","floor":10.0}],"player_experience":1295962,"relics_obtained":[{"floor":7.0,"key":"Sundial"},{"floor":9.0,"key":"The Courier"}],"event_choices":[{"damage_healed":0.0,"max_hp_gain":0.0,"max_hp_loss":0.0,"gold_gain":0.0,"event_name":"Lab","player_choice":"Got Potions","floor":4.0,"gold_loss":0.0,"damage_taken":0.0}],"is_beta":false,"boss_relics":[],"items_purged_floors":[2],"is_endless":false,"potions_floor_spawned":[1,7],"killed_by":"3 Sentries","ascension_level":20}}