{"host":"aao0nlwh912axl3t","time":1612026980,"event":{"mods":["BaseMod","Better Third Choice","Colored Powertips","Minty Spire (QoL Compilation)","Rare Cards Sparkle","StSLib"],"gold_per_floor":[113,113,132,142,160,160,335,335,404,50,70,98,131,151,151,248,248,268,268,268,268,268],"floor_reached":21,"language":"ENG","playtime":1471,"items_purged":[],"score":179,"play_id":"c8dd51da-aa90-45c6-81a2-6a374064fcf8","local_time":"20210130121620","is_ascension_mode":false,"campfire_choices":[{"floor":6.0,"key":"REST"},{"floor":8.0,"key":"REST"},{"floor":15,"key":"REST"}],"circlet_count":0,"master_deck":["Strike_G","Strike_G","Strike_G","Strike_G","Strike_G","Defend_G","Defend_G","Defend_G","Defend_G","Survivor","Neutralize","Bouncing Flask","Crippling Poison","Dramatic Entrance","Night Terror","Deadly Poison","Outmaneuver","Skewer","Doubt","Magnetism","Noxious Fumes","Bouncing Flask","Backstab","PiercingWail","Caltrops","Terror","Slice","Corpse Explosion","Terror","Envenom"],"relics":["Ring of the Snake","Ornamental Fan","Odd Mushroom","Bronze Scales","HoveringKite"],"acts_visited":["Exordium","TheCity"],"potions_floor_usage":[16,16,16,16,16,16,21],"damage_taken":[{"damage":14.0,"enemies":"Small Slimes","floor":1.0,"turns":3.0},{"damage":0.0,"enemies":"Cultist","floor":3.0,"turns":3.0},{"damage":12.0,"enemies":"2 Louse","floor":4.0,"turns":2.0},{"damage":0.0,"enemies":"Lots of Slimes","floor":5.0,"turns":1.0},{"damage":3.0,"enemies":"Blue Slaver","floor":11.0,"turns":2.0},{"damage":12.0,"enemies":"The Mushroom Lair","floor":12.0,"turns":3.0},{"damage":26.0,"enemies":"Lagavulin","floor":13.0,"turns":5.0},{"damage":0.0,"enemies":"Large Slime","floor":14.0,"turns":5.0},{"damage":42,"enemies":"The Guardian","floor":16,"turns":7},{"damage":32,"enemies":"2 Thieves","floor":18,"turns":3},{"damage":39,"enemies":"Spheric Guardian","floor":21,"turns":5}],"seed_played":"483207652395206553","potions_obtained":[{"floor":1.0,"key":"GamblersBrew"},{"floor":5.0,"key":"EntropicBrew"},{"floor":12.0,"key":"PowerPotion"},{"floor":16,"key":"LiquidMemories"}],"is_trial":false,"path_per_floor":["M","?","M","M","M","R","?","R","T","$","M","?","E","M","R","B",null,"M","?","?","M"],"character_chosen":"THE_SILENT","items_purchased":["Magnetism","Noxious Fumes","Bouncing Flask","Backstab"],"campfire_rested":3,"item_purchase_floors":[10,10,10,10],"current_hp_per_floor":[56,56,56,44,44,65,65,70,70,70,67,55,29,29,50,8,70,38,38,38,0,0],"gold":268,"neow_bonus":"THREE_CARDS","is_daily":false,"chose_seed":false,"campfire_upgraded":0,"win_rate":0.0,"timestamp":1612026980,"path_taken":["M","?","?","M","M","R","?","R","T","$","M","?","E","M","R","BOSS","M","?","?","M"],"items_purchased_type":["Card","Card","Card","Card"],"build_version":"2020-12-22","purchased_purges":0,"victory":false,"max_hp_per_floor":[70,70,70,70,70,70,70,70,70,70,70,70,70,70,70,70,70,70,70,70,70,70],"card_choices":[{"not_picked":["Underhanded Strike","Dagger Throw"],"picked":"Bouncing Flask","floor":0.0},{"not_picked":["Distraction","Quick Slash"],"picked":"Crippling Poison","floor":1.0},{"not_picked":["Reflex","Flying Knee"],"picked":"Deadly Poison","floor":3.0},{"not_picked":["Backflip","Reflex"],"picked":"Outmaneuver","floor":4.0},{"not_picked":["Backflip","Underhanded Strike"],"picked":"Skewer","floor":5.0},{"not_picked":["Deflect","Flying Knee"],"picked":"PiercingWail","floor":11.0},{"not_picked":["Crippling Poison","Poisoned Stab"],"picked":"Caltrops","floor":12.0},{"not_picked":["Flying Knee","Underhanded Strike"],"picked":"Terror","floor":13.0},{"not_picked":["Deflect","Prepared"],"picked":"Slice","floor":14},{"not_picked":["After Image","Burst"],"picked":"Corpse Explosion","floor":16},{"not_picked":["Expertise","Dodge and Roll"],"picked":"Terror","floor":18}],"player_experience":12258,"relics_obtained":[{"floor":9.0,"key":"Ornamental Fan"},{"floor":12.0,"key":"Odd Mushroom"},{"floor":13.0,"key":"Bronze Scales"}],"event_choices":[{"damage_healed":0.0,"max_hp_gain":0.0,"max_hp_loss":0.0,"gold_gain":0.0,"event_name":"Match and Keep!","player_choice":"2 cards matched","floor":2.0,"gold_loss":0.0,"damage_taken":0.0,"cards_obtained":["Dramatic Entrance","Night Terror"]},{"damage_healed":0.0,"max_hp_gain":0.0,"max_hp_loss":0.0,"gold_gain":175.0,"event_name":"betterThird:BetterSerpent","player_choice":"AGREE","floor":7.0,"gold_loss":0.0,"damage_taken":160.0},{"damage_healed":0.0,"max_hp_gain":0.0,"max_hp_loss":0.0,"gold_gain":0.0,"event_name":"Mushrooms","player_choice":"Fought Mushrooms","floor":12.0,"gold_loss":0.0,"damage_taken":0.0},{"damage_healed":0,"gold_gain":0,"player_choice":"Ignored","damage_taken":0,"max_hp_gain":0,"max_hp_loss":0,"event_name":"Ghosts","floor":19,"gold_loss":0},{"damage_healed":0,"gold_gain":0,"cards_transformed":["Defend_G"],"player_choice":"Transformed","damage_taken":0,"max_hp_gain":0,"max_hp_loss":0,"event_name":"Transmorgrifier","floor":20,"gold_loss":0,"cards_obtained":["Envenom"]}],"is_beta":false,"boss_relics":[{"not_picked":["Ectoplasm","Snecko Eye"],"picked":"HoveringKite"}],"items_purged_floors":[],"is_endless":false,"potions_floor_spawned":[1,5,12,14,16],"killed_by":"Spheric Guardian","ascension_level":0}}