{"host":"bg8va46pgqgvtzim","time":1612008756,"event":{"mods":["BaseMod","Minty Spire (QoL Compilation)","Quick Restart","StSLib","SuperFastMode"],"gold_per_floor":[363,381,381,407,424,441,36,49,49,49,49,78,78,160,160,173,188,188,215,215,233,253,79,79,174,174,185,185,205,216,235,135,168,168,182,23,49,49,74,74,94,94,107,122,157,157,254,304,322,322,322,340,354,366,400,410,410,22,41,41,41,52,68,68,68,68,68,68,68,68,101,101],"floor_reached":73,"language":"ZHS","playtime":2009,"items_purged":["Strike_P","Strike_P","FearNoEvil","Writhe"],"score":1504,"play_id":"8d69cccc-f984-4255-ae22-1865ffb14f22","local_time":"20210130201236","is_ascension_mode":true,"campfire_choices":[{"data":"Eruption","floor":11.0,"key":"SMITH"},{"data":"SignatureMove","floor":18.0,"key":"SMITH"},{"data":"Devotion","floor":24.0,"key":"SMITH"},{"floor":34.0,"key":"REST"},{"floor":40.0,"key":"REST"},{"data":"Prostrate","floor":46.0,"key":"SMITH"},{"floor":61.0,"key":"RECALL"},{"floor":65.0,"key":"REST"},{"floor":66.0,"key":"REST"},{"floor":69.0,"key":"REST"}],"circlet_count":0,"master_deck":["Defend_P+1","Defend_P+1","Defend_P+1","Defend_P+1","Eruption+1","Vigilance+1","Prostrate+1","SignatureMove+1","Perseverance+1","Halt+1","Prostrate+1","Indignation+1","InnerPeace+1","Crescendo+1","Trip+1","Devotion+1","EmptyMind+1","Adaptation+1","FlurryOfBlows+1","LessonLearned+1","ClearTheMind+1","Prostrate+1","Prostrate+1","Pray+1","Establishment+1","DeusExMachina+1","Meditate+1","TalkToTheHand+1","Purity+1","Wallop+1","Adaptation+1","TalkToTheHand+1","DeusExMachina+1"],"relics":["PureWater","Centennial Puzzle","Toxic Egg 2","Orrery","Bottled Flame","GoldenEye","Happy Flower","VioletLotus","Damaru","Bag of Preparation","Gremlin Horn","Question Card","CaptainsWheel","Whetstone","Tiny House","Vajra","White Beast Statue","Lantern","CloakClasp"],"acts_visited":["Exordium","TheCity","TheBeyond","TheEnding"],"potions_floor_usage":[72,72],"damage_taken":[{"damage":0.0,"enemies":"Jaw Worm","floor":1.0,"turns":2.0},{"damage":0.0,"enemies":"2 Louse","floor":2.0,"turns":2.0},{"damage":0.0,"enemies":"Cultist","floor":5.0,"turns":2.0},{"damage":8.0,"enemies":"3 Louse","floor":6.0,"turns":2.0},{"damage":0.0,"enemies":"Exordium Thugs","floor":8.0,"turns":3.0},{"damage":9.0,"enemies":"Lagavulin","floor":12.0,"turns":4.0},{"damage":6.0,"enemies":"Exordium Wildlife","floor":16.0,"turns":4.0},{"damage":10.0,"enemies":"3 Louse","floor":17.0,"turns":2.0},{"damage":2.0,"enemies":"3 Sentries","floor":19.0,"turns":4.0},{"damage":0.0,"enemies":"Looter","floor":21.0,"turns":4.0},{"damage":0.0,"enemies":"2 Fungi Beasts","floor":22.0,"turns":3.0},{"damage":1.0,"enemies":"Hexaghost","floor":25.0,"turns":3.0},{"damage":5.0,"enemies":"2 Thieves","floor":27.0,"turns":4.0},{"damage":0.0,"enemies":"Spheric Guardian","floor":29.0,"turns":1.0},{"damage":13.0,"enemies":"Centurion and Healer","floor":30.0,"turns":3.0},{"damage":9.0,"enemies":"Snecko","floor":31.0,"turns":6.0},{"damage":5.0,"enemies":"Book of Stabbing","floor":33.0,"turns":3.0},{"damage":0.0,"enemies":"Snake Plant","floor":35.0,"turns":2.0},{"damage":1.0,"enemies":"Slavers","floor":39.0,"turns":2.0},{"damage":0.0,"enemies":"Cultist and Chosen","floor":41.0,"turns":5.0},{"damage":0.0,"enemies":"Snecko","floor":43.0,"turns":4.0},{"damage":10.0,"enemies":"Sentry and Sphere","floor":44.0,"turns":3.0},{"damage":3.0,"enemies":"Book of Stabbing","floor":45.0,"turns":4.0},{"damage":10.0,"enemies":"Champ","floor":47.0,"turns":5.0},{"damage":0.0,"enemies":"3 Shapes","floor":49.0,"turns":2.0},{"damage":15.0,"enemies":"3 Darklings","floor":52.0,"turns":6.0},{"damage":0.0,"enemies":"4 Shapes","floor":53.0,"turns":6.0},{"damage":0.0,"enemies":"Maw","floor":54.0,"turns":6.0},{"damage":15.0,"enemies":"Nemesis","floor":55.0,"turns":5.0},{"damage":0.0,"enemies":"Jaw Worm Horde","floor":56.0,"turns":4.0},{"damage":0.0,"enemies":"Spire Growth","floor":59.0,"turns":2.0},{"damage":0.0,"enemies":"Transient","floor":62.0,"turns":5.0},{"damage":4.0,"enemies":"4 Shapes","floor":63.0,"turns":4.0},{"damage":33.0,"enemies":"Time Eater","floor":67.0,"turns":9.0},{"damage":8.0,"enemies":"Shield and Spear","floor":71.0,"turns":6.0},{"damage":34,"enemies":"The Heart","floor":72,"turns":8}],"seed_played":"-2960593488879163013","potions_obtained":[{"floor":1.0,"key":"DuplicationPotion"},{"floor":2.0,"key":"BlessingOfTheForge"},{"floor":5.0,"key":"ColorlessPotion"},{"floor":21.0,"key":"ColorlessPotion"},{"floor":22.0,"key":"EssenceOfSteel"},{"floor":25.0,"key":"Strength Potion"},{"floor":27.0,"key":"SteroidPotion"},{"floor":52.0,"key":"Fire Potion"},{"floor":59.0,"key":"Ambrosia"}],"is_trial":false,"path_per_floor":["M","M","?","T","M","M","$","M","E","?","R","E","?","T","T","M","M","R","E","?","M","M","$","R","B",null,"M","?","M","M","M","$","E","R","M","$","T","T","E","R","M","?","M","M","E","R","B",null,"M","?","?","M","M","M","E","M","T","$","M","?","R","M","M","?","R","R","B",null,"R","$","E","B",null],"character_chosen":"WATCHER","items_purchased":["Toxic Egg 2","Orrery","Adaptation","FlurryOfBlows","Pray+1","Lantern","Purity+1"],"campfire_rested":5,"item_purchase_floors":[7,7,23,23,36,58,58],"current_hp_per_floor":[65,65,65,65,65,57,57,57,57,57,57,48,48,48,48,42,32,32,30,23,23,23,23,23,22,65,60,60,60,47,38,38,33,52,52,52,52,52,51,65,65,65,65,55,52,52,42,70,70,70,70,55,55,55,40,40,40,40,40,40,40,40,36,36,57,70,37,70,70,70,62,28],"gold":101,"neow_bonus":"TWO_FIFTY_GOLD","is_daily":false,"chose_seed":false,"campfire_upgraded":4,"win_rate":0.0,"timestamp":1612008756,"path_taken":["M","M","?","?","M","M","$","?","E","?","R","E","?","T","T","M","?","R","E","?","M","M","?","R","BOSS","M","?","M","M","M","$","E","R","M","$","T","T","E","R","M","?","M","M","E","R","BOSS","M","?","?","M","M","M","E","M","T","?","M","?","R","M","?","?","R","R","BOSS","R","$","E","BOSS"],"items_purchased_type":["Relic","Relic","Card","Card","Card","Relic","Card"],"build_version":"2020-12-22","purchased_purges":4,"victory":true,"max_hp_per_floor":[65,65,65,65,65,65,65,65,65,65,65,65,65,65,65,65,65,65,65,65,65,65,65,65,65,65,65,65,65,65,65,65,65,65,65,65,65,65,65,65,65,65,65,65,65,65,65,70,70,70,70,70,70,70,70,70,70,70,70,70,70,70,70,70,70,70,70,70,70,70,70,70],"card_choices":[{"not_picked":["SignatureMove","Wireheading"],"picked":"Tantrum","floor":1.0},{"not_picked":["PathToVictory","ReachHeaven"],"picked":"Prostrate","floor":2.0},{"not_picked":["ForeignInfluence","FlyingSleeves","Evaluate"],"picked":"SKIP","floor":5.0},{"not_picked":["CutThroughFate","EmptyBody","Evaluate"],"picked":"SKIP","floor":6.0},{"not_picked":["CrushJoints","Alpha+1"],"picked":"Perseverance+1","floor":7.0},{"not_picked":["Nirvana","Perseverance+1"],"picked":"Halt+1","floor":7.0},{"not_picked":["WaveOfTheHand+1","ForeignInfluence+1"],"picked":"Prostrate+1","floor":7.0},{"not_picked":["CarveReality","Protect+1"],"picked":"Indignation+1","floor":7.0},{"not_picked":["FlurryOfBlows","FollowUp"],"picked":"InnerPeace+1","floor":8.0},{"not_picked":["SandsOfTime","SashWhip","EmptyFist"],"picked":"SKIP","floor":16.0},{"not_picked":["EmptyFist","CrushJoints","Tantrum"],"picked":"SKIP","floor":17.0},{"not_picked":["InnerPeace+1","SashWhip"],"picked":"Devotion","floor":19.0},{"not_picked":["Crescendo+1","FollowUp","Perseverance+1"],"picked":"SKIP","floor":21.0},{"not_picked":["Halt+1","EmptyFist"],"picked":"EmptyMind+1","floor":22.0},{"not_picked":["Establishment","MasterReality"],"picked":"LessonLearned","floor":25.0},{"not_picked":["Crescendo+1","JustLucky","Protect+1"],"picked":"SKIP","floor":27.0},{"not_picked":["FlyingSleeves","CutThroughFate","Halt+1"],"picked":"SKIP","floor":29.0},{"not_picked":["EmptyBody+1","Crescendo+1"],"picked":"Prostrate+1","floor":30.0},{"not_picked":["Worship+1","ThirdEye+1"],"picked":"FearNoEvil","floor":31.0},{"not_picked":["FlyingSleeves","Wish+1"],"picked":"Prostrate+1","floor":33.0},{"not_picked":["Consecrate","CrushJoints+1","FollowUp"],"picked":"SKIP","floor":35.0},{"not_picked":["CutThroughFate","Swivel+1","ForeignInfluence+1"],"picked":"SKIP","floor":39.0},{"not_picked":["CutThroughFate","Halt+1","LikeWater","JustLucky"],"picked":"SKIP","floor":41.0},{"not_picked":["ThirdEye+1","WheelKick","DeceiveReality+1","Conclude"],"picked":"SKIP","floor":43.0},{"not_picked":["WreathOfFlame+1","Indignation+1","EmptyFist"],"picked":"Establishment","floor":44.0},{"not_picked":["LikeWater","BowlingBash","Indignation+1","EmptyMind+1"],"picked":"SKIP","floor":45.0},{"not_picked":["Devotion","LessonLearned","SpiritShield+1"],"picked":"DeusExMachina+1","floor":47.0},{"not_picked":["CrushJoints","BowlingBash","CutThroughFate"],"picked":"Meditate+1","floor":48.0},{"not_picked":["EmptyMind+1","DeceiveReality+1","ThirdEye+1","SashWhip"],"picked":"SKIP","floor":49.0},{"not_picked":["Crescendo+1","Worship+1","ClearTheMind+1","FlyingSleeves+1"],"picked":"SKIP","floor":52.0},{"not_picked":["CutThroughFate","PathToVictory+1","Halt+1","WheelKick"],"picked":"SKIP","floor":53.0},{"not_picked":["CutThroughFate+1","BowlingBash","JustLucky+1"],"picked":"TalkToTheHand+1","floor":54.0},{"not_picked":["LikeWater","Collect+1","Establishment","Vengeance+1"],"picked":"SKIP","floor":55.0},{"not_picked":["InnerPeace+1","FollowUp","Halt+1","PathToVictory+1"],"picked":"SKIP","floor":56.0},{"not_picked":["WreathOfFlame+1","Sanctity+1","Consecrate+1"],"picked":"Wallop+1","floor":59.0},{"not_picked":["Protect+1","CutThroughFate+1","BowlingBash"],"picked":"Adaptation","floor":62.0},{"not_picked":["Protect+1","Prostrate+1","EmptyBody+1"],"picked":"TalkToTheHand+1","floor":63.0},{"not_picked":["Crescendo+1","Conclude","JustLucky+1"],"picked":"DeusExMachina+1","floor":71.0}],"player_experience":2358640,"relics_obtained":[{"floor":4.0,"key":"Centennial Puzzle"},{"floor":12.0,"key":"Bottled Flame"},{"floor":15.0,"key":"GoldenEye"},{"floor":19.0,"key":"Happy Flower"},{"floor":33.0,"key":"Damaru"},{"floor":37.0,"key":"Bag of Preparation"},{"floor":38.0,"key":"Gremlin Horn"},{"floor":39.0,"key":"Question Card"},{"floor":45.0,"key":"Whetstone"},{"floor":55.0,"key":"Vajra"},{"floor":57.0,"key":"White Beast Statue"},{"floor":71.0,"key":"CloakClasp"}],"event_choices":[{"damage_healed":0.0,"max_hp_gain":0.0,"max_hp_loss":0.0,"gold_gain":0.0,"cards_transformed":["Strike_P"],"event_name":"Living Wall","player_choice":"Change","floor":3.0,"gold_loss":0.0,"damage_taken":0.0,"cards_obtained":["SignatureMove"]},{"damage_healed":0.0,"max_hp_gain":0.0,"max_hp_loss":0.0,"gold_gain":0.0,"event_name":"Dead Adventurer","player_choice":"Searched \u00270\u0027 times","floor":10.0,"gold_loss":0.0,"damage_taken":0.0},{"damage_healed":0.0,"max_hp_gain":0.0,"max_hp_loss":0.0,"gold_gain":0.0,"event_name":"Match and Keep!","player_choice":"2 cards matched","floor":13.0,"gold_loss":0.0,"damage_taken":0.0,"cards_obtained":["Crescendo","Trip"]},{"cards_removed":["Strike_P"],"damage_healed":0.0,"max_hp_gain":0.0,"max_hp_loss":0.0,"gold_gain":0.0,"event_name":"Golden Wing","player_choice":"Card Removal","floor":20.0,"gold_loss":0.0,"damage_taken":7.0},{"damage_healed":0.0,"max_hp_gain":0.0,"max_hp_loss":0.0,"gold_gain":0.0,"event_name":"The Library","player_choice":"Read","floor":28.0,"gold_loss":0.0,"damage_taken":0.0,"cards_obtained":["ClearTheMind"]},{"damage_healed":0.0,"max_hp_gain":0.0,"max_hp_loss":0.0,"gold_gain":0.0,"event_name":"The Mausoleum","player_choice":"Opened","floor":42.0,"gold_loss":0.0,"damage_taken":0.0,"relics_obtained":["CaptainsWheel"],"cards_obtained":["Writhe"]},{"cards_removed":["Tantrum"],"damage_healed":0.0,"max_hp_gain":0.0,"max_hp_loss":0.0,"gold_gain":0.0,"event_name":"Falling","player_choice":"Removed Attack","floor":50.0,"gold_loss":0.0,"damage_taken":0.0},{"damage_healed":0.0,"max_hp_gain":0.0,"max_hp_loss":0.0,"gold_gain":0.0,"event_name":"Tomb of Lord Red Mask","player_choice":"Ignored","floor":51.0,"gold_loss":0.0,"damage_taken":0.0},{"damage_healed":0.0,"max_hp_gain":0.0,"max_hp_loss":0.0,"gold_gain":0.0,"event_name":"The Woman in Blue","player_choice":"Bought 0 Potions","floor":64.0,"gold_loss":0.0,"damage_taken":0.0}],"is_beta":false,"boss_relics":[{"not_picked":["Empty Cage","Philosopher\u0027s Stone"],"picked":"VioletLotus"},{"not_picked":["Coffee Dripper","Pandora\u0027s Box"],"picked":"Tiny House"}],"items_purged_floors":[23,32,36,58],"is_endless":false,"potions_floor_spawned":[1,2,5,21,22,25,27,29,30,43,44,52,59,62,63,71],"ascension_level":1}}