{"host":"syozzdlzcqop4jia","time":1612050413,"event":{"mods":["BaseMod","Colored Map","Colored Powertips","Minty Spire (QoL Compilation)","Quick Restart"],"gold_per_floor":[109,124,139,158,174,209,209,284,329,342,371,401,19,19,19,19,19],"floor_reached":16,"language":"ENG","playtime":1473,"items_purged":[],"score":129,"play_id":"b9056a5d-c9df-48a8-8435-beda798ae8b6","local_time":"20210131004653","is_ascension_mode":true,"campfire_choices":[{"floor":7,"key":"REST"},{"floor":15,"key":"REST"}],"circlet_count":0,"master_deck":["Strike_R","Strike_R","Strike_R","Strike_R","Strike_R","Defend_R","Defend_R","Defend_R","Defend_R","Bash","Twin Strike","Anger","Flex","Rampage","Carnage","Flex","Heavy Blade","Clothesline"],"relics":["Burning Blood","Darkstone Periapt","Blood Vial","Ornamental Fan","Bottled Flame","Bag of Marbles","Bottled Lightning"],"acts_visited":["Exordium"],"potions_floor_usage":[],"damage_taken":[{"damage":13,"enemies":"Jaw Worm","floor":1,"turns":4},{"damage":0,"enemies":"Small Slimes","floor":2,"turns":4},{"damage":0,"enemies":"2 Louse","floor":3,"turns":2},{"damage":20,"enemies":"Gremlin Gang","floor":4,"turns":5},{"damage":9,"enemies":"Red Slaver","floor":5,"turns":2},{"damage":35,"enemies":"3 Sentries","floor":6,"turns":6},{"damage":8,"enemies":"Blue Slaver","floor":10,"turns":3},{"damage":38,"enemies":"Gremlin Nob","floor":11,"turns":4},{"damage":60,"enemies":"Slime Boss","floor":16,"turns":9}],"seed_played":"-5758871786785348172","potions_obtained":[{"floor":3,"key":"Ancient Potion"},{"floor":5,"key":"SkillPotion"}],"is_trial":false,"path_per_floor":["M","M","M","M","M","E","R","?","T","M","E","?","$","T","R","B"],"character_chosen":"IRONCLAD","items_purchased":["Bottled Flame","Bag of Marbles"],"campfire_rested":2,"item_purchase_floors":[13,13],"current_hp_per_floor":[81,87,88,74,71,42,68,57,57,57,27,27,27,27,53,0,0],"gold":19,"neow_bonus":"TEN_PERCENT_HP_BONUS","is_daily":false,"chose_seed":false,"campfire_upgraded":0,"win_rate":0.0,"timestamp":1612050413,"path_taken":["M","M","M","M","M","E","R","?","T","M","E","?","$","?","R","BOSS"],"items_purchased_type":["Relic","Relic"],"build_version":"2020-12-22","purchased_purges":0,"victory":false,"max_hp_per_floor":[88,88,88,88,88,88,88,88,88,88,88,88,88,88,88,88,88],"card_choices":[{"not_picked":["Warcry","Infernal Blade"],"picked":"Twin Strike","floor":1},{"not_picked":["Clothesline","Flex"],"picked":"Anger","floor":2},{"not_picked":["Iron Wave","Brutality"],"picked":"Flex","floor":3},{"not_picked":["Spot Weakness","Fire Breathing"],"picked":"Rampage","floor":4},{"not_picked":["Feel No Pain","Disarm"],"picked":"Carnage","floor":5},{"not_picked":["Uppercut","Pommel Strike"],"picked":"Flex","floor":6},{"not_picked":["Rupture","Hemokinesis"],"picked":"Heavy Blade","floor":10},{"not_picked":["Heavy Blade","Sword Boomerang"],"picked":"Clothesline","floor":11}],"player_experience":455929,"relics_obtained":[{"floor":6,"key":"Darkstone Periapt"},{"floor":9,"key":"Blood Vial"},{"floor":11,"key":"Ornamental Fan"},{"floor":14,"key":"Bottled Lightning"}],"event_choices":[{"damage_healed":0,"gold_gain":75,"player_choice":"Gather Gold","damage_taken":11,"max_hp_gain":0,"max_hp_loss":0,"event_name":"World of Goop","floor":8,"gold_loss":0},{"damage_healed":0,"gold_gain":30,"player_choice":"Searched \u00272\u0027 times","damage_taken":0,"max_hp_gain":0,"max_hp_loss":0,"event_name":"Dead Adventurer","floor":12,"gold_loss":0}],"is_beta":false,"boss_relics":[],"items_purged_floors":[],"is_endless":false,"potions_floor_spawned":[3,5],"killed_by":"Slime Boss","ascension_level":3}}