{"host":"vl29iwkwnyytuw8q","time":1612049662,"event":{"mods":["BaseMod","Minty Spire (QoL Compilation)","Permanent Neow","Relic Stats","StSLib"],"gold_per_floor":[112,132,145,164,176,176,193,193,493,522,535,535,549,569,569,646,646,666,422,442,55,66,66,80,80,80,109,126,176,176,202,202,279,279,290,114,124,124,124,124,124,124],"floor_reached":41,"language":"ENG","playtime":1341,"items_purged":["Strike_G","Defend_G","Strike_G"],"score":874,"play_id":"fe2d521c-1918-425e-9188-314211d8eb1a","local_time":"20210131003422","is_ascension_mode":true,"campfire_choices":[{"data":"Noxious Fumes","floor":6.0,"key":"SMITH"},{"data":"Leg Sweep","floor":8.0,"key":"SMITH"},{"data":"Bouncing Flask","floor":15.0,"key":"SMITH"},{"data":"Adrenaline","floor":23.0,"key":"SMITH"},{"data":"Footwork","floor":25.0,"key":"SMITH"},{"data":"Predator","floor":30.0,"key":"SMITH"},{"data":"Night Terror","floor":32.0,"key":"SMITH"},{"data":"Acrobatics","floor":40,"key":"SMITH"}],"circlet_count":0,"master_deck":["AscendersBane","Strike_G","Strike_G","Defend_G","Defend_G","Defend_G","Survivor","Noxious Fumes+1","Dagger Throw","Masterful Stab","Bouncing Flask+1","Leg Sweep+1","Predator+1","Sucker Punch","PiercingWail","Dagger Spray","Backstab","Adrenaline+1","Blade Dance+1","Footwork+1","Deflect+1","PiercingWail","Night Terror+1","Unload","Deadly Poison+1","Acrobatics+1"],"relics":["Empty Cage","Old Coin","Lizard Tail","Busted Crown","Akabeko","Shuriken","Meat on the Bone","Mango","Turnip","Runic Pyramid"],"acts_visited":["Exordium","TheCity","TheBeyond"],"potions_floor_usage":[],"damage_taken":[{"damage":5.0,"enemies":"2 Louse","floor":1.0,"turns":4.0},{"damage":0.0,"enemies":"Cultist","floor":2.0,"turns":4.0},{"damage":13.0,"enemies":"Small Slimes","floor":3.0,"turns":4.0},{"damage":6.0,"enemies":"Looter","floor":4.0,"turns":3.0},{"damage":0.0,"enemies":"Exordium Thugs","floor":5.0,"turns":3.0},{"damage":6.0,"enemies":"Exordium Wildlife","floor":7.0,"turns":3.0},{"damage":8.0,"enemies":"Gremlin Nob","floor":10.0,"turns":3.0},{"damage":1.0,"enemies":"Lots of Slimes","floor":11.0,"turns":5.0},{"damage":9.0,"enemies":"Blue Slaver","floor":13.0,"turns":2.0},{"damage":15.0,"enemies":"Exordium Thugs","floor":14.0,"turns":4.0},{"damage":12.0,"enemies":"The Guardian","floor":16.0,"turns":11.0},{"damage":0.0,"enemies":"Spheric Guardian","floor":18.0,"turns":3.0},{"damage":0.0,"enemies":"2 Thieves","floor":20.0,"turns":4.0},{"damage":15.0,"enemies":"Snecko","floor":22.0,"turns":4.0},{"damage":0.0,"enemies":"3 Cultists","floor":24.0,"turns":3.0},{"damage":18.0,"enemies":"Book of Stabbing","floor":27.0,"turns":6.0},{"damage":22.0,"enemies":"Shelled Parasite and Fungi","floor":28.0,"turns":4.0},{"damage":13.0,"enemies":"Slavers","floor":31.0,"turns":6.0},{"damage":21.0,"enemies":"Champ","floor":33.0,"turns":9.0},{"damage":31,"enemies":"3 Darklings","floor":35,"turns":6},{"damage":7,"enemies":"Orb Walker","floor":37,"turns":3},{"damage":57,"enemies":"Reptomancer","floor":41,"turns":8}],"seed_played":"-2574729331813870271","potions_obtained":[{"floor":3.0,"key":"LiquidMemories"},{"floor":5.0,"key":"CunningPotion"},{"floor":7.0,"key":"Dexterity Potion"},{"floor":14.0,"key":"SkillPotion"},{"floor":16.0,"key":"Fire Potion"},{"floor":22.0,"key":"LiquidBronze"},{"floor":27.0,"key":"Poison Potion"},{"floor":28.0,"key":"AttackPotion"},{"floor":31.0,"key":"Regen Potion"}],"is_trial":false,"path_per_floor":["M","M","M","M","M","R","M","R","T","E","M","?","M","M","R","B",null,"M","$","M","$","M","R","M","R","T","E","M","?","R","E","R","B",null,"M","$","M","?","?","R","E"],"character_chosen":"THE_SILENT","items_purchased":["Akabeko","Shuriken","Acrobatics"],"campfire_rested":0,"item_purchase_floors":[19,21,36],"current_hp_per_floor":[54,54,41,35,35,35,29,29,29,21,20,20,11,33,33,21,55,55,55,55,55,40,40,40,40,40,48,38,30,30,29,29,20,65,46,46,51,51,51,51,0,0],"gold":124,"neow_bonus":"BOSS_RELIC","is_daily":false,"chose_seed":false,"campfire_upgraded":8,"win_rate":0.0,"timestamp":1612049662,"path_taken":["M","M","M","M","M","R","M","R","T","E","M","?","M","M","R","BOSS","M","$","M","$","M","R","M","R","T","E","M","?","R","E","R","BOSS","M","$","?","?","?","R","E"],"items_purchased_type":["Relic","Relic","Card"],"build_version":"2020-12-22","purchased_purges":3,"victory":false,"max_hp_per_floor":[66,66,66,66,66,66,66,66,66,66,66,66,66,66,66,66,66,66,66,66,66,66,66,66,66,66,80,80,80,80,80,80,80,80,80,80,80,80,80,80,80,80],"relic_stats":{"Lizard Tail":33,"Busted Crown":22,"counters":[22,102],"Shuriken":[37],"Turnip":[6],"obtain_stats":[{"Lizard Tail":10,"Busted Crown":17,"Shuriken":21,"Mango":27,"Turnip":31,"Empty Cage":0,"Akabeko":19,"Ring of the Snake":0,"Old Coin":9,"Meat on the Bone":26,"Runic Pyramid":34},{"Lizard Tail":7,"Busted Crown":11,"Shuriken":13,"Mango":16,"Turnip":18,"Empty Cage":0,"Akabeko":12,"Ring of the Snake":0,"Old Coin":6,"Meat on the Bone":15,"Runic Pyramid":19},{"Lizard Tail":24,"Busted Crown":46,"Shuriken":53,"Mango":66,"Turnip":76,"Empty Cage":0,"Akabeko":49,"Ring of the Snake":0,"Old Coin":21,"Meat on the Bone":60,"Runic Pyramid":85}],"Meat on the Bone":72},"card_choices":[{"not_picked":["Dodge and Roll","Reflex"],"picked":"Noxious Fumes","floor":1.0},{"not_picked":["Blade Dance","Cloak And Dagger"],"picked":"Dagger Throw","floor":2.0},{"not_picked":["Sucker Punch","Dagger Throw"],"picked":"Masterful Stab","floor":3.0},{"not_picked":["Acrobatics","Predator"],"picked":"Bouncing Flask","floor":4.0},{"not_picked":["Outmaneuver","Underhanded Strike"],"picked":"Leg Sweep","floor":5.0},{"not_picked":["Wraith Form v2","PiercingWail"],"picked":"Predator","floor":7.0},{"not_picked":["Blade Dance","Eviscerate"],"picked":"Sucker Punch","floor":10.0},{"not_picked":["Bane","Backstab"],"picked":"PiercingWail","floor":11.0},{"not_picked":["Blade Dance","Sucker Punch"],"picked":"Dagger Spray","floor":13.0},{"not_picked":["Bane","Riddle With Holes"],"picked":"Backstab","floor":14.0},{"not_picked":["Corpse Explosion","Glass Knife"],"picked":"Adrenaline","floor":16.0},{"not_picked":["Dagger Spray"],"picked":"SKIP","floor":18.0},{"not_picked":[],"picked":"Blade Dance+1","floor":20.0},{"not_picked":["Noxious Fumes"],"picked":"SKIP","floor":22.0},{"not_picked":[],"picked":"Footwork","floor":24.0},{"not_picked":[],"picked":"Deflect+1","floor":27.0},{"not_picked":[],"picked":"PiercingWail","floor":28.0},{"not_picked":[],"picked":"Night Terror","floor":31.0},{"not_picked":[],"picked":"Unload","floor":33.0},{"not_picked":[],"picked":"Deadly Poison+1","floor":35},{"not_picked":["Well Laid Plans"],"picked":"SKIP","floor":37}],"player_experience":653238,"relics_obtained":[{"floor":9.0,"key":"Old Coin"},{"floor":10.0,"key":"Lizard Tail"},{"floor":26.0,"key":"Meat on the Bone"},{"floor":27.0,"key":"Mango"},{"floor":31.0,"key":"Turnip"}],"event_choices":[{"damage_healed":0.0,"max_hp_gain":0.0,"max_hp_loss":0.0,"gold_gain":0.0,"event_name":"Golden Idol","player_choice":"Ignored","floor":12.0,"gold_loss":0.0,"damage_taken":0.0},{"damage_healed":0.0,"max_hp_gain":0.0,"max_hp_loss":0.0,"gold_gain":50.0,"event_name":"FaceTrader","player_choice":"Touch","floor":29.0,"gold_loss":0.0,"damage_taken":8.0},{"cards_removed":["Neutralize"],"damage_healed":0,"gold_gain":0,"player_choice":"Removed Attack","damage_taken":0,"max_hp_gain":0,"max_hp_loss":0,"event_name":"Falling","floor":38,"gold_loss":0},{"damage_healed":0,"gold_gain":0,"player_choice":"Memory 1","damage_taken":0,"max_hp_gain":0,"max_hp_loss":0,"event_name":"SensoryStone","floor":39,"gold_loss":0}],"is_beta":false,"boss_relics":[{"not_picked":["Coffee Dripper","Snecko Eye"],"picked":"Busted Crown"},{"not_picked":["HoveringKite","Calling Bell"],"picked":"Runic Pyramid"}],"items_purged_floors":[19,21,36],"is_endless":false,"potions_floor_spawned":[3,5,7,14,16,18,22,27,28,31],"killed_by":"Reptomancer","ascension_level":20}}