{"host":"eaiphzh066bwqdh7","time":1612039861,"event":{"mods":["BaseMod","Better Note","Halation","Hubris","Minty Spire (QoL Compilation)","Reliquary","Replay The Spire","StSLib"],"gold_per_floor":[110,110,40,59,70,70,100,100,177,190,190,210,210,210,210,210,210],"floor_reached":16,"language":"ENG","playtime":318,"items_purged":[],"score":120,"play_id":"e76f35e0-92c9-4157-b0d0-9eb0820c516f","local_time":"20210130155101","is_ascension_mode":true,"campfire_choices":[{"data":"Inflame","floor":6,"key":"SMITH"},{"floor":8,"key":"REST"},{"data":"Reaper","floor":11,"key":"SMITH"},{"floor":13,"key":"REST"},{"floor":15,"key":"DIG"}],"circlet_count":0,"master_deck":["Strike_R","Strike_R","Strike_R","Strike_R","Strike_R","Defend_R","Defend_R","Defend_R","Defend_R","Bash","Inflame+1","Perfected Strike","Reaper+1","Rampage"],"relics":["Burning Blood","Unceasing Top","hubris:Metronome","Eternal Feather","Golden Idol","reliquary:JackalopeAntler"],"acts_visited":["Exordium"],"potions_floor_usage":[7,16],"damage_taken":[{"damage":9,"enemies":"2 Louse","floor":1,"turns":3},{"damage":6,"enemies":"Cultist","floor":4,"turns":3},{"damage":10,"enemies":"Small Slimes","floor":5,"turns":3},{"damage":23,"enemies":"Lagavulin","floor":7,"turns":5},{"damage":23,"enemies":"Red Slaver","floor":10,"turns":4},{"damage":33,"enemies":"Exordium Thugs","floor":12,"turns":5},{"damage":75,"enemies":"Hexaghost","floor":16,"turns":9}],"seed_played":"9016638929864895484","potions_obtained":[{"floor":1,"key":"SpeedPotion"},{"floor":4,"key":"Block Potion"}],"is_trial":false,"path_per_floor":["M","?","$","M","M","R","E","R","T","M","R","M","R","?","R","B"],"character_chosen":"IRONCLAD","items_purchased":["Inflame"],"campfire_rested":2,"item_purchase_floors":[3],"current_hp_per_floor":[77,77,77,77,73,73,56,80,80,63,69,53,80,60,66,0,0],"gold":210,"neow_bonus":"ONE_RARE_RELIC","is_daily":false,"chose_seed":false,"campfire_upgraded":2,"win_rate":0.0,"timestamp":1612039861,"path_taken":["M","?","$","M","?","R","E","R","T","M","R","M","R","?","R","BOSS"],"items_purchased_type":["Card"],"build_version":"2020-12-22","purchased_purges":0,"victory":false,"max_hp_per_floor":[80,80,80,80,80,80,80,80,80,80,80,80,80,80,80,80,80],"card_choices":[{"not_picked":["Shockwave","Pommel Strike","True Grit"],"picked":"SKIP","floor":1},{"not_picked":["True Grit","Shrug It Off","Clothesline"],"picked":"SKIP","floor":4},{"not_picked":["Shockwave","Entrench","Headbutt"],"picked":"SKIP","floor":5},{"not_picked":["Blood for Blood","Spot Weakness"],"picked":"Perfected Strike","floor":7},{"not_picked":["Ghostly Armor","Metallicize"],"picked":"Reaper","floor":10},{"not_picked":["Clothesline","Shrug It Off"],"picked":"Rampage","floor":12}],"player_experience":217153,"relics_obtained":[{"floor":7,"key":"hubris:Metronome"},{"floor":9,"key":"Eternal Feather"},{"floor":15,"key":"reliquary:JackalopeAntler"}],"event_choices":[{"cards_removed":["Normality"],"damage_healed":0,"gold_gain":0,"player_choice":"Removed Curses","damage_taken":0,"max_hp_gain":0,"max_hp_loss":0,"event_name":"Fountain of Cleansing","floor":2,"gold_loss":0},{"damage_healed":0,"gold_gain":0,"player_choice":"Take Damage","damage_taken":20,"relics_obtained":["Golden Idol"],"max_hp_gain":0,"max_hp_loss":0,"event_name":"Golden Idol","floor":14,"gold_loss":0}],"is_beta":false,"boss_relics":[],"items_purged_floors":[],"is_endless":false,"potions_floor_spawned":[1,4],"killed_by":"Hexaghost","ascension_level":4}}