{"host":"yck2t2q3ro7hf56e","time":1612032900,"event":{"mods":["2.2 Compatiblity","AchievementEnabler","Act Like it!","Aspiration","BaseMod","Better Altar","Better Match","Better Note","Better Sensory Stone","Better Skull","Better Third Choice","Better Vampires","BetterRewards","Block Reminder","CCEM2","Challenge The Spire","Colored Powertips","Conspire","Curses Come First","DNKmod","Energized Spire","Friendly Minions","GifTheSpireLib","Glutton Mod","Halation","Hubris","Infinite Spire","Marked Mod","Minty Spire (QoL Compilation)","Permanent Neow","Practice Mode","Quick Restart","Rare Cards Sparkle","RatMod","Relic Sorter","Relic Stats","Reliquary","Replay The Spire","Shade Mod","Shop Mod","Spicy Shops","Spikes Relics","StSLib","Stuff the Spire","Synergy Search","The Blue Laboratory","The Construct","TheSurvivalist","Thieving Mod","Unceasing Turn Reminder","Unknown Chances","everything is the same but u backflip on backflip","??????REMEMod"],"gold_per_floor":[6015,6015,6029,6041,6055,6055,6084,6084,6084,6118,6137,6137,5049,5049,5049,5152,5152,5172,5185,4229,4229,4249,4275,4275,4275,4275],"floor_reached":25,"language":"ENG","playtime":2906,"items_purged":["Strike_G","Shame","Strike_G","Strike_G+1"],"score":306,"play_id":"e87ea138-4f60-475c-a742-a7a47b46fc54","local_time":"20210130185500","is_ascension_mode":false,"campfire_choices":[{"floor":6,"key":"RECALL"},{"floor":12,"key":"REST"},{"data":"Defend_G","floor":24,"key":"SMITH"}],"circlet_count":0,"master_deck":["Defend_G","Defend_G","Defend_G+1","Defend_G","Defend_G+1","Survivor+1","Neutralize+1","theextravagant:GlyphOfTime+1","Blade Dance+1","Hidden Blade","A Thousand Cuts","StuffTheSpire:ReptileScales+1","Footwork+1","theextravagant:GlyphOfTime+1","StuffTheSpire:Incursion"],"relics":["Ring of the Snake","halation:Jellyphish","REME_ComplimentaryCards","Chameleon Ring","StuffTheSpire:NeowsTribute","Garlic","reliquary:RoseTintedGlasses","ReplayTheSpireMod:CursedCoin","Empty Cage","Regal Pillow","Whetstone","ReplayTheSpireMod:Ninjato","halation:PlatinumPhoenix"],"acts_visited":["Exordium","TheCity"],"potions_floor_usage":[16,20,23,23],"damage_taken":[{"damage":0,"enemies":"Jaw Worm","floor":1,"turns":5},{"damage":0,"enemies":"Small Slimes","floor":3,"turns":4},{"damage":2,"enemies":"conspire:RoseBush","floor":4,"turns":3},{"damage":0,"enemies":"Looter","floor":5,"turns":5},{"damage":2,"enemies":"Replay:BlueRogue","floor":7,"turns":16},{"damage":36,"enemies":"Gremlin Nob","floor":10,"turns":5},{"damage":4,"enemies":"2 Fungi Beasts","floor":11,"turns":5},{"damage":28,"enemies":"The Guardian","floor":16,"turns":10},{"damage":12,"enemies":"Spheric Guardian","floor":18,"turns":4},{"damage":0,"enemies":"3 Byrds","floor":19,"turns":4},{"damage":0,"enemies":"Sentry and Sphere","floor":22,"turns":5},{"damage":0,"enemies":"Nightmare","floor":23,"turns":6},{"damage":0,"enemies":"Snake Plant","floor":25,"turns":2}],"seed_played":"4132991778065928429","potions_obtained":[{"floor":3,"key":"CultistPotion"},{"floor":23,"key":"Strength Potion"}],"is_trial":false,"path_per_floor":["M","?","M","M","M","R","E","?","T","E","M","R","$","?","R","B",null,"M","M","$","?","M","NM","R","M"],"character_chosen":"THE_SILENT","items_purchased":["Chameleon Ring","StuffTheSpire:NeowsTribute","Garlic","reliquary:RoseTintedGlasses","Blade Dance","ReplayTheSpireMod:CursedCoin","Hidden Blade","Footwork+1","Regal Pillow","Whetstone","halation:Jellyphish","Fire Potion","Block Potion","REME_GoldPotion"],"campfire_rested":1,"item_purchase_floors":[13,13,13,13,13,13,13,20,20,20,20,20,20,20],"current_hp_per_floor":[100,100,100,98,98,98,96,96,96,60,56,86,86,86,100,72,100,88,88,88,88,88,88,88,88,88],"gold":4275,"neow_bonus":"RANDOM_COLORLESS","is_daily":false,"chose_seed":false,"campfire_upgraded":1,"win_rate":0.0,"timestamp":1612032900,"path_taken":["M","?","M","M","M","R","E","?","T","E","M","R","$","?","R","BOSS","M","M","$","?","M","NM","R","M"],"items_purchased_type":["Relic","Relic","Relic","Relic","Card","Relic","Card","Card","Relic","Relic","Relic","Potion","Potion","Potion"],"build_version":"2020-12-22","purchased_purges":4,"victory":false,"max_hp_per_floor":[100,100,100,100,100,100,100,100,100,100,100,100,100,100,100,100,100,100,100,100,100,100,100,100,100,100],"relic_stats":{"Regal Pillow":0,"counters":[13,74],"Whetstone":["Strike_G","Neutralize"],"obtain_stats":[{"Regal Pillow":20,"ReplayTheSpireMod:Ninjato":23,"ReplayTheSpireMod:CursedCoin":13,"halation:PlatinumPhoenix":25,"Whetstone":20,"infinitespire:Magic Flask":22,"War Paint":10,"reliquary:RosewoodLute":23,"Empty Cage":17,"Chameleon Ring":13,"halation:Jellyphish":20,"reliquary:RoseTintedGlasses":13,"Garlic":13,"StuffTheSpire:NeowsTribute":13,"Ring of the Snake":0,"REME_ComplimentaryCards":0},{"Regal Pillow":10,"ReplayTheSpireMod:Ninjato":12,"ReplayTheSpireMod:CursedCoin":7,"halation:PlatinumPhoenix":12,"Whetstone":10,"infinitespire:Magic Flask":10,"War Paint":6,"reliquary:RosewoodLute":11,"Empty Cage":8,"Chameleon Ring":7,"halation:Jellyphish":10,"reliquary:RoseTintedGlasses":7,"Garlic":7,"StuffTheSpire:NeowsTribute":7,"Ring of the Snake":0,"REME_ComplimentaryCards":0},{"Regal Pillow":61,"ReplayTheSpireMod:Ninjato":72,"ReplayTheSpireMod:CursedCoin":43,"halation:PlatinumPhoenix":72,"Whetstone":61,"infinitespire:Magic Flask":61,"War Paint":38,"reliquary:RosewoodLute":66,"Empty Cage":53,"Chameleon Ring":43,"halation:Jellyphish":61,"reliquary:RoseTintedGlasses":43,"Garlic":43,"StuffTheSpire:NeowsTribute":43,"Ring of the Snake":0,"REME_ComplimentaryCards":0}],"Ring of the Snake":[26]},"card_choices":[{"not_picked":["Concentrate","rat:DextrousStrike","rat:Exsanguinate"],"picked":"SKIP","floor":1},{"not_picked":["Choke","Hidden Blade","Dagger Spray"],"picked":"SKIP","floor":3},{"not_picked":["StuffTheSpire:Injection","Bane","Well Laid Plans"],"picked":"SKIP","floor":4},{"not_picked":["rat:FanOfKnives","rat:Garrote","Endless Agony"],"picked":"SKIP","floor":5},{"not_picked":["REME_GrazeFinale","rat:SilveredBlade","Skewer"],"picked":"SKIP","floor":7},{"not_picked":["Toxin Wave","rat:SilverDagger","rat:DextrousStrike"],"picked":"SKIP","floor":10},{"not_picked":["Backstab","PiercingWail","Poisoned Stab"],"picked":"SKIP","floor":11},{"not_picked":["rat:Dispatch","ReplayTheSpireMod:From All Sides"],"picked":"A Thousand Cuts","floor":16},{"not_picked":["Bane","rat:OpeningStrike","ReplayTheSpireMod:The Works"],"picked":"SKIP","floor":18},{"not_picked":["Riddle With Holes","Dagger Spray"],"picked":"StuffTheSpire:ReptileScales+1","floor":19},{"not_picked":["Pace","hubris:SlightOfHand"],"picked":"StuffTheSpire:Incursion","floor":22},{"not_picked":["StuffTheSpire:Injection","rat:VenomousWounds","StuffTheSpire:ClusterCrunch"],"picked":"SKIP","floor":23}],"player_experience":208970,"relics_obtained":[{"floor":10,"key":"War Paint"},{"floor":23,"key":"ReplayTheSpireMod:Ninjato"}],"event_choices":[{"damage_healed":0,"gold_gain":0,"player_choice":"Ignored","damage_taken":6015,"max_hp_gain":0,"max_hp_loss":0,"event_name":"betterThird:BetterSerpent","floor":2,"gold_loss":0},{"damage_healed":0,"gold_gain":0,"player_choice":"Copied","damage_taken":0,"max_hp_gain":0,"max_hp_loss":0,"event_name":"Duplicator","floor":21,"gold_loss":0,"cards_obtained":["theextravagant:GlyphOfTime"]}],"is_beta":false,"boss_relics":[{"not_picked":["StuffTheSpire:Kangaroo","hubris:Stopwatch"],"picked":"Empty Cage"}],"items_purged_floors":[13,13,20,20],"is_endless":false,"potions_floor_spawned":[3,4,10,22,23],"killed_by":"Snake Plant","ascension_level":0}}