{"host":"nffn7bihbsyvko85","time":1612037574,"event":{"mods":["Act Like it!","AlwaysNeverKeys","Ascension Reborn","Aspiration","BaseMod","Beaked The Cultist","Block Reminder","Colored Map","Colored Powertips","Colorless Booster Pack","Conspire","Emptier Cage","Energized Spire","Friendly Minions","GifTheSpireLib","Halation","Hermit","Hubris","Infinite Spire","Jedi Mod","Keyboard Shortcuts","Lobotomy","LobotomyExtend","Minty Spire (QoL Compilation)","Permanent Neow","Quick Restart","Reliquary","Replay The Spire","Shop Mod","Spicy Shops","Spikes Relics","StSLib","Stuff the Spire","The Dragon Tamer","The Runesmith","The Trickster","TheVacant","Transform Curses"],"gold_per_floor":[110,110,110,123,137,137,172,172,219,237,268,268,281,300,300,399,399,413,413,3,20,40,40,62,62,98,98,117,256,33,161,173,311,423,455,25,25,36,68,232,232,379,437,574,703,703,840,978,978,996],"floor_reached":51,"language":"SPA","playtime":4375,"items_purged":["Strike_B","Regret"],"score":1517,"play_id":"2606ed0b-0f59-4ef3-8524-f2726fe2ebb0","local_time":"20210130171254","daily_mods":["Vintage","Colorless Cards","Heirloom","Time Dilation","Flight","DeadlyEvents","Elite Swarm"],"is_ascension_mode":true,"campfire_choices":[{"floor":6.0,"key":"DIG"},{"data":"Zap","floor":8.0,"key":"SMITH"},{"floor":8.0,"key":"DIG"},{"data":"Rainbow","floor":12.0,"key":"SMITH"},{"floor":12.0,"key":"DIG"},{"data":"Hello World","floor":15.0,"key":"SMITH"},{"data":"Dualcast","floor":15.0,"key":"SMITH"},{"floor":15.0,"key":"DIG"},{"data":"Electrodynamics+1","floor":23.0,"key":"SMITH"},{"data":"conspire:Banana","floor":23.0,"key":"SMITH"},{"floor":23.0,"key":"DIG"},{"data":"Electrodynamics+2","floor":25.0,"key":"SMITH"},{"data":"conspire:Banana+1","floor":25.0,"key":"SMITH"},{"floor":25.0,"key":"DIG"},{"data":"Electrodynamics+3","floor":27.0,"key":"SMITH"},{"data":"conspire:Banana+2","floor":27.0,"key":"SMITH"},{"floor":27.0,"key":"DIG"},{"data":"Electrodynamics+4","floor":32.0,"key":"SMITH"},{"data":"conspire:Banana+3","floor":32.0,"key":"SMITH"},{"floor":32.0,"key":"DIG"},{"data":"hubris:DuctTapeCard+6","floor":41.0,"key":"SMITH"},{"data":"Midas Touch","floor":41.0,"key":"SMITH"},{"floor":41.0,"key":"DIG"},{"data":"hubris:DuctTapeCard","floor":46.0,"key":"SMITH"},{"data":"hubris:DuctTapeCard+8","floor":46.0,"key":"SMITH"},{"floor":46.0,"key":"DIG"},{"floor":49.0,"key":"DIG"}],"circlet_count":0,"master_deck":["Strike_B","Strike_B","Strike_B","Defend_B","Defend_B","Defend_B","Defend_B","Zap+1","Dualcast+1","Secret Technique","StuffTheSpire:PlasmaPunch","Rainbow+1","Hello World+1","Electrodynamics+5","Cold Snap+1","Beam Cell","Necronomicurse","StuffTheSpire:Synthwave+1","infinitespire:NeuralNetwork+1","FIFO Queue+1","Midas Touch+1","CBP: ChaoticOffering","StuffTheSpire:NuclearReactor","Panache+1","hubris:DuctTapeCard"],"relics":["Cracked Core","jedi:maincommand","Ring of Chaos","replay:Trail_Library","Shovel","aspiration:TomeofQuesting","halation:PenCase","hubris:MobiusCoin","PreservedInsect","infinitespire:Midas Blood","halation:PromiseList","RoseTintedShades","jedi:crownofsimplicity","StuffTheSpire:DarkSteelAnvil","LetterFromLob","conspire:InfiniteJournal","Frozen Egg 2","Mummified Hand","Replay:Arrowhead","jedi:heavyjacket","StuffTheSpire:Kangaroo","Quantum Egg","halation:Prosthetics","halation:Gekota","Membership Card","BargainBundle","CeramicFish","Necronomicon","The Courier","reliquary:TatteredRug","StuffTheSpire:TintedRock","Toy Ornithopter","Replay:Bandana","halation:SwordOfLegend","hubris:CuriousFeather","aspiration:FetidBarrel","Strange Spoon","conspire:TreasureMap","MawBank","jedi:purplefairy","DataDisk","hubris:BlackHole","hubris:OldNail","jedi:paperfaux","aspiration:Nostalgia","m_RuneBlood","Old Coin","Bird Faced Urn","Ice Cream","hermit:Spyglass","ReplayTheSpireMod:CursedCoin","hubris:DuctTape","infinitespire:Bottled Soul","Juzu Bracelet","ReplayTheSpireMod:Shallot","Snake Skull","Dead Branch","Singing Bowl","Bag of Preparation","Replay:Bottled Steam","hubris:SoftwareUpdate","Incense Burner","hubris:RGBLights","Lantern"],"acts_visited":["Exordium","TheCity","TheBeyond"],"potions_floor_usage":[],"damage_taken":[{"damage":0.0,"enemies":"2 Louse","floor":1.0,"turns":2.0},{"damage":5.0,"enemies":"Small Slimes","floor":4.0,"turns":3.0},{"damage":6.0,"enemies":"Cultist","floor":5.0,"turns":3.0},{"damage":16.0,"enemies":"Gremlin Nob","floor":7.0,"turns":3.0},{"damage":8.0,"enemies":"Looter","floor":10.0,"turns":2.0},{"damage":0.0,"enemies":"Lagavulin","floor":11.0,"turns":4.0},{"damage":0.0,"enemies":"Large Slime","floor":13.0,"turns":4.0},{"damage":5.0,"enemies":"2 Fungi Beasts","floor":14.0,"turns":2.0},{"damage":0.0,"enemies":"Slime Boss","floor":16.0,"turns":7.0},{"damage":0.0,"enemies":"Shell Parasite","floor":18.0,"turns":3.0},{"damage":0.0,"enemies":"Chosen","floor":22.0,"turns":2.0},{"damage":2.0,"enemies":"Snake Plant","floor":24.0,"turns":3.0},{"damage":0.0,"enemies":"Chosen and Byrds","floor":28.0,"turns":2.0},{"damage":0.0,"enemies":"Book of Stabbing","floor":29.0,"turns":2.0},{"damage":0.0,"enemies":"Gremlin Leader","floor":31.0,"turns":1.0},{"damage":0.0,"enemies":"Champ","floor":33.0,"turns":2.0},{"damage":0.0,"enemies":"3 Darklings","floor":35.0,"turns":1.0},{"damage":0.0,"enemies":"Nightmare","floor":40.0,"turns":3.0},{"damage":0.0,"enemies":"Reptomancer","floor":42.0,"turns":2.0},{"damage":0.0,"enemies":"beaked:SuperParasite","floor":44.0,"turns":1.0},{"damage":0.0,"enemies":"Giant Head","floor":45.0,"turns":1.0},{"damage":0.0,"enemies":"Nemesis","floor":47.0,"turns":1.0},{"damage":0.0,"enemies":"R_Hoarder","floor":48.0,"turns":1.0},{"damage":0.0,"enemies":"Awakened One","floor":50.0,"turns":2.0}],"seed_played":"-8546457369106696821","potions_obtained":[{"floor":4.0,"key":"Doom Potion"},{"floor":5.0,"key":"Explosive Potion"},{"floor":7.0,"key":"Languid Potion"},{"floor":13.0,"key":"Fire Potion"},{"floor":16.0,"key":"jedi:wingpotion"},{"floor":18.0,"key":"jedi:hoardpotion"},{"floor":28.0,"key":"Milkshake"},{"floor":29.0,"key":"AttackPotion"},{"floor":33.0,"key":"PowerPotion"},{"floor":44.0,"key":"Reflective Coating"},{"floor":45.0,"key":"jedi:holywater"},{"floor":47.0,"key":"AttackPotion"}],"is_trial":true,"path_per_floor":["M","?","?","M","M","R","E","R","T","M","E","R","M","M","R","B",null,"M","AVR","$","?","M","R","M","R","T","R","M","E","$","E","R","B",null,"M","$","?","?","T","NM","R","E","T","E","E","R","E","E","R_BF","B",null],"character_chosen":"DEFECT","items_purchased":["jedi:command_shop","jedi:command_shop","Adrenaline Potion","conspire:Banana","Cold Snap+1","Beam Cell","jedi:command_common","jedi:command_shop","jedi:command_shop","jedi:command_common","jedi:command_uncommon","jedi:command_shop","jedi:command_rare","jedi:command_rare","jedi:command_rare","jedi:command_uncommon","jedi:command_shop","jedi:command_uncommon","jedi:command_uncommon"],"campfire_rested":0,"item_purchase_floors":[20,20,20,20,20,20,20,30,30,30,36,36,36,36,36,36,36,36,36],"current_hp_per_floor":[75,75,75,70,64,64,48,48,48,40,40,40,40,35,35,35,75,75,40,40,24,26,26,28,28,28,28,41,46,46,46,54,64,64,64,64,61,46,46,61,61,75,75,75,77,77,79,81,81,98],"gold":996,"neow_bonus":"","is_daily":false,"chose_seed":false,"campfire_upgraded":16,"win_rate":0.0,"timestamp":1612037574,"path_taken":["M","?","?","M","M","R","E","R","T","M","E","R","M","M","R","BOSS","M","AVR","$","?","M","R","M","R","T","R","M","E","$","E","R","BOSS","M","$","?","?","?","NM","R","E","T","E","E","R","E","E","R_BF","BOSS"],"items_purchased_type":["Relic","Relic","Potion","Card","Card","Card","Relic","Relic","Relic","Relic","Relic","Relic","Relic","Relic","Relic","Relic","Relic","Relic","Relic"],"build_version":"2020-12-22","purchased_purges":2,"victory":true,"max_hp_per_floor":[75,75,75,75,75,75,75,75,75,75,75,75,75,75,75,75,75,75,40,40,40,42,42,46,46,46,46,54,54,54,54,54,64,64,64,64,61,61,61,61,61,75,75,75,77,77,79,81,81,98],"card_choices":[{"not_picked":["Magnetism","CBP: MannCoSupplyCrateSeries3"],"picked":"Rainbow","floor":7.0},{"not_picked":["jedi:cleanse","Rainbow","ReplayTheSpireMod:Omega Cannon"],"picked":"SKIP","floor":11.0},{"not_picked":["Hyperbeam","StuffTheSpire:Purify"],"picked":"Electrodynamics+1","floor":16.0},{"not_picked":["Apotheosis","jedi:meditation+1","jedi:BurstDark"],"picked":"SKIP","floor":29.0},{"not_picked":["Thunder Strike","jedi:cleanse"],"picked":"Creative AI+1","floor":31.0},{"not_picked":["infinitespire:TheBestDefense","ReplayTheSpireMod:Black Plague"],"picked":"infinitespire:NeuralNetwork","floor":38.0},{"not_picked":["StuffTheSpire:ForEach","Feint"],"picked":"Midas Touch","floor":40.0},{"not_picked":["Amplify","HandOfGreed"],"picked":"CBP: ChaoticOffering","floor":42.0},{"not_picked":["StuffTheSpire:LaunchingStrike","Reboot"],"picked":"Panache+1","floor":44.0},{"not_picked":["Metamorphosis","jedi:BurstDark","ReplayTheSpireMod:Omega Cannon"],"picked":"Singing Bowl","floor":45.0},{"not_picked":["StuffTheSpire:LaunchingStrike","hubris:DoWhile","jedi:bruteforce"],"picked":"Singing Bowl","floor":47.0},{"not_picked":["hubris:EnhanceAbility+1","Reboot","Core Surge"],"picked":"Singing Bowl","floor":48.0}],"player_experience":201630,"relics_obtained":[{"floor":1.0,"key":"jedi:command_common"},{"floor":2.0,"key":"jedi:command_rare"},{"floor":4.0,"key":"jedi:command_uncommon"},{"floor":5.0,"key":"jedi:command_common"},{"floor":6.0,"key":"jedi:command_uncommon"},{"floor":7.0,"key":"jedi:command_common"},{"floor":8.0,"key":"jedi:command_uncommon"},{"floor":9.0,"key":"jedi:command_common"},{"floor":10.0,"key":"jedi:command_rare"},{"floor":10.0,"key":"LetterFromLob"},{"floor":11.0,"key":"jedi:command_rare"},{"floor":12.0,"key":"jedi:command_uncommon"},{"floor":13.0,"key":"jedi:command_uncommon"},{"floor":14.0,"key":"jedi:command_rare"},{"floor":15.0,"key":"jedi:command_uncommon"},{"floor":18.0,"key":"jedi:command_uncommon"},{"floor":21.0,"key":"Necronomicon"},{"floor":22.0,"key":"jedi:command_uncommon"},{"floor":23.0,"key":"jedi:command_common"},{"floor":24.0,"key":"jedi:command_common"},{"floor":25.0,"key":"jedi:command_common"},{"floor":26.0,"key":"jedi:command_common"},{"floor":27.0,"key":"jedi:command_rare"},{"floor":28.0,"key":"jedi:command_rare"},{"floor":29.0,"key":"jedi:command_uncommon"},{"floor":31.0,"key":"jedi:command_rare"},{"floor":32.0,"key":"jedi:command_common"},{"floor":35.0,"key":"jedi:command_common"},{"floor":39.0,"key":"jedi:command_common"},{"floor":40.0,"key":"jedi:command_uncommon"},{"floor":41.0,"key":"jedi:command_common"},{"floor":42.0,"key":"jedi:command_rare"},{"floor":43.0,"key":"jedi:command_uncommon"},{"floor":44.0,"key":"jedi:command_common"},{"floor":45.0,"key":"jedi:command_uncommon"},{"floor":46.0,"key":"jedi:command_uncommon"},{"floor":47.0,"key":"jedi:command_rare"},{"floor":48.0,"key":"jedi:command_uncommon"},{"floor":49.0,"key":"jedi:command_common"}],"event_choices":[{"damage_healed":0.0,"max_hp_gain":0.0,"max_hp_loss":0.0,"gold_gain":0.0,"event_name":"Match and Keep!","player_choice":"2 cards matched","floor":3.0,"gold_loss":0.0,"damage_taken":0.0,"cards_obtained":["Secret Technique","StuffTheSpire:PlasmaPunch"]},{"damage_healed":0.0,"max_hp_gain":0.0,"max_hp_loss":0.0,"gold_gain":0.0,"event_name":"Cursed Tome","player_choice":"Obtained Book","floor":21.0,"gold_loss":0.0,"damage_taken":16.0},{"damage_healed":0.0,"max_hp_gain":0.0,"max_hp_loss":3.0,"gold_gain":0.0,"event_name":"Winding Halls","player_choice":"Max HP","floor":37.0,"gold_loss":0.0,"damage_taken":0.0}],"is_beta":false,"boss_relics":[{"not_picked":["jedi:command_boss","jedi:command_boss"],"picked":"jedi:command_boss"},{"not_picked":["jedi:command_boss","jedi:command_boss"],"picked":"jedi:command_boss"}],"items_purged_floors":[20,36],"is_endless":false,"potions_floor_spawned":[4,5,7,13,16,18,28,29,31,33,44,45,47,48],"ascension_level":0}}