{"host":"twbuyd87gsx4w7po","time":1612003197,"event":{"mods":["BaseMod","Downfall","Minty Spire (QoL Compilation)","StSLib"],"gold_per_floor":[99,110,110,126,142,168,168,178,178,196,219,219,219,239,257,356,356,356,356],"floor_reached":17,"language":"ENG","playtime":1008,"items_purged":[],"score":175,"play_id":"96a518d5-45a1-439d-b37d-fb5945ad00bf","local_time":"20210130023957","is_ascension_mode":true,"campfire_choices":[{"data":"champ:Taunt","floor":1,"key":"SMITH"},{"data":"champ:CheapShot","floor":9,"key":"SMITH"},{"data":"champ:FancyFootwork","floor":13,"key":"SMITH"}],"circlet_count":0,"master_deck":["champ:Execute","champ:Taunt+1","champ:FancyFootwork+1","champ:Backstep","champ:EndlessRage","champ:CheapShot+1","champ:FanOfKnives","champ:StanceDance+1","champ:RageSigil+1","champ:EnGarde+1","champ:TripleStrike","champ:SetATrap+1","champ:ShieldSigil+1","champ:BerserkersShout+1","champ:SwordThrow","champ:PreciseThrust","champ:Devastate","champ:RecklessLeap","champ:GutPunch"],"relics":["champ:ChampionCrown","Bottled Lightning","Toxic Egg 2","Nunchaku","downfall:ShatteredFragment","Pandora\u0027s Box"],"acts_visited":["Exordium","TheCity"],"potions_floor_usage":[6,16],"damage_taken":[{"damage":12,"enemies":"2 Louse","floor":2,"turns":2},{"damage":10,"enemies":"Jaw Worm","floor":4,"turns":3},{"damage":10,"enemies":"Cultist","floor":5,"turns":4},{"damage":41,"enemies":"Gremlin Nob","floor":6,"turns":5},{"damage":10,"enemies":"2 Fungi Beasts","floor":8,"turns":4},{"damage":11,"enemies":"3 Louse","floor":10,"turns":4},{"damage":21,"enemies":"Exordium Thugs","floor":14,"turns":4},{"damage":5,"enemies":"2 Fungi Beasts","floor":15,"turns":2},{"damage":60,"enemies":"WA_ARCHETYPE_RETAIN","floor":16,"turns":7}],"seed_played":"998627801229101480","potions_obtained":[{"floor":4,"key":"champ:TechniquePotion"},{"floor":6,"key":"SteroidPotion"},{"floor":8,"key":"PowerPotion"}],"is_trial":false,"path_per_floor":["R","M","?","M","M","E","T","M","R","M","T","?","R","M","M","B",null],"character_chosen":"THE_CHAMP","items_purchased":[],"campfire_rested":0,"item_purchase_floors":[],"current_hp_per_floor":[99,97,97,97,97,76,76,76,76,75,75,48,48,37,37,12,99,99,99],"gold":356,"neow_bonus":"TEN_PERCENT_HP_BONUS","is_daily":false,"chose_seed":false,"campfire_upgraded":3,"win_rate":0.0,"timestamp":1612003197,"path_taken":["R","M","?","M","M","E","T","M","R","M","?","?","R","M","M","BOSS"],"items_purchased_type":[],"build_version":"2020-12-22","purchased_purges":0,"victory":false,"max_hp_per_floor":[99,99,99,99,99,99,99,99,99,99,99,99,99,99,99,99,99,99,99],"card_choices":[{"not_picked":["champ:ShieldWall","champ:PerfectedStrike"],"picked":"champ:FancyFootwork","floor":2},{"not_picked":["champ:SkillfulDodge","champ:TornadoPunch"],"picked":"champ:Backstep","floor":4},{"not_picked":["champ:RisingSlash","champ:ShieldSigil"],"picked":"champ:EndlessRage","floor":5},{"not_picked":["champ:TornadoPunch","champ:BringItOn"],"picked":"champ:CheapShot","floor":6},{"not_picked":["champ:EnragedBash","champ:DefensiveStyle"],"picked":"champ:FanOfKnives","floor":8},{"not_picked":["champ:GladiatorStyle","champ:ShieldSigil+1"],"picked":"champ:StanceDance+1","floor":10},{"not_picked":["champ:CrookedStrike","champ:EndlessRage"],"picked":"champ:RageSigil+1","floor":14},{"not_picked":["champ:SteelEdge","champ:ShieldSigil+1"],"picked":"champ:EnGarde+1","floor":15},{"not_picked":["champ:LastStand","champ:ShieldThrow"],"picked":"champ:TripleStrike","floor":16}],"player_experience":390443,"relics_obtained":[{"floor":6,"key":"Bottled Lightning"},{"floor":7,"key":"Toxic Egg 2"},{"floor":11,"key":"Nunchaku"}],"event_choices":[],"is_beta":false,"boss_relics":[{"not_picked":["Velvet Choker","Fusion Hammer"],"picked":"Pandora\u0027s Box"}],"items_purged_floors":[],"is_endless":false,"potions_floor_spawned":[4,6,8],"ascension_level":2}}