{"host":"b69u97qm214vzd6b","time":1612028038,"event":{"mods":["BaseMod","Downfall","Hermit","Infinite Spire","Minty Spire (QoL Compilation)","Replay The Spire","StSLib","The Animator","The Cursed"],"gold_per_floor":[114,214,230,27,39,74,74,108,108,121,179,196,211,230,230,230,230],"floor_reached":16,"language":"ENG","playtime":766,"items_purged":[],"score":137,"play_id":"1832ee52-16ab-4993-9ad8-1155995d9989","local_time":"20210130103358","is_ascension_mode":true,"campfire_choices":[{"floor":7,"key":"REST"},{"floor":15,"key":"REST"}],"circlet_count":0,"master_deck":["Strike_B","Strike_B","Strike_B","Strike_B","Defend_B","Defend_B","Defend_B","Defend_B","Zap","Dualcast","Jack Of All Trades","Conserve Battery","Sweeping Beam","ReplayTheSpireMod:Calculation Training","The Bomb","Mind Blast","Transmutation","Chill","Barrage","Redo","Defragment","Buffer","BootSequence","Panic Button","Consume"],"relics":["Cracked Core","ReplayTheSpireMod:ShopPack","Replay:Arrowhead","Ornamental Fan","Ancient Tea Set"],"acts_visited":["Exordium"],"potions_floor_usage":[11,11,14,16,16,16],"damage_taken":[{"damage":2,"enemies":"Jaw Worm","floor":1,"turns":4},{"damage":0,"enemies":"Cultist","floor":3,"turns":3},{"damage":2,"enemies":"2 Louse","floor":5,"turns":3},{"damage":42,"enemies":"Gremlin Nob","floor":6,"turns":5},{"damage":19,"enemies":"3 Sentries","floor":8,"turns":4},{"damage":9,"enemies":"Exordium Wildlife","floor":10,"turns":5},{"damage":20,"enemies":"Gremlin Nob","floor":11,"turns":3},{"damage":0,"enemies":"Large Slime","floor":12,"turns":5},{"damage":2,"enemies":"Blue Slaver","floor":13,"turns":3},{"damage":0,"enemies":"Exordium Wildlife","floor":14,"turns":3},{"damage":27,"enemies":"Hexaghost","floor":16,"turns":9}],"seed_played":"-53833373520274428","potions_obtained":[{"floor":6,"key":"Fire Potion"},{"floor":8,"key":"Strength Potion"},{"floor":10,"key":"Adrenaline Potion"},{"floor":11,"key":"FearPotion"},{"floor":14,"key":"champ:CounterPotion"}],"is_trial":false,"path_per_floor":["M","?","M","$","M","E","R","E","T","M","?","M","M","M","R","B"],"character_chosen":"DEFECT","items_purchased":["ReplayTheSpireMod:Calculation Training","ReplayTheSpireMod:ShopPack"],"campfire_rested":2,"item_purchase_floors":[4,4],"current_hp_per_floor":[73,73,73,73,71,29,51,32,32,23,3,3,1,1,23,0,0],"gold":230,"neow_bonus":"RANDOM_COLORLESS","is_daily":false,"chose_seed":false,"campfire_upgraded":0,"win_rate":0.0,"timestamp":1612028038,"path_taken":["M","?","M","?","M","E","R","E","T","M","?","?","M","M","R","BOSS"],"items_purchased_type":["Card","Relic"],"build_version":"2020-12-13","purchased_purges":0,"victory":false,"max_hp_per_floor":[75,75,75,75,75,75,75,75,75,75,75,75,75,75,75,75,75],"card_choices":[{"not_picked":["Specialist","Swift Strike"],"picked":"Jack Of All Trades","floor":0},{"not_picked":["Steam","Stack"],"picked":"Conserve Battery","floor":1},{"not_picked":["Compile Driver","ReplayTheSpireMod:Reroute Power"],"picked":"Sweeping Beam","floor":3},{"not_picked":["Metamorphosis","Chrysalis"],"picked":"The Bomb","floor":4},{"not_picked":["ReplayTheSpireMod:Private Reserves","Survey Options"],"picked":"Mind Blast","floor":4},{"not_picked":["Sadistic Nature","Impatience"],"picked":"Transmutation","floor":4},{"not_picked":["Ball Lightning","Hello World"],"picked":"Chill","floor":5},{"not_picked":["Ball Lightning","BasicCrystalCard"],"picked":"Barrage","floor":6},{"not_picked":["Skim","ReplayTheSpireMod:System Scan"],"picked":"Redo","floor":8},{"not_picked":["Sweeping Beam","Hologram"],"picked":"Defragment","floor":10},{"not_picked":["Hologram","Leap"],"picked":"Buffer","floor":11},{"not_picked":["Sweeping Beam","Conserve Battery"],"picked":"BootSequence","floor":12},{"not_picked":["Melter","Redo"],"picked":"Panic Button","floor":13},{"not_picked":["Doom and Gloom","FIFO Queue"],"picked":"Consume","floor":14}],"player_experience":102735,"relics_obtained":[{"floor":6,"key":"Replay:Arrowhead"},{"floor":8,"key":"Ornamental Fan"}],"event_choices":[{"damage_healed":0,"gold_gain":100,"player_choice":"Pray","damage_taken":0,"max_hp_gain":0,"max_hp_loss":0,"event_name":"Golden Shrine","floor":2,"gold_loss":0},{"damage_healed":0,"gold_gain":30,"player_choice":"Searched \u00273\u0027 times","damage_taken":0,"relics_obtained":["Ancient Tea Set"],"max_hp_gain":0,"max_hp_loss":0,"event_name":"Dead Adventurer","floor":11,"gold_loss":0}],"is_beta":false,"boss_relics":[],"items_purged_floors":[],"is_endless":false,"potions_floor_spawned":[6,8,10,11,14],"killed_by":"Hexaghost","ascension_level":4}}