{"host":"0b7urydaxuefbgpn","time":1612034451,"event":{"mods":["Bard","BaseMod","Colored Powertips","Dio Mod","Downfall","Hermit","Jorbs\u0027s Wanderer Trilogy","Marisa????????","Minty Spire (QoL Compilation)","StSLib","The Bladedancer","The Cursed","The Disciple","The Poker Player","The Servant 0.9.4"],"gold_per_floor":[116,29,29,29,29,29,364,364,364,393,404,416,163,173,173,275,275,293,293,126,41,56,56,85,85,85,100,112,45,22,32,32,128,128,144,54,54,54,66,66,78,92,117,151,151,201,218,235,235,235,235],"floor_reached":50,"language":"RUS","playtime":2697,"items_purged":[],"score":552,"play_id":"f53dc729-b9aa-4382-b45a-cc4bd1c6b9d6","local_time":"20210130222051","is_ascension_mode":false,"campfire_choices":[{"data":"Poisoned Stab","floor":6,"key":"SMITH"},{"data":"Poisoned Stab","floor":15,"key":"SMITH"},{"floor":32,"key":"REST"},{"floor":40,"key":"REST"},{"floor":45,"key":"REST"},{"floor":49,"key":"REST"}],"circlet_count":0,"master_deck":["Strike_G+1","Strike_G+1","Strike_G+1","Strike_G+1","Strike_G+1","Defend_G+1","Defend_G+1","Defend_G+1","Defend_G+1","Defend_G+1","Survivor","Neutralize","Acrobatics","Poisoned Stab+1","Backflip+1","Quick Slash","Footwork","Outmaneuver+1","Deadly Poison+1","Poisoned Stab+1","Flying Knee","After Image","CurseOfTheBell","Blur+1","Thinking Ahead+1","Deadly Poison+1","Writhe","Bouncing Flask+1","Flying Knee","Adrenaline+1","PiercingWail+1","Terror+1","Envenom","Acrobatics+1","Forethought+1","Good Instincts+1","Dagger Throw","Tactician+1","Crippling Poison+1","Riddle With Holes+1","Infinite Blades","Dodge and Roll+1","Quick Slash"],"relics":["Ring of the Snake","NeowsBlessing","Toxic Egg 2","MealTicket","Old Coin","InkBottle","Paper Crane","Anchor","Calling Bell","Blood Vial","Ninja Scroll","Thread and Needle","Pen Nib","Kunai","Strawberry","Darkstone Periapt","Vajra","Gremlin Horn","The Specimen"],"acts_visited":["Exordium","TheCity","TheBeyond"],"potions_floor_usage":[50,50],"damage_taken":[{"damage":0,"enemies":"Cultist","floor":1,"turns":1},{"damage":0,"enemies":"Jaw Worm","floor":3,"turns":1},{"damage":0,"enemies":"Lagavulin","floor":7,"turns":1},{"damage":25,"enemies":"Gremlin Nob","floor":10,"turns":5},{"damage":0,"enemies":"2 Louse","floor":11,"turns":2},{"damage":1,"enemies":"Red Slaver","floor":12,"turns":4},{"damage":2,"enemies":"Exordium Thugs","floor":14,"turns":6},{"damage":46,"enemies":"Slime Boss","floor":16,"turns":14},{"damage":20,"enemies":"Spheric Guardian","floor":18,"turns":6},{"damage":3,"enemies":"3 Byrds","floor":22,"turns":7},{"damage":86,"enemies":"Gremlin Leader","floor":24,"turns":9},{"damage":0,"enemies":"3 Cultists","floor":27,"turns":6},{"damage":5,"enemies":"Shelled Parasite and Fungi","floor":28,"turns":7},{"damage":9,"enemies":"Snecko","floor":31,"turns":5},{"damage":38,"enemies":"Automaton","floor":33,"turns":12},{"damage":46,"enemies":"3 Darklings","floor":35,"turns":8},{"damage":0,"enemies":"Orb Walker","floor":39,"turns":2},{"damage":16,"enemies":"Spire Growth","floor":41,"turns":4},{"damage":0,"enemies":"Maw","floor":42,"turns":8},{"damage":24,"enemies":"Reptomancer","floor":44,"turns":6},{"damage":2,"enemies":"Mind Bloom Boss Battle","floor":46,"turns":7},{"damage":0,"enemies":"4 Shapes","floor":47,"turns":4},{"damage":37,"enemies":"Transient","floor":48,"turns":5},{"damage":70,"enemies":"Awakened One","floor":50,"turns":12}],"seed_played":"-7318026046040147045","potions_obtained":[{"floor":10,"key":"AttackPotion"},{"floor":11,"key":"Regen Potion"},{"floor":12,"key":"hexamod:SoulburnPotion"},{"floor":18,"key":"FairyPotion"},{"floor":27,"key":"Dexterity Potion"}],"is_trial":false,"path_per_floor":["M","?","M","?","$","R","E","?","T","E","M","M","$","M","R","B",null,"M","?","$","?","M","?","E","?","T","M","M","?","$","M","R","B",null,"M","$","?","?","M","R","M","M","T","E","R","?","M","M","R","B"],"character_chosen":"THE_SILENT","items_purchased":["Deadly Poison+1","Poisoned Stab","Anchor","Thinking Ahead+1","PiercingWail+1","Forethought+1"],"campfire_rested":4,"item_purchase_floors":[13,13,13,20,30,36],"current_hp_per_floor":[70,70,70,52,67,67,67,67,67,42,42,41,56,54,54,8,70,50,50,65,65,64,64,13,13,13,15,12,32,47,40,63,27,77,31,46,46,46,48,71,57,59,59,37,60,60,62,27,50,0,0],"gold":235,"neow_bonus":"THREE_ENEMY_KILL","is_daily":false,"chose_seed":false,"campfire_upgraded":2,"win_rate":0.0,"timestamp":1612034451,"path_taken":["M","?","?","?","$","R","E","?","T","E","?","M","$","M","R","BOSS","M","?","$","?","M","?","E","?","T","M","?","?","$","M","R","BOSS","M","$","?","?","M","R","M","M","T","E","R","?","M","M","R","BOSS"],"items_purchased_type":["Card","Card","Relic","Card","Card","Card"],"build_version":"2020-12-13","purchased_purges":0,"victory":false,"max_hp_per_floor":[70,70,70,70,70,70,70,70,70,70,70,70,70,70,70,70,70,70,70,70,70,70,70,77,77,77,77,77,77,77,77,77,77,77,77,77,77,77,77,77,77,77,77,77,77,77,77,77,77,77,77],"card_choices":[{"not_picked":["PiercingWail","Tactician"],"picked":"Acrobatics","floor":1},{"not_picked":["Noxious Fumes","Underhanded Strike"],"picked":"Poisoned Stab","floor":3},{"not_picked":["Prepared+1","Expertise+1"],"picked":"Backflip+1","floor":7},{"not_picked":["Backflip+1","Dash"],"picked":"Quick Slash","floor":10},{"not_picked":["Predator","Dagger Throw"],"picked":"Footwork","floor":11},{"not_picked":["Dodge and Roll+1","Phantasmal Killer+1"],"picked":"Outmaneuver+1","floor":12},{"not_picked":["Slice","Finisher"],"picked":"Flying Knee","floor":14},{"not_picked":["Venomology+1","Wraith Form v2"],"picked":"After Image","floor":16},{"not_picked":["Dagger Throw","Dagger Spray"],"picked":"Blur+1","floor":18},{"not_picked":["Blade Dance+1","Backflip+1"],"picked":"Deadly Poison+1","floor":22},{"not_picked":["Blade Dance+1","Quick Slash"],"picked":"Bouncing Flask+1","floor":24},{"not_picked":["PiercingWail+1","Heel Hook"],"picked":"Flying Knee","floor":27},{"not_picked":["All Out Attack","Underhanded Strike"],"picked":"Adrenaline+1","floor":28},{"not_picked":["Quick Slash","Dodge and Roll+1"],"picked":"Terror+1","floor":31},{"not_picked":["Night Terror+1","Wraith Form v2"],"picked":"Envenom","floor":33},{"not_picked":["PiercingWail+1","Terror+1"],"picked":"Acrobatics+1","floor":35},{"not_picked":["Trip+1","Flash of Steel"],"picked":"Good Instincts+1","floor":37},{"not_picked":["Deflect+1","Choke+1"],"picked":"Dagger Throw","floor":39},{"not_picked":["Acrobatics+1","Leg Sweep+1"],"picked":"Tactician+1","floor":41},{"not_picked":["Poisoned Stab","Deadly Poison+1"],"picked":"Crippling Poison+1","floor":42},{"not_picked":["Masterful Stab","Leg Sweep+1"],"picked":"Riddle With Holes+1","floor":44},{"not_picked":["Dagger Throw+1","Dodge and Roll+1"],"picked":"Infinite Blades","floor":46},{"not_picked":["Slice+1","Backflip+1"],"picked":"Dodge and Roll+1","floor":47},{"not_picked":["PiercingWail+1","Dash"],"picked":"Quick Slash","floor":48}],"player_experience":19757,"relics_obtained":[{"floor":7,"key":"Old Coin"},{"floor":9,"key":"InkBottle"},{"floor":10,"key":"Paper Crane"},{"floor":17,"key":"Blood Vial"},{"floor":17,"key":"Ninja Scroll"},{"floor":17,"key":"Thread and Needle"},{"floor":24,"key":"Strawberry"},{"floor":26,"key":"Darkstone Periapt"},{"floor":43,"key":"Vajra"},{"floor":44,"key":"Gremlin Horn"},{"floor":46,"key":"The Specimen"}],"event_choices":[{"damage_healed":0,"gold_gain":0,"player_choice":"Paid Gold","damage_taken":0,"relics_obtained":["Toxic Egg 2"],"max_hp_gain":0,"max_hp_loss":0,"event_name":"WeMeetAgain","floor":2,"gold_loss":87},{"damage_healed":0,"gold_gain":0,"player_choice":"Success","damage_taken":18,"relics_obtained":["MealTicket"],"max_hp_gain":0,"max_hp_loss":0,"event_name":"Scrap Ooze","floor":4,"gold_loss":0},{"damage_healed":0,"gold_gain":0,"player_choice":"Bought 0 Potions","damage_taken":0,"max_hp_gain":0,"max_hp_loss":0,"event_name":"The Woman in Blue","floor":8,"gold_loss":0},{"damage_healed":0,"gold_gain":0,"player_choice":"Simplicity","damage_taken":0,"max_hp_gain":0,"max_hp_loss":0,"event_name":"Back to Basics","floor":19,"gold_loss":0,"cards_upgraded":["Strike_G","Strike_G","Strike_G","Strike_G","Strike_G","Defend_G","Defend_G","Defend_G","Defend_G","Defend_G"]},{"damage_healed":0,"gold_gain":0,"player_choice":"Obtained Relic","damage_taken":0,"relics_obtained":["Pen Nib"],"max_hp_gain":0,"max_hp_loss":0,"event_name":"Addict","floor":21,"gold_loss":85},{"damage_healed":0,"gold_gain":0,"player_choice":"Opened","damage_taken":0,"relics_obtained":["Kunai"],"max_hp_gain":0,"max_hp_loss":0,"event_name":"The Mausoleum","floor":23,"gold_loss":0,"cards_obtained":["Writhe"]},{"damage_healed":0,"gold_gain":0,"player_choice":"Memory 1","damage_taken":0,"max_hp_gain":0,"max_hp_loss":0,"event_name":"SensoryStone","floor":37,"gold_loss":0},{"damage_healed":0,"gold_gain":0,"player_choice":"Ignored","damage_taken":0,"max_hp_gain":0,"max_hp_loss":0,"event_name":"Mysterious Sphere","floor":38,"gold_loss":0},{"damage_healed":0,"gold_gain":0,"player_choice":"Fight","damage_taken":0,"max_hp_gain":0,"max_hp_loss":0,"event_name":"MindBloom","floor":46,"gold_loss":0}],"is_beta":false,"boss_relics":[{"not_picked":["WristBlade","Busted Crown"],"picked":"Calling Bell"},{"not_picked":["Coffee Dripper","Velvet Choker","Cursed Key"]}],"items_purged_floors":[],"is_endless":false,"potions_floor_spawned":[3,10,11,12,18,22,27,41,46,48],"killed_by":"Awakened One","ascension_level":0}}