{"host":"5jyeqch4fosnsiz2","time":1612029660,"event":{"mods":["BaseMod","Bestiary","Colored Map","Colored Powertips","Filter the Spire","Minty Spire (QoL Compilation)","Relic Stats","StSLib","Waifu the Spire","ojb\u0027s Better Paths Mod","ojb\u0027s Info Mod"],"gold_per_floor":[116,116,131,145,30,30,30],"floor_reached":6,"language":"ENG","playtime":230,"items_purged":["Blizzard"],"score":36,"play_id":"386caad6-5f36-414c-b3ff-f0d4f3363f54","local_time":"20210130130100","is_ascension_mode":false,"campfire_choices":[],"circlet_count":0,"master_deck":["Zap","Dualcast","Skim","Core Surge","Steam Power","Chaos+1","Darkness","Heatsinks","Static Discharge","Recycle","Beam Cell","Force Field","Self Repair"],"relics":["Pandora\u0027s Box"],"acts_visited":["Exordium"],"potions_floor_usage":[4],"damage_taken":[{"damage":17,"enemies":"2 Louse","floor":1,"turns":3},{"damage":4,"enemies":"Cultist","floor":3,"turns":3},{"damage":11,"enemies":"Jaw Worm","floor":4,"turns":3},{"damage":43,"enemies":"3 Sentries","floor":6,"turns":4}],"seed_played":"7779689401210521659","potions_obtained":[{"floor":3,"key":"ColorlessPotion"}],"is_trial":false,"path_per_floor":["M","?","M","M","$","E"],"character_chosen":"DEFECT","items_purchased":["Self Repair"],"campfire_rested":0,"item_purchase_floors":[5],"current_hp_per_floor":[58,58,54,43,43,0,0],"gold":30,"neow_bonus":"BOSS_RELIC","is_daily":false,"chose_seed":false,"campfire_upgraded":0,"win_rate":0.0,"timestamp":1612029660,"path_taken":["M","?","?","M","$","E"],"items_purchased_type":["Card"],"build_version":"2020-12-22","purchased_purges":1,"victory":false,"max_hp_per_floor":[75,75,75,75,75,75,75],"relic_stats":{"counters":[4,13],"Pandora\u0027s Box":["Skim","Core Surge","Steam Power","Chaos","Darkness","Blizzard","Heatsinks","Static Discharge"],"obtain_stats":[{"Pandora\u0027s Box":0,"Cracked Core":0},{"Pandora\u0027s Box":0,"Cracked Core":0},{"Pandora\u0027s Box":0,"Cracked Core":0}]},"card_choices":[{"not_picked":["Sweeping Beam","Barrage"],"picked":"Recycle","floor":1},{"not_picked":["Reprogram","Heatsinks"],"picked":"Beam Cell","floor":3},{"not_picked":["Gash","Barrage"],"picked":"Force Field","floor":4}],"player_experience":342706,"relics_obtained":[],"event_choices":[{"damage_healed":0,"gold_gain":0,"player_choice":"Upgraded","damage_taken":0,"max_hp_gain":0,"max_hp_loss":0,"event_name":"Upgrade Shrine","floor":2,"gold_loss":0,"cards_upgraded":["Chaos"]}],"is_beta":false,"boss_relics":[],"items_purged_floors":[5],"is_endless":false,"potions_floor_spawned":[3],"killed_by":"3 Sentries","ascension_level":0}}