{"host":"cdkrzjeeka80pjqp","time":1612026958,"event":{"mods":["AchievementEnabler","BaseMod","Block Reminder","Colored Map","Colored Powertips","Highlight Path","Minty Spire (QoL Compilation)","Relic Stats"],"gold_per_floor":[115,133,153,172,192,219,219,231,231,254,282,582,582,582],"floor_reached":13,"language":"ENG","playtime":1073,"items_purged":[],"score":141,"play_id":"edecc376-9e74-4ac9-89f1-eef25ad90ea8","local_time":"20210130181558","is_ascension_mode":true,"campfire_choices":[],"circlet_count":0,"master_deck":["Strike_R","Strike_R","Strike_R","Strike_R","Strike_R","Defend_R","Defend_R","Defend_R","Defend_R","Bash","Heavy Blade","Flame Barrier","Rage","Rampage","Limit Break","Ghostly Armor"],"relics":["Burning Blood","NeowsBlessing","Letter Opener","Bag of Marbles","Pocketwatch","Odd Mushroom","Meat on the Bone","Old Coin"],"acts_visited":["Exordium"],"potions_floor_usage":[5,6,13],"damage_taken":[{"damage":0,"enemies":"Cultist","floor":1,"turns":1},{"damage":0,"enemies":"2 Louse","floor":2,"turns":1},{"damage":0,"enemies":"Small Slimes","floor":3,"turns":1},{"damage":9,"enemies":"Exordium Wildlife","floor":4,"turns":5},{"damage":9,"enemies":"Lots of Slimes","floor":5,"turns":5},{"damage":36,"enemies":"Gremlin Nob","floor":6,"turns":6},{"damage":18,"enemies":"Large Slime","floor":8,"turns":7},{"damage":12,"enemies":"The Mushroom Lair","floor":10,"turns":5},{"damage":22,"enemies":"3 Sentries","floor":11,"turns":10},{"damage":23,"enemies":"Gremlin Nob","floor":13,"turns":4}],"seed_played":"5702971940628570568","potions_obtained":[{"floor":2,"key":"Ancient Potion"},{"floor":3,"key":"LiquidBronze"},{"floor":4,"key":"Fire Potion"},{"floor":8,"key":"BloodPotion"},{"floor":11,"key":"LiquidMemories"}],"is_trial":false,"path_per_floor":["M","M","M","M","M","E","?","M","T","?","E","?","E"],"character_chosen":"IRONCLAD","items_purchased":[],"campfire_rested":0,"item_purchase_floors":[],"current_hp_per_floor":[78,80,80,77,74,44,41,29,29,23,7,7,0,0],"gold":582,"neow_bonus":"THREE_ENEMY_KILL","is_daily":false,"chose_seed":false,"campfire_upgraded":0,"win_rate":0.0,"timestamp":1612026958,"path_taken":["M","?","M","M","M","E","?","M","T","?","E","?","E"],"items_purchased_type":[],"build_version":"2020-12-22","purchased_purges":0,"victory":false,"max_hp_per_floor":[80,80,80,80,80,80,80,80,80,80,80,80,80,80],"relic_stats":{"counters":[10,45],"Letter Opener":[45],"obtain_stats":[{"NeowsBlessing":0,"Bag of Marbles":7,"Letter Opener":6,"Odd Mushroom":10,"Burning Blood":0,"Pocketwatch":9,"Meat on the Bone":11,"Old Coin":12},{"NeowsBlessing":0,"Bag of Marbles":6,"Letter Opener":6,"Odd Mushroom":8,"Burning Blood":0,"Pocketwatch":7,"Meat on the Bone":9,"Old Coin":9},{"NeowsBlessing":0,"Bag of Marbles":19,"Letter Opener":19,"Odd Mushroom":31,"Burning Blood":0,"Pocketwatch":26,"Meat on the Bone":41,"Old Coin":41}],"Burning Blood":44,"Pocketwatch":[42],"Meat on the Bone":0},"card_choices":[{"not_picked":["Iron Wave","Uppercut"],"picked":"Heavy Blade","floor":1},{"not_picked":["Battle Trance","Wild Strike"],"picked":"Flame Barrier","floor":2},{"not_picked":["Carnage","Iron Wave"],"picked":"Rage","floor":3},{"not_picked":["Clothesline","Warcry","Dual Wield"],"picked":"SKIP","floor":4},{"not_picked":["Pommel Strike","True Grit"],"picked":"Rampage","floor":5},{"not_picked":["Rupture","Hemokinesis"],"picked":"Limit Break","floor":6},{"not_picked":["Uppercut","Twin Strike","Sword Boomerang"],"picked":"SKIP","floor":8},{"not_picked":["Fire Breathing","Rage"],"picked":"Ghostly Armor","floor":11}],"player_experience":400074,"relics_obtained":[{"floor":6,"key":"Letter Opener"},{"floor":9,"key":"Pocketwatch"},{"floor":10,"key":"Odd Mushroom"},{"floor":11,"key":"Meat on the Bone"}],"event_choices":[{"damage_healed":0,"gold_gain":0,"player_choice":"Success","damage_taken":3,"relics_obtained":["Bag of Marbles"],"max_hp_gain":0,"max_hp_loss":0,"event_name":"Scrap Ooze","floor":7,"gold_loss":0},{"damage_healed":0,"gold_gain":0,"player_choice":"Fought Mushrooms","damage_taken":0,"max_hp_gain":0,"max_hp_loss":0,"event_name":"Mushrooms","floor":10,"gold_loss":0},{"damage_healed":0,"gold_gain":0,"player_choice":"Gave Potion","damage_taken":0,"relics_obtained":["Old Coin"],"max_hp_gain":0,"max_hp_loss":0,"event_name":"WeMeetAgain","floor":12,"gold_loss":0}],"is_beta":false,"boss_relics":[],"items_purged_floors":[],"is_endless":false,"potions_floor_spawned":[2,3,4,8,11],"killed_by":"Gremlin Nob","ascension_level":9}}