{"host":"Sylvester","time":1612043535,"event":{"mods":["BaseMod","Filter the Spire","Lobotomy","Minty Spire (QoL Compilation)","Replay The Spire","StSLib"],"gold_per_floor":[118,129,139,139,151,151,179,17,96,112,37,55,90,57,57,130,130,150,184,184,104,154,182,182,212,238,238,258,258,268,296,296,372,372,386,406,419,419,419],"floor_reached":38,"language":"ENG","playtime":2078,"items_purged":["Strike_G"],"score":1388,"play_id":"abfb6898-ceca-41ed-9b8d-1a50ea27fc2c","local_time":"20210130135215","is_ascension_mode":true,"campfire_choices":[{"data":"Cloak And Dagger","floor":6.0,"key":"SMITH"},{"data":"Malaise","floor":15,"key":"SMITH"},{"floor":24,"key":"REST"},{"data":"After Image","floor":27,"key":"SMITH"},{"floor":32,"key":"REST"}],"circlet_count":0,"master_deck":["AscendersBane","Strike_G","Strike_G","Strike_G","Defend_G","Defend_G","Defend_G","Defend_G+1","Defend_G","Survivor+1","Neutralize","Cloak And Dagger+1","PiercingWail","Dagger Throw","Prepared","Malaise+1","Blade Dance","Caltrops","Well Laid Plans","AbeCurse","Blade Dance","Blade Dance","Decay","Acrobatics+1","After Image+1","PiercingWail","Envenom","Footwork","Parasite"],"relics":["WristBlade","Du-Vu Doll","ReplayTheSpireMod:TigerMarble","Replay:Bottled Snecko","Blue Doll","Abe\u0027s Treasure","Red Mask","Bronze Scales","Onion Ring","War Paint","Sundial","Replay:Baseball","Painkiller Herb"],"acts_visited":["Exordium","TheCity","TheBeyond"],"potions_floor_usage":[16,16,23,25,25,33],"damage_taken":[{"damage":5.0,"enemies":"Small Slimes","floor":1.0,"turns":4.0},{"damage":0.0,"enemies":"Cultist","floor":2.0,"turns":4.0},{"damage":1.0,"enemies":"Jaw Worm","floor":3.0,"turns":5.0},{"damage":0.0,"enemies":"Looter","floor":5.0,"turns":3.0},{"damage":24.0,"enemies":"3 Sentries","floor":7.0,"turns":9.0},{"damage":1,"enemies":"3 Louse","floor":10,"turns":3},{"damage":0,"enemies":"Large Slime","floor":12,"turns":4},{"damage":17,"enemies":"Replay:BlueRogue","floor":13,"turns":7},{"damage":2,"enemies":"Hexaghost","floor":16,"turns":9},{"damage":15,"enemies":"2 Thieves","floor":18,"turns":4},{"damage":14,"enemies":"Masked Bandits","floor":19,"turns":4},{"damage":21,"enemies":"Slavers","floor":23,"turns":6},{"damage":1,"enemies":"Book of Stabbing","floor":25,"turns":3},{"damage":0,"enemies":"Chosen","floor":28,"turns":2},{"damage":0,"enemies":"Sentry and Sphere","floor":30,"turns":3},{"damage":11,"enemies":"Replay:Snechameleon","floor":31,"turns":5},{"damage":6,"enemies":"Pondfish","floor":33,"turns":9},{"damage":22,"enemies":"3 Shapes","floor":35,"turns":3},{"damage":14,"enemies":"3 Darklings","floor":36,"turns":7},{"damage":12,"enemies":"Spire Growth","floor":37,"turns":7},{"damage":7,"enemies":"Writhing Mass","floor":38,"turns":6}],"seed_played":"1355905940364169730","potions_obtained":[{"floor":1.0,"key":"Strength Potion"},{"floor":3.0,"key":"DuplicationPotion"},{"floor":10,"key":"AttackPotion"},{"floor":16,"key":"GhostInAJar"},{"floor":18,"key":"Block Potion"},{"floor":23,"key":"Cursed Concoction"},{"floor":28,"key":"FearPotion"},{"floor":30,"key":"LiquidBronze"},{"floor":33,"key":"BlessingOfTheForge"}],"is_trial":false,"path_per_floor":["M","M","M","?","M","R","E","$","T","M","$","M","E","$","R","B",null,"M","?","?","?","?","E","R","E","T","R","M","T","M","E","R","B",null,"?","?","?","?"],"character_chosen":"THE_SILENT","items_purchased":["ReplayTheSpireMod:TigerMarble","Well Laid Plans"],"campfire_rested":2,"item_purchase_floors":[8,14],"current_hp_per_floor":[54,54,53,53,53,53,29,29,29,28,28,28,11,11,11,9,52,37,23,23,23,23,2,21,20,20,20,20,20,20,9,28,22,55,33,19,7,0,0],"gold":419,"neow_bonus":"BOSS_RELIC","is_daily":false,"chose_seed":false,"campfire_upgraded":3,"win_rate":0.0,"timestamp":1612043535,"path_taken":["M","M","M","?","?","R","E","$","T","M","$","M","E","$","R","BOSS","M","?","?","?","?","E","R","E","T","R","M","?","M","E","R","BOSS","?","?","?","?"],"items_purchased_type":["Relic","Card"],"build_version":"2020-11-17","purchased_purges":1,"victory":false,"max_hp_per_floor":[66,66,66,66,66,66,66,66,66,66,66,66,66,66,66,66,66,66,66,66,66,66,66,66,66,66,66,66,66,66,66,66,66,66,66,66,66,66,66],"card_choices":[{"not_picked":["Fluid Movement","ReplayTheSpireMod:Tripwire"],"picked":"Cloak And Dagger","floor":1.0},{"not_picked":["Outmaneuver","ReplayTheSpireMod:Shiv Toss"],"picked":"PiercingWail","floor":2.0},{"not_picked":["Acrobatics","Noxious Fumes"],"picked":"Dagger Throw","floor":3.0},{"not_picked":["Deadly Poison","Acrobatics"],"picked":"Prepared","floor":5.0},{"not_picked":["ReplayTheSpireMod:Tripwire","Heel Hook"],"picked":"Malaise","floor":7.0},{"not_picked":["Heel Hook","Outmaneuver"],"picked":"Blade Dance","floor":10},{"not_picked":["Draining Mist","Quick Slash"],"picked":"Caltrops","floor":12},{"not_picked":["Dodge and Roll","Sucker Punch","Outmaneuver"],"picked":"SKIP","floor":13},{"not_picked":["Dagger Spray","Dodge and Roll+1"],"picked":"Blade Dance","floor":18},{"not_picked":["Bane+1","Dagger Throw"],"picked":"Blade Dance","floor":19},{"not_picked":["Flying Knee","Deflect"],"picked":"Acrobatics+1","floor":23},{"not_picked":["Acrobatics+1","Replay:Poison Smokescreen"],"picked":"After Image","floor":25},{"not_picked":["Riddle With Holes","Setup"],"picked":"PiercingWail","floor":28},{"not_picked":["Acrobatics","Setup","PiercingWail"],"picked":"SKIP","floor":30},{"not_picked":["Dodge and Roll","Poisoned Stab","Quick Slash"],"picked":"SKIP","floor":31},{"not_picked":["Grand Finale","Bullet Time"],"picked":"Envenom","floor":33},{"not_picked":["Dagger Throw","Choke"],"picked":"Footwork","floor":35},{"not_picked":["Heel Hook","Dodge and Roll","ReplayTheSpireMod:Exploit Weakness"],"picked":"SKIP","floor":36},{"not_picked":["PiercingWail","Choke","Deadly Poison"],"picked":"SKIP","floor":37}],"player_experience":177958,"relics_obtained":[{"floor":7.0,"key":"Du-Vu Doll"},{"floor":9,"key":"Replay:Bottled Snecko"},{"floor":13,"key":"Blue Doll"},{"floor":19,"key":"Red Mask"},{"floor":23,"key":"Bronze Scales"},{"floor":25,"key":"Onion Ring"},{"floor":26,"key":"War Paint"},{"floor":29,"key":"Sundial"},{"floor":31,"key":"Replay:Baseball"}],"event_choices":[{"cards_removed":["Strike_G"],"damage_healed":0.0,"max_hp_gain":0.0,"max_hp_loss":0.0,"gold_gain":0.0,"event_name":"Wheel of Change","player_choice":"Card Removal","floor":4.0,"gold_loss":0.0,"damage_taken":0.0},{"damage_healed":0,"gold_gain":0,"player_choice":"Fought Bandits","damage_taken":0,"max_hp_gain":0,"max_hp_loss":0,"event_name":"Masked Bandits","floor":19,"gold_loss":0},{"damage_healed":0,"gold_gain":0,"player_choice":"Smashed Altar","damage_taken":0,"max_hp_gain":0,"max_hp_loss":0,"event_name":"Forgotten Altar","floor":20,"gold_loss":0,"cards_obtained":["Decay"]},{"damage_healed":0,"gold_gain":50,"player_choice":"Stole From Cult","damage_taken":0,"max_hp_gain":0,"max_hp_loss":0,"event_name":"Nest","floor":22,"gold_loss":0}],"is_beta":true,"boss_relics":[{"not_picked":["Replay:Wanted Poster","Snecko Eye"],"picked":"Abe\u0027s Treasure"},{"not_picked":["Tiny House","Velvet Choker"],"picked":"Painkiller Herb"}],"items_purged_floors":[11],"is_endless":false,"potions_floor_spawned":[1,3,10,12,16,18,23,28,30,33],"killed_by":"Writhing Mass","ascension_level":20}}