{"host":"gobyjzz6xbwq9f9i","time":1612046113,"event":{"mods":["AchievementEnabler","BaseMod","Bestiary","Colored Map","Minty Spire (QoL Compilation)","Relic Stats"],"gold_per_floor":[115,128,128,147,161,189,207,227,252,24,24,50,65,81,81,185,185,202,219,230,64,64,64,90,90,90,104,137,154,154,166,166,270,270,281,293,343,358,377,377,407,407,432,432,75,95,128,128,128,128],"floor_reached":51,"language":"ENG","playtime":2409,"items_purged":["Defend_P","Defend_P"],"score":938,"play_id":"bd01dce8-5926-48f4-8358-e45c41e1723f","local_time":"20210130143513","is_ascension_mode":false,"campfire_choices":[{"data":"CrushJoints","floor":11,"key":"SMITH"},{"data":"EmptyFist","floor":15,"key":"SMITH"},{"data":"Conclude","floor":23,"key":"SMITH"},{"data":"Blasphemy","floor":25,"key":"SMITH"},{"data":"Meditate","floor":32,"key":"SMITH"},{"data":"SandsOfTime","floor":40,"key":"SMITH"},{"floor":44,"key":"RECALL"},{"data":"SpiritShield","floor":49,"key":"SMITH"}],"circlet_count":0,"master_deck":["Strike_P+1","Strike_P","Strike_P","Strike_P+1","Defend_P+1","Defend_P+1","Eruption","Vigilance+1","FollowUp+1","Conclude+1","Good Instincts+1","SandsOfTime+1","EmptyFist+1","Blasphemy+1","BowlingBash+1","CrushJoints+1","LikeWater+1","SpiritShield+1","Crescendo","Vengeance+1","LessonLearned+1","DeceiveReality+1","SashWhip+1","Bandage Up+1","InnerPeace+1","ClearTheMind","FlurryOfBlows+1","Meditate+1","CurseOfTheBell","LikeWater+1","ReachHeaven+1","Halt+1","EmptyBody+1","TalkToTheHand+1","FearNoEvil+1","Perseverance+1"],"relics":["Coffee Dripper","War Paint","Vajra","OrangePellets","StrikeDummy","Sozu","MutagenicStrength","PreservedInsect","Darkstone Periapt","Centennial Puzzle","Calling Bell","Bronze Scales","Mummified Hand","Mango","CaptainsWheel","Whetstone","MealTicket","Eternal Feather","Thread and Needle","Turnip"],"acts_visited":["Exordium","TheCity","TheBeyond"],"potions_floor_usage":[28],"damage_taken":[{"damage":0,"enemies":"2 Louse","floor":1,"turns":3},{"damage":0,"enemies":"Cultist","floor":2,"turns":3},{"damage":0,"enemies":"Small Slimes","floor":4,"turns":4},{"damage":0,"enemies":"2 Fungi Beasts","floor":5,"turns":3},{"damage":0,"enemies":"Lagavulin","floor":6,"turns":4},{"damage":0,"enemies":"Blue Slaver","floor":7,"turns":1},{"damage":0,"enemies":"Looter","floor":8,"turns":2},{"damage":0,"enemies":"Gremlin Nob","floor":12,"turns":3},{"damage":0,"enemies":"Lots of Slimes","floor":13,"turns":3},{"damage":0,"enemies":"Blue Slaver","floor":14,"turns":2},{"damage":36,"enemies":"The Guardian","floor":16,"turns":6},{"damage":0,"enemies":"3 Byrds","floor":18,"turns":3},{"damage":0,"enemies":"Shell Parasite","floor":19,"turns":5},{"damage":0,"enemies":"Cultist and Chosen","floor":20,"turns":4},{"damage":0,"enemies":"Gremlin Leader","floor":24,"turns":4},{"damage":0,"enemies":"Snecko","floor":27,"turns":2},{"damage":0,"enemies":"Slavers","floor":28,"turns":5},{"damage":12,"enemies":"Shelled Parasite and Fungi","floor":29,"turns":3},{"damage":0,"enemies":"Snake Plant","floor":31,"turns":4},{"damage":43,"enemies":"Collector","floor":33,"turns":9},{"damage":2,"enemies":"3 Shapes","floor":35,"turns":5},{"damage":0,"enemies":"Orb Walker","floor":36,"turns":1},{"damage":17,"enemies":"Mind Bloom Boss Battle","floor":37,"turns":5},{"damage":12,"enemies":"Spire Growth","floor":38,"turns":4},{"damage":0,"enemies":"Sphere and 2 Shapes","floor":39,"turns":6},{"damage":2,"enemies":"Reptomancer","floor":41,"turns":2},{"damage":7,"enemies":"Transient","floor":46,"turns":5},{"damage":0,"enemies":"Nemesis","floor":47,"turns":5},{"damage":19,"enemies":"Donu and Deca","floor":50,"turns":6}],"seed_played":"-9062619670350795392","potions_obtained":[{"floor":1,"key":"StancePotion"},{"floor":2,"key":"BlessingOfTheForge"},{"floor":8,"key":"Regen Potion"},{"floor":12,"key":"Explosive Potion"}],"is_trial":false,"path_per_floor":["M","M","?","M","M","E","M","M","T","$","R","E","M","M","R","B",null,"M","M","M","$","?","R","E","R","T","M","E","M","?","M","R","B",null,"M","M","?","M","M","R","E","?","T","R","$","M","E","T","R","B",null],"character_chosen":"WATCHER","items_purchased":["OrangePellets","LikeWater","Bandage Up","Eternal Feather"],"campfire_rested":0,"item_purchase_floors":[10,10,21,45],"current_hp_per_floor":[72,72,72,72,72,72,72,72,72,72,72,72,72,72,72,36,72,72,72,72,72,72,72,72,72,72,72,72,60,60,64,64,25,92,90,90,73,67,73,73,77,77,77,77,92,85,91,91,92,79],"gold":128,"neow_bonus":"BOSS_RELIC","is_daily":false,"chose_seed":false,"campfire_upgraded":7,"win_rate":0.0,"timestamp":1612046113,"path_taken":["M","M","?","M","?","E","M","M","T","$","R","E","M","M","R","BOSS","M","M","M","$","?","R","E","R","T","M","E","M","?","M","R","BOSS","M","M","?","M","M","R","E","?","T","R","$","M","E","?","R","BOSS"],"items_purchased_type":["Relic","Card","Card","Relic"],"build_version":"2020-12-22","purchased_purges":2,"victory":true,"max_hp_per_floor":[72,72,72,72,72,72,72,72,72,72,72,72,72,72,72,72,72,72,72,72,72,72,72,72,72,72,72,72,72,72,72,72,72,92,92,92,92,92,92,92,92,92,92,92,92,92,92,92,92,92],"relic_stats":{"Darkstone Periapt":6,"counters":[29,112],"Eternal Feather":1,"PreservedInsect":145,"Whetstone":["LessonLearned","FollowUp"],"War Paint":["Defend_P","Defend_P"],"Sozu":7,"OrangePellets":[5],"Centennial Puzzle":[24],"Mummified Hand":[12],"Bronze Scales":[99],"MealTicket":15,"Turnip":[0],"obtain_stats":[{"Darkstone Periapt":26,"Vajra":9,"Mango":34,"Eternal Feather":45,"Thread and Needle":47,"PreservedInsect":24,"Whetstone":41,"War Paint":6,"Sozu":17,"Calling Bell":34,"OrangePellets":10,"Centennial Puzzle":28,"CaptainsWheel":37,"Mummified Hand":34,"MutagenicStrength":22,"Bronze Scales":34,"MealTicket":43,"Turnip":48,"Coffee Dripper":0,"PureWater":0,"StrikeDummy":12},{"Darkstone Periapt":15,"Vajra":7,"Mango":20,"Eternal Feather":26,"Thread and Needle":28,"PreservedInsect":15,"Whetstone":26,"War Paint":5,"Sozu":11,"Calling Bell":20,"OrangePellets":7,"Centennial Puzzle":17,"CaptainsWheel":23,"Mummified Hand":20,"MutagenicStrength":14,"Bronze Scales":20,"MealTicket":26,"Turnip":28,"Coffee Dripper":0,"PureWater":0,"StrikeDummy":8},{"Darkstone Periapt":50,"Vajra":20,"Mango":73,"Eternal Feather":96,"Thread and Needle":106,"PreservedInsect":50,"Whetstone":96,"War Paint":17,"Sozu":34,"Calling Bell":73,"OrangePellets":20,"Centennial Puzzle":57,"CaptainsWheel":84,"Mummified Hand":73,"MutagenicStrength":46,"Bronze Scales":73,"MealTicket":96,"Turnip":106,"Coffee Dripper":0,"PureWater":0,"StrikeDummy":23}]},"card_choices":[{"not_picked":["LikeWater","MentalFortress"],"picked":"FollowUp","floor":1},{"not_picked":["FearNoEvil","BowlingBash"],"picked":"Conclude","floor":2},{"not_picked":["FlyingSleeves","Wireheading"],"picked":"SandsOfTime","floor":4},{"not_picked":["Halt","Crescendo"],"picked":"EmptyFist","floor":5},{"not_picked":["PathToVictory","FlurryOfBlows"],"picked":"Blasphemy","floor":6},{"not_picked":["EmptyBody","Crescendo"],"picked":"BowlingBash","floor":7},{"not_picked":["FlurryOfBlows","FollowUp"],"picked":"CrushJoints","floor":8},{"not_picked":["ClearTheMind","FlurryOfBlows"],"picked":"SpiritShield","floor":12},{"not_picked":["CrushJoints","FlyingSleeves"],"picked":"Crescendo","floor":13},{"not_picked":["Evaluate","EmptyFist"],"picked":"Vengeance","floor":14},{"not_picked":["Brilliance","Scrawl"],"picked":"LessonLearned","floor":16},{"not_picked":["FearNoEvil","Halt"],"picked":"DeceiveReality+1","floor":18},{"not_picked":["Conclude","Nirvana","SashWhip"],"picked":"SKIP","floor":19},{"not_picked":["Prostrate","EmptyBody"],"picked":"SashWhip+1","floor":20},{"not_picked":["SpiritShield","FlyingSleeves","SashWhip+1"],"picked":"SKIP","floor":24},{"not_picked":["Protect+1","SashWhip"],"picked":"InnerPeace","floor":27},{"not_picked":["CrushJoints","SashWhip","PathToVictory"],"picked":"SKIP","floor":28},{"not_picked":["CutThroughFate","SignatureMove"],"picked":"ClearTheMind","floor":29},{"not_picked":["Evaluate","CrushJoints"],"picked":"Meditate","floor":31},{"not_picked":["Conclude+1","SashWhip","FlyingSleeves"],"picked":"SKIP","floor":35},{"not_picked":["Consecrate+1","FlurryOfBlows"],"picked":"LikeWater+1","floor":36},{"not_picked":["EmptyBody","JustLucky"],"picked":"ReachHeaven+1","floor":37},{"not_picked":["JustLucky","FlurryOfBlows+1"],"picked":"Halt+1","floor":38},{"not_picked":["EmptyFist+1","Crescendo+1"],"picked":"EmptyBody+1","floor":39},{"not_picked":["Halt+1","DeusExMachina"],"picked":"TalkToTheHand+1","floor":41},{"not_picked":["Crescendo+1","Conclude"],"picked":"FearNoEvil+1","floor":46},{"not_picked":["FlurryOfBlows","WindmillStrike"],"picked":"Perseverance+1","floor":47}],"player_experience":1220594,"relics_obtained":[{"floor":6,"key":"War Paint"},{"floor":9,"key":"Vajra"},{"floor":12,"key":"StrikeDummy"},{"floor":24,"key":"PreservedInsect"},{"floor":26,"key":"Darkstone Periapt"},{"floor":28,"key":"Centennial Puzzle"},{"floor":34,"key":"Bronze Scales"},{"floor":34,"key":"Mummified Hand"},{"floor":34,"key":"Mango"},{"floor":37,"key":"CaptainsWheel"},{"floor":41,"key":"Whetstone"},{"floor":43,"key":"MealTicket"},{"floor":47,"key":"Thread and Needle"},{"floor":48,"key":"Turnip"}],"event_choices":[{"damage_healed":0,"gold_gain":0,"player_choice":"1 cards matched","damage_taken":0,"max_hp_gain":0,"max_hp_loss":0,"event_name":"Match and Keep!","floor":3,"gold_loss":0,"cards_obtained":["Good Instincts"]},{"damage_healed":0,"gold_gain":0,"player_choice":"Inject Mutagens","damage_taken":0,"relics_obtained":["MutagenicStrength"],"max_hp_gain":0,"max_hp_loss":0,"event_name":"Drug Dealer","floor":22,"gold_loss":0},{"damage_healed":0,"gold_gain":0,"player_choice":"Read","damage_taken":0,"max_hp_gain":0,"max_hp_loss":0,"event_name":"The Library","floor":30,"gold_loss":0,"cards_obtained":["FlurryOfBlows"]},{"damage_healed":0,"gold_gain":0,"player_choice":"Fight","damage_taken":0,"max_hp_gain":0,"max_hp_loss":0,"event_name":"MindBloom","floor":37,"gold_loss":0},{"damage_healed":0,"gold_gain":0,"player_choice":"Ignored","damage_taken":0,"max_hp_gain":0,"max_hp_loss":0,"event_name":"Mysterious Sphere","floor":42,"gold_loss":0}],"is_beta":false,"boss_relics":[{"not_picked":["Black Star","Runic Dome"],"picked":"Sozu"},{"not_picked":["Busted Crown","SacredBark"],"picked":"Calling Bell"}],"items_purged_floors":[21,45],"is_endless":false,"potions_floor_spawned":[1,2,8,12,14,20,31,33,36,41,46,47],"ascension_level":0}}