{"host":"usru02jcpe2a942d","time":1612010865,"event":{"mods":["Act Like it!","BaseMod","Colored Powertips","GifTheSpireLib","Highlight Path","Hubris","Infinite Spire","Jedi Mod","Marisa£¨ìFÓê¡¡Ä§ÀíÉ³£©","Minty Spire (QoL Compilation)","MostiFishMod","Pale of the Ancients","Quick Restart","Reimu£¨²©ÀöÁéÃÎ£©","Relic Stats","Remilia£¨ÀÙÃ×ÀòÑÇ£©","RumiaBox-Â¶Ã×æ«µÄÉñÃØºÐ×Ó","StSLib","noobMod","¡¾ÒÅÎï¿¨ÅÆ¡¿REMEMod","óô»ðÖ¸ÄÏ"],"gold_per_floor":[118,138,138,154,154,154,104,123,123,133,133,143,143,161,161,257,257,269,194,194,208,235,235,249,267,267,287,287,287,287,287,287,390,390,400,400,400,500,500,525,525,540,540,603,603,603,702,717,81,81,97,165,165,165,41,53,53,53,53,53],"floor_reached":61,"language":"ZHS","playtime":2177,"items_purged":["Strike_MRS","REME_GrazeFinale+1","Defend_MRS"],"score":943,"play_id":"ed9321c7-641b-4d0b-b28a-eea5906c90f3","local_time":"20210130204745","is_ascension_mode":false,"campfire_choices":[{"data":"PropBag","floor":6.0,"key":"SMITH"},{"data":"MagicChant","floor":13.0,"key":"SMITH"},{"data":"BlazeAway","floor":15.0,"key":"SMITH"},{"data":"MasterSpark","floor":23.0,"key":"SMITH"},{"data":"FairyDestructionRay","floor":29.0,"key":"SMITH"},{"data":"hubris:Fate","floor":32.0,"key":"SMITH"},{"data":"infinitespire:Menacing","floor":41,"key":"SMITH"},{"data":"Impatience","floor":46,"key":"SMITH"},{"data":"UpSweep","floor":57,"key":"SMITH"}],"circlet_count":0,"master_deck":["Defend_MRS+1","Defend_MRS","MasterSpark+1","UpSweep+1","REME_ProfessionalPlagiarism+1","MagicChant+1","PropBag+1","PowerUp+1","PowerUp+1","PropBag+1","BlazeAway+1","CollectingQuirk+1","AbsoluteMagnitude+1","IllusionStar+1","ManaConvection+1","FairyDestructionRay+1","FairyDestructionRay+1","hubris:Fate+1","StarDustReverie+1","WitchOfGreed+1","Impatience+1","infinitespire:Menacing+1","Finesse+1","GalacticHalo+1","PropBag+1","6A+1","6A+1"],"relics":["MiniHakkero","DaveBox","ice","REME_ComplimentaryCards","BrkXgEgg","SynthV:TestCard","hubris:Icosahedron","Mercury Hourglass","Empty Cage","infinitespire:PuzzleCube","The Courier","hubris:BottledHeart","FeatherPendant","jedi:gremlinknob","hubris:Potato","hubris:Towel","jedi:firstaidkit","MagicDraw2","CatCart","Art of War","ImprovedEquipment","War Paint","jedi:crownofsimplicity","paleoftheancients:Timepiece","Ice Cream","CultistMask","paleoftheancients:SoulOfTheBard","infinitespire:Joker Card","Technique","Letter Opener"],"acts_visited":["Exordium","TheCity","TheBeyond","paleoftheancients:PaleOfTheAncients"],"potions_floor_usage":[52,52],"damage_taken":[{"damage":3.0,"enemies":"Jaw Worm","floor":1.0,"turns":3.0},{"damage":1.0,"enemies":"Cultist","floor":2.0,"turns":3.0},{"damage":0.0,"enemies":"Small Slimes","floor":4.0,"turns":2.0},{"damage":13.0,"enemies":"2 Fungi Beasts","floor":8.0,"turns":4.0},{"damage":9.0,"enemies":"Lots of Slimes","floor":10.0,"turns":3.0},{"damage":1.0,"enemies":"Exordium Wildlife","floor":12.0,"turns":3.0},{"damage":0.0,"enemies":"Looter","floor":14.0,"turns":2.0},{"damage":0.0,"enemies":"Slime Boss","floor":16.0,"turns":3.0},{"damage":10.0,"enemies":"Spheric Guardian","floor":18.0,"turns":3.0},{"damage":5.0,"enemies":"Chosen","floor":21.0,"turns":3.0},{"damage":27.0,"enemies":"Shelled Parasite and Fungi","floor":24.0,"turns":4.0},{"damage":27.0,"enemies":"Chosen and Byrds","floor":25.0,"turns":5.0},{"damage":6.0,"enemies":"Cultist and Chosen","floor":27.0,"turns":4.0},{"damage":0.0,"enemies":"Automaton","floor":33.0,"turns":2.0},{"damage":0.0,"enemies":"Orb Walker","floor":35.0,"turns":1.0},{"damage":0.0,"enemies":"infinitespire:Three Voidlings","floor":38.0,"turns":1.0},{"damage":0.0,"enemies":"Nightmare_Alpha","floor":38.0,"turns":4.0},{"damage":0,"enemies":"Giant Head","floor":40,"turns":2},{"damage":0,"enemies":"3 Shapes","floor":42,"turns":1},{"damage":0,"enemies":"Spire Growth","floor":44,"turns":2},{"damage":0,"enemies":"Orin","floor":47,"turns":3},{"damage":0,"enemies":"Sphere and 2 Shapes","floor":48,"turns":2},{"damage":0,"enemies":"Donu and Deca","floor":50,"turns":2},{"damage":0,"enemies":"Donu and Deca","floor":51,"turns":3},{"damage":0,"enemies":"Donu and Deca","floor":52,"turns":2},{"damage":0,"enemies":"Donu and Deca","floor":56,"turns":1},{"damage":0,"enemies":"paleoftheancients:N","floor":60,"turns":1}],"seed_played":"-6212282567827883412","potions_obtained":[{"floor":1.0,"key":"MagicPotion:ReiMu"},{"floor":8.0,"key":"jedi:StrikingPotion"},{"floor":14.0,"key":"MagicPotion:ReiMu"},{"floor":16.0,"key":"Fruit Juice"},{"floor":18.0,"key":"jedi:StrikingPotion"},{"floor":38,"key":"MagicPotion:ReiMu"},{"floor":44,"key":"GrandPatriotsElixir:ReiMu"},{"floor":52,"key":"jedi:holywater"},{"floor":52,"key":"Fruit Juice"}],"is_trial":false,"path_per_floor":["M","M","?","M","?","R","?","M","T","M","?","M","R","M","R","B",null,"M","$","?","M","T","R","M","M","T","M","?","R","?","?","R","B",null,"M","?","AVR","?","?","E","R","M","T","M","?","R","?","M","R","B","M","M","?","T","R","M","R","T","?","B",null],"character_chosen":"MARISA","items_purchased":["Art of War","ImprovedEquipment","War Paint","jedi:crownofsimplicity","Technique"],"campfire_rested":0,"item_purchase_floors":[49,49,49,49,55],"current_hp_per_floor":[79,78,78,78,78,78,78,65,65,56,56,55,55,55,55,60,87,77,77,77,82,82,82,87,60,60,54,33,33,16,1,1,1,1,1,1,1,1,1,1,1,1,1,1,1,1,1,1,1,1,1,1,1,1,1,1,1,1,1,1],"gold":53,"neow_bonus":"TEN_PERCENT_HP_BONUS","is_daily":false,"chose_seed":false,"campfire_upgraded":9,"win_rate":0.0,"timestamp":1612010865,"path_taken":["M","M","?","?","?","R","?","M","T","M","?","M","R","M","R","BOSS","M","?","?","M","?","R","M","M","T","?","?","R","?","?","R","BOSS","M","?","AVR","?","?","E","R","M","T","?","?","R","?","M","R","BOSS","M","M","?","T","R","M","R","T","?","BOSS"],"items_purchased_type":["Relic","Relic","Relic","Relic","Relic"],"build_version":"2020-12-22","purchased_purges":3,"victory":true,"max_hp_per_floor":[82,82,82,82,82,82,82,82,82,82,82,82,82,82,82,87,87,87,87,87,87,87,87,87,87,87,87,87,87,92,1,1,1,1,1,1,1,1,1,1,1,1,1,1,1,1,1,1,1,1,1,1,1,1,1,1,1,1,1,1],"relic_stats":{"counters":[27,68],"Art of War":[3],"Letter Opener":[194],"War Paint":["Finesse","Defend_MRS"],"obtain_stats":[{"AmplifyWand":12,"Ice Cream":50,"DaveBox":0,"Gremlin Horn":42,"ice":0,"paleoftheancients:SoulOfTheBard":52,"Empty Cage":17,"MagicDraw2":43,"hubris:Icosahedron":5,"Mummified Hand":10,"Sundial":18,"jedi:firstaidkit":40,"Kunai":24,"Blue Candle":16,"ImprovedEquipment":49,"jedi:gremlinknob":37,"BrkXgEgg":0,"The Courier":26,"infinitespire:Joker Card":54,"Letter Opener":12,"jedi:crownofsimplicity":49,"hubris:Towel":39,"War Paint":49,"Mercury Hourglass":9,"paleoftheancients:Timepiece":50,"SynthV:TestCard":1,"Ornamental Fan":4,"Shuriken":14,"hubris:BottledHeart":31,"FeatherPendant":34,"CultistMask":50,"Art of War":49,"MiniHakkero":0,"Technique":55,"CatCart":47,"infinitespire:PuzzleCube":22,"hubris:Potato":38,"REME_ComplimentaryCards":0,"Meat on the Bone":8},{"AmplifyWand":6,"Ice Cream":23,"DaveBox":0,"Gremlin Horn":19,"ice":0,"paleoftheancients:SoulOfTheBard":25,"Empty Cage":8,"MagicDraw2":19,"hubris:Icosahedron":3,"Mummified Hand":5,"Sundial":9,"jedi:firstaidkit":18,"Kunai":11,"Blue Candle":8,"ImprovedEquipment":22,"jedi:gremlinknob":15,"BrkXgEgg":0,"The Courier":12,"infinitespire:Joker Card":25,"Letter Opener":6,"jedi:crownofsimplicity":22,"hubris:Towel":17,"War Paint":22,"Mercury Hourglass":4,"paleoftheancients:Timepiece":23,"SynthV:TestCard":1,"Ornamental Fan":3,"Shuriken":7,"hubris:BottledHeart":13,"FeatherPendant":14,"CultistMask":23,"Art of War":22,"MiniHakkero":0,"Technique":25,"CatCart":21,"infinitespire:PuzzleCube":10,"hubris:Potato":17,"REME_ComplimentaryCards":0,"Meat on the Bone":4},{"AmplifyWand":16,"Ice Cream":61,"DaveBox":0,"Gremlin Horn":52,"ice":0,"paleoftheancients:SoulOfTheBard":66,"Empty Cage":23,"MagicDraw2":52,"hubris:Icosahedron":8,"Mummified Hand":13,"Sundial":24,"jedi:firstaidkit":51,"Kunai":29,"Blue Candle":21,"ImprovedEquipment":59,"jedi:gremlinknob":44,"BrkXgEgg":0,"The Courier":37,"infinitespire:Joker Card":66,"Letter Opener":16,"jedi:crownofsimplicity":59,"hubris:Towel":49,"War Paint":59,"Mercury Hourglass":12,"paleoftheancients:Timepiece":61,"SynthV:TestCard":3,"Ornamental Fan":7,"Shuriken":19,"hubris:BottledHeart":41,"FeatherPendant":43,"CultistMask":61,"Art of War":59,"MiniHakkero":0,"Technique":66,"CatCart":57,"infinitespire:PuzzleCube":28,"hubris:Potato":49,"REME_ComplimentaryCards":0,"Meat on the Bone":9}],"Mercury Hourglass":[245]},"card_choices":[{"not_picked":["GravityBeat","GalacticHalo"],"picked":"MagicChant","floor":1.0},{"not_picked":["DeepEcoloBomb","OneTimeOff","NonDirectionalLaser","SporeBomb"],"picked":"PropBag","floor":2.0},{"not_picked":["AsteroidBelt","GalacticHalo","WitchOfGreed","ShootingEcho"],"picked":"PowerUp","floor":4.0},{"not_picked":["DC","OrrerysSun","UnstableBomb","SporeBomb"],"picked":"PowerUp","floor":8.0},{"not_picked":["ShootingEcho","SporeBomb","PowerUp","Orbital"],"picked":"PropBag","floor":10.0},{"not_picked":["ChargeUpSpray","SporeBomb","6A","PowerUp"],"picked":"BlazeAway","floor":12.0},{"not_picked":["ManaConvection","ShootingEcho","LuminesStrike","MysteriousBeam"],"picked":"CollectingQuirk+1","floor":14.0},{"not_picked":["ManaRampage+1","EscapeVelocity+1","CasketOfStar+1","FinalSpark+1"],"picked":"AbsoluteMagnitude+1","floor":16.0},{"not_picked":["Acceleration","AsteroidBelt","Singularity+1","UnstableBomb"],"picked":"IllusionStar+1","floor":18.0},{"not_picked":["ChargeUpSpray","OrrerysSun","Robbery","DC","RefractionSpark"],"picked":"SKIP","floor":21.0},{"not_picked":["StarlightTyphoon+1","GravityBeat","Acceleration","BlazeAway+1"],"picked":"ManaConvection+1","floor":24.0},{"not_picked":["MilkyWay+1","GasGiant","PowerUp","BlazingStar+1"],"picked":"FairyDestructionRay","floor":25.0},{"not_picked":["MysteriousBeam","IllusionStar","GravityBeat","DarkMatter"],"picked":"FairyDestructionRay+1","floor":27.0},{"not_picked":["infinitespire:NeuralNetwork","hubris:Rewind"],"picked":"hubris:Fate","floor":28.0},{"not_picked":["EscapeVelocity+1","SatelliteIllusion+1","BigCrunch+1","JA+1"],"picked":"StarDustReverie+1","floor":33.0},{"not_picked":["PowerUp+1","DoubleSpark+1","NonDirectionalLaser","SuperPerseids+1"],"picked":"WitchOfGreed+1","floor":35.0},{"not_picked":["REME_BuildACard+1","MostiFishMod:BrokenBlackCloak+1","MostiFishMod:SupremeArchaeology","Sadistic Nature+1"],"picked":"Impatience","floor":36.0},{"not_picked":["infinitespire:UltimateForm","infinitespire:TheBestDefense"],"picked":"infinitespire:Menacing","floor":38},{"not_picked":["Blind","REME_BuildACard+1","hubris:Ssssneak","Good Instincts"],"picked":"Finesse","floor":38},{"not_picked":["AsteroidBelt","DoubleSpark+1","DarkSpark+1","OpenUniverse"],"picked":"GalacticHalo+1","floor":40},{"not_picked":["ShootTheMoon","MilkyWay","WitchLeyline","NonDirectionalLaser","OpenUniverse+1"],"picked":"SKIP","floor":42},{"not_picked":["ShootingEcho+1","DoubleSpark+1","WitchOfGreed+1","BlazeAway+1"],"picked":"Acceleration","floor":44},{"not_picked":["GasGiant","RefractionSpark+1","UnstableBomb+1","DoubleSpark+1"],"picked":"PropBag+1","floor":47},{"not_picked":["MagicAbsorber+1","Occultation+1","Acceleration+1","OortCloud"],"picked":"6A+1","floor":48},{"not_picked":["Acceleration+1","WitchLeyline","MeteoricShower+1","OrrerysSun"],"picked":"6A+1","floor":51},{"not_picked":["LuminesStrike+1","MysteriousBeam","GasGiant","AsteroidBelt","GravityBeat"],"picked":"SKIP","floor":52},{"not_picked":["MeteoricShower+1","GravityBeat+1","CollectingQuirk+1","AsteroidBelt","Singularity"],"picked":"SKIP","floor":56}],"player_experience":235670,"relics_obtained":[{"floor":1.0,"key":"SynthV:TestCard"},{"floor":9.0,"key":"Mercury Hourglass"},{"floor":22.0,"key":"infinitespire:PuzzleCube"},{"floor":26.0,"key":"The Courier"},{"floor":38,"key":"hubris:Potato"},{"floor":40,"key":"jedi:firstaidkit"},{"floor":43,"key":"MagicDraw2"},{"floor":47,"key":"CatCart"},{"floor":52,"key":"paleoftheancients:SoulOfTheBard"},{"floor":54,"key":"infinitespire:Joker Card"},{"floor":56,"key":"paleoftheancients:SoulOfTheVixen"},{"floor":58,"key":"Letter Opener"}],"event_choices":[{"cards_removed":["Strike_MRS"],"damage_healed":0.0,"max_hp_gain":0.0,"max_hp_loss":0.0,"gold_gain":0.0,"event_name":"Bonfire Elementals","player_choice":"Offered Basic","floor":3.0,"gold_loss":0.0,"damage_taken":0.0},{"cards_removed":["Strike_MRS"],"damage_healed":0.0,"max_hp_gain":0.0,"max_hp_loss":0.0,"gold_gain":0.0,"event_name":"The Cleric","player_choice":"Card Removal","floor":7.0,"gold_loss":50.0,"damage_taken":0.0},{"damage_healed":0.0,"max_hp_gain":0.0,"max_hp_loss":0.0,"gold_gain":0.0,"event_name":"Upgrade Shrine","player_choice":"Upgraded","floor":11.0,"gold_loss":0.0,"damage_taken":0.0,"cards_upgraded":["PropBag"]},{"damage_healed":0.0,"max_hp_gain":0.0,"max_hp_loss":0.0,"gold_gain":0.0,"event_name":"The Library","player_choice":"Read","floor":20.0,"gold_loss":0.0,"damage_taken":0.0,"cards_obtained":["REME_GrazeFinale"]},{"damage_healed":0.0,"max_hp_gain":5.0,"max_hp_loss":0.0,"gold_gain":0.0,"event_name":"Forgotten Altar","player_choice":"Shed Blood","floor":30.0,"gold_loss":0.0,"damage_taken":22.0},{"damage_healed":0.0,"max_hp_gain":0.0,"max_hp_loss":0.0,"gold_gain":0.0,"event_name":"SensoryStone","player_choice":"Memory 1","floor":36.0,"gold_loss":0.0,"damage_taken":0.0},{"damage_healed":0,"gold_gain":0,"player_choice":"Memory 1","damage_taken":0,"max_hp_gain":0,"max_hp_loss":0,"event_name":"SensoryStone","floor":38,"gold_loss":0},{"cards_removed":["Acceleration"],"damage_healed":0,"gold_gain":0,"player_choice":"Removed Skill","damage_taken":0,"max_hp_gain":0,"max_hp_loss":0,"event_name":"Falling","floor":45,"gold_loss":0},{"damage_healed":0,"gold_gain":0,"player_choice":"Fight","damage_taken":0,"max_hp_gain":0,"max_hp_loss":0,"event_name":"OrinTheCat","floor":47,"gold_loss":0}],"is_beta":false,"boss_relics":[{"not_picked":["ChiXiaoBlade","hubris:TerracottaHorce"],"picked":"Empty Cage"},{"not_picked":["Calling Bell","SoulBox"],"picked":"FeatherPendant"}],"items_purged_floors":[19,37,49],"is_endless":false,"potions_floor_spawned":[1,8,10,14,16,18,24,38,38,42,48,51],"ascension_level":0}}