{"host":"9kcqr6gvt9348rwr","time":1612024137,"event":{"mods":["Act Like it!","Alarm Clock","BaseMod","Better Third Choice","Better Vampires","BetterRewards","Colored Map","Colored Powertips","Conspire","Curses Come First","Highlight Path","Ironclad Rager","Minty Spire (QoL Compilation)","Pale of the Ancients","Rare Cards Sparkle","Relic Sorter","Reliquary","Shop Mod","Spicy Shops","StSLib","[功能]功能增强和修复MOD"],"gold_per_floor":[359,31,31,547,1053,1083,582,1030,1053,1053,1081,1081,1113,1534,1534,3336,2836,3246,2987,3458,2860,3364,3364,3838,3838,3838,3871,3883,3883],"floor_reached":28,"language":"ZHS","playtime":2600,"items_purged":["conspire:Blindness","Pain","Eruption","ThirdEye","Meditate","FollowUp","WaveOfTheHand"],"score":358,"play_id":"cfcfc095-794d-4ecc-aa2a-bb286aef16d2","local_time":"20210131002857","is_ascension_mode":false,"campfire_choices":[{"floor":10,"key":"RECALL"},{"floor":12,"key":"REST"},{"floor":15,"key":"REST"},{"data":"BattleHymn","floor":23,"key":"SMITH"},{"data":"Establishment","floor":25,"key":"SMITH"}],"circlet_count":0,"master_deck":["FollowUp","FollowUp","FollowUp","ThirdEye","ThirdEye","DeceiveReality","SignatureMove","Tantrum","DeceiveReality","WindmillStrike","Consecrate","FearNoEvil","Consecrate","SandsOfTime","Evaluate","SandsOfTime","LessonLearned","Establishment+1","DeusExMachina","DeusExMachina","Study+1","SashWhip+1","ClearTheMind+1","PathToVictory","BattleHymn+1","Collect","Scrawl","Worship+1","FollowUp+1","PathToVictory","PathToVictory","WaveOfTheHand+1","Ragnarok"],"relics":["PureWater","MerchantsRug","reliquary:Knoch","Ice Cream","reliquary:SharkskinSheath","Membership Card","Tiny Chest","Damaru","conspire:Dentures","Kunai","EctoplasmExtend","Potion Belt","Bottled Flame","Bottled Lightning","Orrery","Mummified Hand","Centennial Puzzle","Ancient Tea Set","TheAbacus","reliquary:BallBearing","MawBank"],"acts_visited":["Exordium","TheCity"],"potions_floor_usage":[6,6,6,18,22,22,22,24,27,27,28],"damage_taken":[{"damage":3,"enemies":"Small Slimes","floor":1,"turns":5},{"damage":0,"enemies":"Cultist","floor":4,"turns":3},{"damage":1,"enemies":"Jaw Worm","floor":5,"turns":3},{"damage":20,"enemies":"Lagavulin","floor":6,"turns":3},{"damage":0,"enemies":"Looter","floor":8,"turns":2},{"damage":0,"enemies":"Gremlin Nob","floor":11,"turns":4},{"damage":2,"enemies":"3 Sentries","floor":13,"turns":3},{"damage":4,"enemies":"Large Slime","floor":14,"turns":4},{"damage":16,"enemies":"Hexaghost","floor":16,"turns":6},{"damage":5,"enemies":"Shell Parasite","floor":18,"turns":2},{"damage":0,"enemies":"Spheric Guardian","floor":20,"turns":2},{"damage":21,"enemies":"Snake Plant","floor":22,"turns":3},{"damage":0,"enemies":"3 Cultists","floor":24,"turns":4},{"damage":55,"enemies":"Gremlin Leader","floor":27,"turns":4},{"damage":5,"enemies":"Masked Bandits","floor":28,"turns":1}],"seed_played":"3593388809246535078","potions_obtained":[{"floor":1,"key":"Energy Potion"},{"floor":4,"key":"PowerPotion"},{"floor":4,"key":"BlessingOfTheForge"},{"floor":6,"key":"Energy Potion"},{"floor":18,"key":"BottledMiracle"},{"floor":20,"key":"LiquidMemories"},{"floor":20,"key":"LiquidBronze"},{"floor":22,"key":"Fire Potion"},{"floor":24,"key":"Weak Potion"},{"floor":27,"key":"AttackPotion"}],"is_trial":false,"path_per_floor":["M","$","?","M","M","E","$","M","T","R","E","R","E","M","R","B",null,"M","$","M","$","M","R","M","R","T","E","?"],"character_chosen":"WATCHER","items_purchased":["MerchantsRug","reliquary:Knoch","reliquary:SharkskinSheath","FearNoEvil","Consecrate","Membership Card","BottledMiracle","conspire:TimeTravelPotion","Potion Belt","Bottled Flame","Bottled Lightning","Orrery","Mummified Hand","Centennial Puzzle","Ancient Tea Set","TheAbacus"],"campfire_rested":2,"item_purchase_floors":[2,2,7,7,7,7,7,7,19,19,19,19,21,21,21,21],"current_hp_per_floor":[44,44,44,44,43,23,23,23,23,23,23,42,40,36,55,39,65,60,60,60,60,60,60,60,60,60,5,0,0],"gold":3883,"neow_bonus":"WATCHER_SHAOLIN","is_daily":false,"chose_seed":false,"campfire_upgraded":2,"win_rate":0.0,"timestamp":1612024137,"path_taken":["M","$","?","M","?","E","$","M","T","R","E","R","E","?","R","BOSS","M","$","M","$","M","R","M","R","T","E","?"],"items_purchased_type":["Relic","Relic","Relic","Card","Card","Relic","Potion","Potion","Relic","Relic","Relic","Relic","Relic","Relic","Relic","Relic"],"build_version":"2020-12-22","purchased_purges":7,"victory":false,"max_hp_per_floor":[65,65,65,65,65,65,65,65,65,65,65,65,65,65,65,65,65,65,65,65,65,65,65,65,65,65,65,65,65],"card_choices":[{"not_picked":["FlurryOfBlows","Protect"],"picked":"DeceiveReality","floor":1},{"not_picked":["JustLucky","Wallop"],"picked":"SignatureMove","floor":1},{"not_picked":["ClearTheMind","LikeWater"],"picked":"Tantrum","floor":4},{"not_picked":["Weave","ThirdEye"],"picked":"WaveOfTheHand","floor":4},{"not_picked":["Evaluate","ThirdEye"],"picked":"DeceiveReality","floor":5},{"not_picked":["EmptyBody","CutThroughFate"],"picked":"WindmillStrike","floor":5},{"not_picked":["InnerPeace","CrushJoints"],"picked":"Consecrate","floor":6},{"not_picked":["SashWhip","BowlingBash"],"picked":"SandsOfTime","floor":8},{"not_picked":["JustLucky","WheelKick","Evaluate"],"picked":"SKIP","floor":8},{"not_picked":["CrushJoints","Weave"],"picked":"Evaluate","floor":11},{"not_picked":["Pray","Nirvana"],"picked":"SandsOfTime","floor":13},{"not_picked":["CrushJoints","Consecrate"],"picked":"Meditate","floor":14},{"not_picked":["MasterReality","ThirdEye","CutThroughFate"],"picked":"SKIP","floor":14},{"not_picked":["Vault","Scrawl"],"picked":"LessonLearned","floor":16},{"not_picked":["Brilliance","Scrawl"],"picked":"Establishment","floor":16},{"not_picked":["Establishment","Brilliance"],"picked":"DeusExMachina","floor":16},{"not_picked":["Scrawl","ConjureBlade"],"picked":"DeusExMachina","floor":16},{"not_picked":["WheelKick","FlyingSleeves"],"picked":"Study+1","floor":18},{"not_picked":["FearNoEvil","Halt"],"picked":"SashWhip+1","floor":18},{"not_picked":["Fasting2","BowlingBash"],"picked":"ClearTheMind+1","floor":19},{"not_picked":["Study","FlurryOfBlows"],"picked":"PathToVictory","floor":19},{"not_picked":["Study","Crescendo+1"],"picked":"BattleHymn","floor":19},{"not_picked":["SandsOfTime","Study"],"picked":"Collect","floor":19},{"not_picked":["LikeWater","FlyingSleeves"],"picked":"Scrawl","floor":19},{"not_picked":["ThirdEye","ClearTheMind"],"picked":"Worship+1","floor":20},{"not_picked":["FearNoEvil","FlyingSleeves"],"picked":"FollowUp+1","floor":20},{"not_picked":["Crescendo","Collect"],"picked":"PathToVictory","floor":22},{"not_picked":["Meditate","FlyingSleeves+1","CutThroughFate+1"],"picked":"SKIP","floor":22},{"not_picked":["CrushJoints","Meditate"],"picked":"PathToVictory","floor":24},{"not_picked":["Protect","Consecrate"],"picked":"WaveOfTheHand+1","floor":24},{"not_picked":["FlyingSleeves","Adaptation"],"picked":"Ragnarok","floor":27}],"player_experience":22909,"relics_obtained":[{"floor":6,"key":"Ice Cream"},{"floor":11,"key":"Tiny Chest"},{"floor":13,"key":"Damaru"},{"floor":16,"key":"reliquary:FeatherDuster"},{"floor":16,"key":"conspire:Dentures"},{"floor":16,"key":"Kunai"},{"floor":26,"key":"reliquary:BallBearing"},{"floor":27,"key":"MawBank"}],"event_choices":[{"cards_removed":["ThirdEye"],"damage_healed":0,"gold_gain":0,"player_choice":"Purged","damage_taken":0,"max_hp_gain":0,"max_hp_loss":0,"event_name":"Purifier","floor":3,"gold_loss":0},{"damage_healed":0,"gold_gain":0,"player_choice":"Fought Bandits","damage_taken":0,"max_hp_gain":0,"max_hp_loss":0,"event_name":"Masked Bandits","floor":28,"gold_loss":0}],"is_beta":false,"boss_relics":[{"not_picked":["SacredBark","SlaversCollar"],"picked":"EctoplasmExtend"}],"items_purged_floors":[2,2,7,7,21,21,21],"is_endless":false,"potions_floor_spawned":[1,4,4,5,5,6,8,8,13,13,14,18,18,20,20,22,24,27],"killed_by":"Masked Bandits","ascension_level":0}}