{"host":"m8o7tt929h4qck9e","time":1612011092,"event":{"mods":["A Magickal Journey","Aspiration","BaseMod","Better Third Choice","BetterRewards","Conspire","Defuse TimeMaze Blight","Friendly Minions","Hubris","Infinite Spire","Minty Spire (QoL Compilation)","Replay The Spire","Shop Mod","Spicy Shops","StSLib","The Jungle","Transform Curses","??????REMEMod"],"gold_per_floor":[111,111,126,144,144,173,186,186,210,225,225,239,239,256,256,356,356,368,414,456,256,256,256,256,256,281,311,329,329,340,355,355,459,459,471,490,509,75,75,101,111,111,161,194,194,147,147,159,159,159],"floor_reached":51,"language":"ENG","playtime":10433,"items_purged":["Magicka:ConfuseCard","Magicka:DefaultBladeCard","Magicka:NullifyCard+1","Languid"],"score":854,"play_id":"d348e1cb-cf97-4cae-bed3-76edd17fb205","local_time":"20210130075132","is_ascension_mode":false,"campfire_choices":[{"data":"Magicka:PreciseFingerCard","floor":8.0,"key":"SMITH"},{"data":"Magicka:PreciseFingerCard","floor":11.0,"key":"SMITH"},{"data":"Magicka:PreciseFingerCard","floor":13.0,"key":"SMITH"},{"data":"Magicka:PreciseFingerCard","floor":15.0,"key":"SMITH"},{"data":"theJungle:PetSnecko","floor":23.0,"key":"SMITH"},{"data":"Magicka:PreciseFingerCard","floor":25.0,"key":"SMITH"},{"data":"Magicka:MeteorShowerCard","floor":32,"key":"SMITH"},{"floor":42,"key":"RECALL"}],"circlet_count":0,"master_deck":["Magicka:MeteorShowerCard+1","Magicka:PreciseFingerCard+1","Magicka:PreciseFingerCard+1","Magicka:PreciseFingerCard+1","Magicka:PreciseFingerCard+1","Magicka:PreciseFingerCard+1","Magicka:TheFistCard+1","Finesse+1","Magicka:FabBlade+1","Magicka:EmergencyShieldCard+1","Sadistic Nature+1","Specialist+1","theJungle:PetSnecko+1","Magicka:FastFireCard+1","Sadistic Nature+1","Magicka:AmuletOfNullificationCard+1","Master of Strategy+1"],"relics":["Magicka:WizardStaff","REME_ComplimentaryCards","Membership Card","Golden Egg","aspiration:FrozenJewel","Quantum Egg","Happy Flower","Juzu Bracelet","Replay:Bronze Core","Ornamental Fan","Ring of Peace","Ring of Fangs","REME_ChargedStone","infinitespire:BottledMercury","aspiration:StickyExplosives_weak","hubris:TenFootPole","hubris:SlimyHat","REME_HourglassOfDeath","aspiration:KaomsHeart"],"acts_visited":["Exordium","theJungle:Jungle","TheBeyond"],"potions_floor_usage":[33,33,33,44,44],"damage_taken":[{"damage":0.0,"enemies":"Jaw Worm","floor":1.0,"turns":3.0},{"damage":0.0,"enemies":"Small Slimes","floor":3.0,"turns":3.0},{"damage":0.0,"enemies":"Cultist","floor":4.0,"turns":2.0},{"damage":3.0,"enemies":"3 Sentries","floor":6.0,"turns":6.0},{"damage":0.0,"enemies":"2 Fungi Beasts","floor":7.0,"turns":2.0},{"damage":0.0,"enemies":"Large Slime","floor":10.0,"turns":3.0},{"damage":0.0,"enemies":"Exordium Thugs","floor":12.0,"turns":3.0},{"damage":0.0,"enemies":"conspire:2 RoseBushes","floor":14.0,"turns":4.0},{"damage":0.0,"enemies":"Fading Forest","floor":16.0,"turns":11.0},{"damage":1.0,"enemies":"theJungle:Flameango_and_Byrd","floor":18.0,"turns":5.0},{"damage":0.0,"enemies":"theJungle:5_Spyders","floor":20.0,"turns":5.0},{"damage":0.0,"enemies":"theJungle:2_Phrogs","floor":27.0,"turns":4.0},{"damage":0.0,"enemies":"theJungle:2_Flameangoes","floor":28.0,"turns":4.0},{"damage":0,"enemies":"theJungle:2_Snecko_Cultists","floor":30,"turns":2},{"damage":0,"enemies":"theJungle:Lyon","floor":31,"turns":2},{"damage":15,"enemies":"theJungle:TotemBoss","floor":33,"turns":5},{"damage":0,"enemies":"3 Darklings","floor":35,"turns":2},{"damage":0,"enemies":"Orb Walker","floor":36,"turns":2},{"damage":0,"enemies":"4 Shapes","floor":37,"turns":2},{"damage":0,"enemies":"R_Hoarder","floor":40,"turns":3},{"damage":0,"enemies":"Maw","floor":41,"turns":4},{"damage":0,"enemies":"Nightmare","floor":44,"turns":3},{"damage":0,"enemies":"Writhing Mass","floor":48,"turns":3},{"damage":23,"enemies":"infinitespire:MassOfShapes","floor":50,"turns":5}],"seed_played":"-3854605505326862202","potions_obtained":[{"floor":1.0,"key":"AttackPotion"},{"floor":7.0,"key":"Swift Potion"},{"floor":10.0,"key":"AttackPotion"},{"floor":16.0,"key":"Adrenaline Potion"},{"floor":19.0,"key":"REME_GoldPotion"},{"floor":20.0,"key":"LifebloodPotion"},{"floor":35,"key":"PowerPotion"},{"floor":40,"key":"Adrenaline Potion"}],"is_trial":false,"path_per_floor":["M","?","M","M","?","E","M","R","T","M","R","M","R","M","R","B",null,"M","?","M","$","?","R","?","R","T","E","M","?","M","M","R","B",null,"M","M","M","$","?","E","M","R","T","NM","$","$","T","M","R","B",null],"character_chosen":"MAGICKA_WIZARD","items_purchased":["Membership Card","Golden Egg","Finesse","aspiration:FrozenJewel","Quantum Egg","Sadistic Nature","Specialist","infinitespire:BottledMercury","Sadistic Nature","aspiration:StickyExplosives_weak","aspiration:KaomsHeart","OrangePellets","Impatience"],"campfire_rested":0,"item_purchase_floors":[0,0,0,0,0,21,21,38,38,38,45,45,46],"current_hp_per_floor":[40,40,40,40,40,40,40,40,40,40,40,40,40,40,40,40,40,40,30,40,40,40,40,40,40,40,40,40,40,40,40,40,30,40,40,40,40,40,40,40,40,40,40,40,114,114,114,119,119,107],"gold":159,"neow_bonus":"","is_daily":false,"chose_seed":false,"campfire_upgraded":7,"win_rate":0.0,"timestamp":1612011092,"path_taken":["M","?","M","M","?","E","M","R","T","M","R","M","R","M","R","BOSS","M","?","M","$","?","R","?","R","T","E","M","?","M","M","R","BOSS","M","M","M","$","?","E","M","R","T","NM","?","$","?","M","R","BOSS"],"items_purchased_type":["Relic","Relic","Card","Relic","Relic","Card","Card","Relic","Card","Relic","Relic","Relic","Card"],"build_version":"2020-12-22","purchased_purges":4,"victory":true,"max_hp_per_floor":[40,40,40,40,40,40,40,40,40,40,40,40,40,40,40,40,40,40,40,40,40,40,40,40,40,40,40,40,40,40,40,40,40,40,40,40,40,40,40,40,40,40,40,40,140,140,140,140,140,140],"card_choices":[{"not_picked":["Magicka:ExoticBladeCard","Magicka:SausageCard","Magicka:MuscleMemoryCard"],"picked":"SKIP","floor":1.0},{"not_picked":["Magicka:SlipperyDeathCard","Magicka:CleanseCard","Magicka:FastDeathCard"],"picked":"SKIP","floor":3.0},{"not_picked":["Magicka:ExoticBladeCard","Magicka:FireLongswordCard","Magicka:RainCard"],"picked":"SKIP","floor":4.0},{"not_picked":["Magicka:CleaverCard","Magicka:FastColdCard","Magicka:ConfuseCard"],"picked":"SKIP","floor":6.0},{"not_picked":["Magicka:SisterhoodCard","Magicka:FastFireCard","Magicka:WalkBackwardsCard"],"picked":"SKIP","floor":7.0},{"not_picked":["Magicka:SisterhoodCard","Magicka:CheeseCard","Magicka:SlipperyStoneCard"],"picked":"SKIP","floor":10.0},{"not_picked":["Magicka:SpikeQuakeCard","Magicka:WalkBackwardsCard","Magicka:SnowballCard"],"picked":"SKIP","floor":12.0},{"not_picked":["Magicka:WalkBackwardsCard","Magicka:CleanseCard","Magicka:CreateSteamCard"],"picked":"SKIP","floor":14.0},{"not_picked":["Magicka:NullifyCard","Magicka:SlipperyDeathCard","Magicka:FastWaterCard"],"picked":"SKIP","floor":18.0},{"not_picked":["Magicka:MuscleMemoryCard+1","Magicka:ShieldBoost+1"],"picked":"Magicka:NullifyCard+1","floor":19.0},{"not_picked":["Magicka:SisterhoodCard","Magicka:StormCrusherCard","Magicka:SlipperyFireCard+1"],"picked":"SKIP","floor":20.0},{"not_picked":["Magicka:SausageCard","Magicka:SlipperyFireCard+1","Magicka:FastLifeCard"],"picked":"SKIP","floor":27.0},{"not_picked":["Magicka:SlipperyDeathCard","Magicka:ConcentrateCard","Magicka:DeathRayCard"],"picked":"SKIP","floor":28.0},{"not_picked":["Magicka:CreateIceCard","Magicka:SlipperyDeathCard","Magicka:SnowballCard"],"picked":"SKIP","floor":30},{"not_picked":["Magicka:EmergencyShieldCard","Magicka:FearCard"],"picked":"Magicka:FastFireCard+1","floor":31},{"not_picked":["Magicka:BlizzardCard","Magicka:SlipperyShieldCard+1","Magicka:WalkBackwardsCard+1"],"picked":"SKIP","floor":35},{"not_picked":["Magicka:SnowballCard","Magicka:SlipperyDeathCard","Magicka:SlipperyStoneCard"],"picked":"SKIP","floor":36},{"not_picked":["Magicka:SisterhoodCard+1","Magicka:SausageCard+1","Magicka:FastLightningCard"],"picked":"SKIP","floor":37},{"not_picked":["Magicka:LightningRodCard","Magicka:CleaverCard","Magicka:SlipperyLightningCard"],"picked":"SKIP","floor":40},{"not_picked":["Magicka:SlipperyColdCard+1","Magicka:RainCard+1","Magicka:SisterhoodCard"],"picked":"SKIP","floor":41},{"not_picked":["Magicka:PoisonCloudCard","Magicka:WinterCrusherCard"],"picked":"Magicka:AmuletOfNullificationCard","floor":44},{"not_picked":["Magicka:RainCard+1","Magicka:SlipperyColdCard","Magicka:MuscleMemoryCard+1"],"picked":"SKIP","floor":48}],"player_experience":45490,"relics_obtained":[{"floor":6.0,"key":"Happy Flower"},{"floor":9.0,"key":"Juzu Bracelet"},{"floor":27.0,"key":"Ornamental Fan"},{"floor":29,"key":"Ring of Peace"},{"floor":29,"key":"Ring of Fangs"},{"floor":40,"key":"hubris:TenFootPole"},{"floor":43,"key":"hubris:SlimyHat"},{"floor":44,"key":"REME_HourglassOfDeath"},{"floor":47,"key":"aspiration:KMNothing"}],"event_choices":[{"damage_healed":0.0,"max_hp_gain":0.0,"max_hp_loss":0.0,"gold_gain":0.0,"cards_transformed":["Magicka:DefaultBladeCard"],"event_name":"Transmorgrifier","player_choice":"Transformed","floor":5.0,"gold_loss":0.0,"damage_taken":0.0,"cards_obtained":["Magicka:EmergencyShieldCard"]},{"damage_healed":0.0,"max_hp_gain":0.0,"max_hp_loss":0.0,"gold_gain":0.0,"event_name":"Lab","player_choice":"Got Potions","floor":24.0,"gold_loss":0.0,"damage_taken":0.0},{"damage_healed":0,"gold_gain":0,"player_choice":"Upgraded","damage_taken":0,"max_hp_gain":0,"max_hp_loss":0,"event_name":"Upgrade Shrine","floor":39,"gold_loss":0,"cards_upgraded":["Magicka:EmergencyShieldCard"]}],"is_beta":false,"boss_relics":[{"not_picked":["Kintsugi","Runic Pyramid"],"picked":"Replay:Bronze Core"},{"not_picked":["Cursed Key","aspiration:RitualDagger"],"picked":"REME_ChargedStone"}],"items_purged_floors":[0,0,21,38],"is_endless":false,"potions_floor_spawned":[1,7,10,16,20,27,31,35,40],"ascension_level":0}}