{"host":"pbfl21uhaeod98t6","time":1612048590,"event":{"mods":["AchievementEnabler","Act Like it!","Aspiration","BaseMod","Better Altar","Better Match","Better Note","Better Sensory Stone","Better Skull","Better Third Choice","BetterRewards","Colored Map","Colored Powertips","Conspire","Hermit","Hubris","Mad Scientist","Minty Spire (QoL Compilation)","Rare Cards Sparkle","Relic Sorter","Replay The Spire","Spicy Shops","Spikes Relics","StSLib","Td1madao Mod","The Blue Laboratory","The Gatherer","The Runesmith","Waifu the Spire"],"gold_per_floor":[115,135,151,169,169,196,196,211,238,259,269,269],"floor_reached":11,"language":"ENG","playtime":1065,"items_purged":[],"score":77,"play_id":"3052704c-ff67-42d5-88f9-0b31cfff5b34","local_time":"20210130231630","is_ascension_mode":false,"campfire_choices":[{"data":"Wallop","floor":7,"key":"SMITH"}],"circlet_count":0,"master_deck":["Strike_P","Strike_P","Strike_P","Strike_P","Defend_P","Defend_P","Defend_P","Defend_P","Eruption+1","Vigilance","JustLucky","EmptyMind","Wallop+1","Vengeance","PathToVictory","PathToVictory","Devotion"],"relics":["PureWater","hubris:TinFlute","Replay:Bandana"],"acts_visited":["Exordium"],"potions_floor_usage":[11,11],"damage_taken":[{"damage":0,"enemies":"Cultist","floor":1,"turns":2},{"damage":0,"enemies":"2 Louse","floor":2,"turns":2},{"damage":2,"enemies":"Jaw Worm","floor":3,"turns":4},{"damage":0,"enemies":"Exordium Wildlife","floor":4,"turns":3},{"damage":33,"enemies":"3 Sentries","floor":6,"turns":8},{"damage":10,"enemies":"Looter","floor":8,"turns":2},{"damage":31,"enemies":"Gremlin Gang","floor":10,"turns":4},{"damage":13,"enemies":"Lagavulin","floor":11,"turns":2}],"seed_played":"-5101345680331624433","potions_obtained":[{"floor":4,"key":"blueLaboratory:HummingbirdPotion"},{"floor":6,"key":"blueLaboratory:RememoryPotion"}],"is_trial":false,"path_per_floor":["M","M","M","M","?","E","R","M","T","M","E"],"character_chosen":"WATCHER","items_purchased":[],"campfire_rested":0,"item_purchase_floors":[],"current_hp_per_floor":[79,79,77,77,77,44,44,34,34,3,0,0],"gold":269,"neow_bonus":"TEN_PERCENT_HP_BONUS","is_daily":false,"chose_seed":false,"campfire_upgraded":1,"win_rate":0.0,"timestamp":1612048590,"path_taken":["M","M","M","M","?","E","R","M","T","M","E"],"items_purchased_type":[],"build_version":"2020-12-22","purchased_purges":0,"victory":false,"max_hp_per_floor":[79,79,79,79,79,79,79,79,79,79,79,79],"card_choices":[{"not_picked":["EmptyFist","EmptyBody"],"picked":"JustLucky","floor":1},{"not_picked":["Crescendo","Protect"],"picked":"EmptyMind","floor":2},{"not_picked":["JustLucky","EmptyMind"],"picked":"Wallop","floor":3},{"not_picked":["JustLucky","SignatureMove"],"picked":"Vengeance","floor":4},{"not_picked":["FearNoEvil","CrushJoints"],"picked":"PathToVictory","floor":6},{"not_picked":["FlurryOfBlows","EmptyBody"],"picked":"PathToVictory","floor":8},{"not_picked":["Collect","Halt"],"picked":"Devotion","floor":10}],"player_experience":247770,"relics_obtained":[{"floor":6,"key":"hubris:TinFlute"},{"floor":9,"key":"Replay:Bandana"}],"event_choices":[],"is_beta":false,"boss_relics":[],"items_purged_floors":[],"is_endless":false,"potions_floor_spawned":[4,6],"killed_by":"Lagavulin","ascension_level":0}}