{"host":"qw4xe3mt0biolpvp","time":1612037100,"event":{"mods":["AchievementEnabler","Act Like it!","Aspiration","BaseMod","Bestiary","BetterRewards","Colored Map","Colored Powertips","Downfall","Gensokyo","Hallownest","Hermit","Highlight Path","Hubris","Infinite Spire","Jorbs\u0027s Wanderer Trilogy","Lobotomy","Marisa????????","Marked Mod","Minty Spire (QoL Compilation)","Quick Restart","Replay The Spire","Spicy Shops","StSLib","The Administrix","The Animator","The Bug Knight","The Cursed","The Jungle","The Marked","The Necromancer","The Servant 0.9.4","The Wild Card","everything is the same but u backflip on backflip","slay the spire mod where everything is the same but ironclad has a cowboy hat"],"gold_per_floor":[116,116,116,126,126,126,126,146,171,171,96,177,177,187,187,187,187],"floor_reached":16,"language":"ENG","playtime":649,"items_purged":[],"score":88,"play_id":"41c38930-cff2-42ca-bea9-1f83697146ba","local_time":"20210130170500","is_ascension_mode":false,"campfire_choices":[{"data":"hubris:InfiniteBlow","floor":6,"key":"SMITH"},{"data":"hubris:InfiniteBlow+1","floor":10,"key":"SMITH"},{"data":"hubris:InfiniteBlow+2","floor":15,"key":"SMITH"}],"circlet_count":0,"master_deck":["Strike_R","Strike_R","Strike_R","Strike_R","Strike_R","Defend_R","Defend_R","Bash","DespairKnight","Perfected Strike","Delirium","downfall:Aged","hubris:InfiniteBlow+3","OSAHOGD","Unload","Outmaneuver","ReplayTheSpireMod:Shiv Toss","Scorched","Rampage"],"relics":["Burning Blood","CogitoBucket","hubris:Towel","Regal Pillow","Hallownest:BankAccountRelic","aspiration:FetidBarrel","Ring of Searing"],"acts_visited":["Hallownest:Greenpath"],"potions_floor_usage":[16],"damage_taken":[{"damage":5,"enemies":"Hallownest:2_Baldur","floor":1,"turns":7},{"damage":8,"enemies":"Hallownest:2_MossCreeps","floor":4,"turns":6},{"damage":13,"enemies":"Hallownest:2_Tiktiks_and_1_Crawlid","floor":8,"turns":3},{"damage":5,"enemies":"Hallownest:monsterFoolEater","floor":14,"turns":2},{"damage":94,"enemies":"Hallownest:BossHornet","floor":16,"turns":6}],"seed_played":"7545536012310697208","potions_obtained":[{"floor":1,"key":"Ancient Potion"}],"is_trial":false,"path_per_floor":["M","$","?","M","?","R","?","M","T","R","?","T","?","M","R","B"],"character_chosen":"IRONCLAD","items_purchased":[],"campfire_rested":0,"item_purchase_floors":[],"current_hp_per_floor":[80,80,80,78,78,78,78,71,71,71,71,71,71,72,72,0,0],"gold":187,"neow_bonus":"","is_daily":false,"chose_seed":false,"campfire_upgraded":3,"win_rate":0.0,"timestamp":1612037100,"path_taken":["M","$","?","M","?","R","?","?","T","R","?","?","?","?","R","BOSS"],"items_purchased_type":[],"build_version":"2020-12-22","purchased_purges":0,"victory":false,"max_hp_per_floor":[80,80,80,80,80,80,80,80,80,80,80,80,80,80,80,80,80],"card_choices":[{"not_picked":["Wellcheers","Woodsman"],"picked":"DespairKnight","floor":1},{"not_picked":["Clash","ReplayTheSpireMod:Muscle Training"],"picked":"Perfected Strike","floor":1},{"not_picked":["ReplayTheSpireMod:Book of Names","infinitespire:SealOfDarkness+"],"picked":"hubris:InfiniteBlow","floor":3},{"not_picked":["Wellcheers","MHz"],"picked":"OSAHOGD","floor":4},{"not_picked":["Carnage","ReplayTheSpireMod:Muscle Training"],"picked":"Iron Wave","floor":4},{"not_picked":["LongBird","PunishingBird","BigBird"],"picked":"Singing Bowl","floor":8},{"not_picked":["SpiderBud","SnowQueen"],"picked":"Scorched","floor":8},{"not_picked":["Defy Death","Twin Strike"],"picked":"Rampage","floor":8},{"not_picked":["Clothesline","Clash","Disarm"],"picked":"SKIP","floor":14}],"player_experience":40073,"relics_obtained":[{"floor":9,"key":"Regal Pillow"},{"floor":12,"key":"aspiration:FetidBarrel"},{"floor":13,"key":"Ring of Searing"}],"event_choices":[],"is_beta":false,"boss_relics":[],"items_purged_floors":[],"is_endless":false,"potions_floor_spawned":[1],"killed_by":"Hallownest:BossHornet","ascension_level":0}}