{"host":"36zn1fhase90d3ns","time":1612002710,"event":{"mods":["2.2 Compatiblity","AchievementEnabler","Act Like it!","Aspiration","BaseMod","BetterRewards","Block Reminder","Colored Map","Colored Powertips","Conspire","Curses Come First","Custom Start","Dark Map","Energized Spire","Friendly Minions","Halation","Hermit","Hubris","Minty Spire (QoL Compilation)","Prisma Mod","Quick Restart","Relic Sorter","Reliquary","Remilia??????","Replay The Spire","Spicy Shops","StSLib","The Necromancer","Unceasing Turn Reminder","Yohane!","??????REMEMod"],"gold_per_floor":[110,285,297,66,66,66,96,96,96,96,127,127,145,159,159,159,159,257,257,271,316,316,64,79,79,106,106,130,155,155,172,94,121,121,222,222,241,256,256,256,5,5,38,58,104,149,200,212,224,236,248,287,299,311,64,114,204],"floor_reached":58,"language":"ENG","playtime":2800,"items_purged":["Strike_RM","Strike_RM","Strike_RM","Strike_RM","ScarletShoot","Doubt","Lust_TH","Defend_RM"],"score":1945,"play_id":"ceadb94b-75f1-42cb-b32f-a2438bb1e310","local_time":"20210130043150","is_ascension_mode":true,"campfire_choices":[{"data":"DiffusionOfMisfortune","floor":6,"key":"SMITH"},{"data":"FitfulNightmare","floor":8,"key":"SMITH"},{"data":"1","floor":10,"key":"LIFT"},{"data":"2","floor":12,"key":"LIFT"},{"data":"3","floor":17,"key":"LIFT"},{"floor":25,"key":"RECALL"},{"data":"DiffusionOfMisfortune","floor":27,"key":"SMITH"},{"data":"Defend_RM","floor":34,"key":"SMITH"},{"data":"BloodyMagicSquare","floor":42,"key":"SMITH"},{"data":"DiffusionOfMisfortune","floor":49,"key":"SMITH"},{"floor":54,"key":"REST"}],"circlet_count":0,"master_deck":["Defend_RM+1","Defend_RM+1","Defend_RM+1","RedMoon+1","DiffusionOfMisfortune+1","BombardNight+1","BombardNight+1","HunterOfTheNight+1","CharismaGuard+1","FitfulNightmare+1","CurseOfVladTepes+1","REME_ACTH+1","DiffusionOfMisfortune+1","BloodyMagicSquare+1","CeilingFear+1","BatForm+1","MiserableFate+1","MiserableFate+1","DiffusionOfMisfortune+1","DiffusionOfMisfortune+1","MastersStateliness+1","MastersStateliness+1","CharismaGuard+1"],"relics":["ScarletHat","REME_ComplimentaryCards","Turnip","Membership Card","Golden Egg","Girya","reliquary:Firecrackers","PreservedInsect","MealTicket","reliquary:PartyBalloon","ReplayTheSpireMod:TigerMarble","halation:PinkAlligatorPlush","Smiling Mask","Kunai","Blue Doll","Replay:Wax Seal","Replay:Mystery Machine","Oddly Smooth Stone","halation:KoshaPiece","APieceOfRedMist","halation:PinkSoulGem","halation:NonexistentMirror","Vajra","halation:IllGainedPizza","MawBank","Akabeko","conspire:TopHat","Guide Book","hubris:SphereOfDissonance","hubris:ToyBattleship"],"acts_visited":["Exordium","TheCity","TheBeyond","TheEnding"],"potions_floor_usage":[18,18,19,26,44,57,57],"damage_taken":[{"damage":7,"enemies":"Jaw Worm","floor":1,"turns":2},{"damage":0,"enemies":"Small Slimes","floor":3,"turns":2},{"damage":0,"enemies":"3 Sentries","floor":7,"turns":1},{"damage":0,"enemies":"Lagavulin","floor":11,"turns":6},{"damage":0,"enemies":"Cultist","floor":13,"turns":3},{"damage":0,"enemies":"Large Slime","floor":14,"turns":3},{"damage":0,"enemies":"Slime Boss","floor":18,"turns":5},{"damage":4,"enemies":"Spheric Guardian","floor":20,"turns":2},{"damage":20,"enemies":"conspire:MimicChest","floor":21,"turns":10},{"damage":6,"enemies":"Chosen","floor":24,"turns":3},{"damage":16,"enemies":"Gremlin Leader","floor":26,"turns":4},{"damage":10,"enemies":"Book of Stabbing","floor":29,"turns":3},{"damage":14,"enemies":"Sentry and Sphere","floor":31,"turns":7},{"damage":6,"enemies":"Gremlin Leader","floor":33,"turns":3},{"damage":13,"enemies":"Automaton","floor":35,"turns":7},{"damage":19,"enemies":"3 Shapes","floor":37,"turns":3},{"damage":6,"enemies":"3 Darklings","floor":38,"turns":3},{"damage":6,"enemies":"Nemesis","floor":43,"turns":3},{"damage":13,"enemies":"Jaw Worm Horde","floor":44,"turns":3},{"damage":18,"enemies":"Maw","floor":46,"turns":9},{"damage":86,"enemies":"Reptomancer","floor":47,"turns":3},{"damage":25,"enemies":"Time Eater","floor":52,"turns":9},{"damage":39,"enemies":"Shield and Spear","floor":56,"turns":7},{"damage":62,"enemies":"The Heart","floor":57,"turns":11}],"seed_played":"1843302921329874202","potions_obtained":[{"floor":7,"key":"DuplicationPotion"},{"floor":11,"key":"DistilledChaos"},{"floor":18,"key":"BlessingOfTheForge"},{"floor":18,"key":"Fruit Juice"},{"floor":29,"key":"Flashbang"},{"floor":31,"key":"Cursed Concoction"},{"floor":31,"key":"Dexterity Potion"},{"floor":43,"key":"ColorlessPotion"},{"floor":44,"key":"Weak Potion"},{"floor":47,"key":"SpeedPotion"},{"floor":50,"key":"FairyPotion"}],"is_trial":false,"path_per_floor":["M","?","M","$","?","R","E","R","T","R","E","R","M","M","R_BF","PTL","R","B",null,"M","?","?","$","M","R","E","R","T","E","?","M","$","E","R","B",null,"M","M","?","?","$","R","E","M","T","M","E","?","R","?","R_BF","B",null,"R","$","E","B",null],"character_chosen":"REMILIA","items_purchased":["Turnip","DiffusionOfMisfortune","Membership Card","Golden Egg","Girya","BombardNight","reliquary:Firecrackers","HunterOfTheNight","CharismaGuard","PreservedInsect","Kunai","Blue Doll","Oddly Smooth Stone","halation:NonexistentMirror","MiserableFate","Vajra","conspire:TopHat","MastersStateliness","Guide Book","hubris:SphereOfDissonance"],"campfire_rested":1,"item_purchase_floors":[0,0,0,0,0,0,0,0,4,4,23,23,32,41,41,41,55,55,55,55],"current_hp_per_floor":[20,20,20,20,20,20,20,20,20,20,23,23,25,25,25,25,25,28,80,76,62,62,77,71,71,59,59,59,51,51,40,55,52,52,39,80,67,64,64,64,79,79,80,70,70,67,36,36,36,36,60,48,80,80,80,50,28],"gold":204,"neow_bonus":"","is_daily":false,"chose_seed":false,"campfire_upgraded":6,"win_rate":0.0,"timestamp":1612002710,"path_taken":["M","?","M","$","?","R","E","R","T","R","E","R","?","M","R_BF","PTL","R","BOSS","M","?","?","$","M","R","E","R","T","E","?","M","$","E","R","BOSS","M","M","?","?","$","R","E","M","T","M","E","?","R","?","R_BF","BOSS","R","$","E","BOSS"],"items_purchased_type":["Relic","Card","Relic","Relic","Relic","Card","Relic","Card","Card","Relic","Relic","Relic","Relic","Relic","Card","Relic","Relic","Card","Relic","Relic"],"build_version":"2020-12-22","purchased_purges":8,"victory":true,"max_hp_per_floor":[75,75,75,75,75,75,75,75,75,75,75,75,75,75,75,75,75,75,80,80,80,80,80,80,80,80,80,80,80,80,80,80,80,80,80,80,80,80,80,80,80,80,80,80,80,80,80,80,80,80,80,80,80,80,80,80,80],"card_choices":[{"not_picked":["MastersStateliness","FavorOfDestiny","ScarletGensokyo"],"picked":"SKIP","floor":1},{"not_picked":["NightLord","ScarletSymphony","BloodyMagicSquare"],"picked":"SKIP","floor":3},{"not_picked":["StarOfDavid","DiffusionOfMisfortune"],"picked":"FitfulNightmare","floor":7},{"not_picked":["Stigmanizer","RedRainbow","ScarletImprint"],"picked":"SKIP","floor":11},{"not_picked":["BadLadyScramble","UnstableMagic","Ultimatum"],"picked":"SKIP","floor":13},{"not_picked":["GlobalNightmare","EndlessAdversity","VampireKiss"],"picked":"SKIP","floor":14},{"not_picked":["ChaoticDestiny","BloodyCatastrophe"],"picked":"CurseOfVladTepes","floor":18},{"not_picked":["EndlessAdversity","ReincarnationDial","RedRainbow"],"picked":"SKIP","floor":20},{"not_picked":["ScarletSymphony","SuperhumanBloodyKnife","BloodyTrap"],"picked":"SKIP","floor":24},{"not_picked":["GlobalNightmare+1","ChainGang"],"picked":"DiffusionOfMisfortune","floor":26},{"not_picked":["Stigmanizer","UnstableMagic+1"],"picked":"BloodyMagicSquare","floor":29},{"not_picked":["CharismaGuard","UltimateOffering","BombardNight"],"picked":"SKIP","floor":31},{"not_picked":["EternalNight","Maim"],"picked":"CeilingFear","floor":33},{"not_picked":["HellCatastrophe","TransientEternity"],"picked":"BatForm","floor":35},{"not_picked":["MastersStateliness+1","Stigmanizer","ScarletImprint"],"picked":"SKIP","floor":37},{"not_picked":["ScarletSymphony","BombardNight+1","NightLord"],"picked":"SKIP","floor":38},{"not_picked":["ScarletDevil","RedRainbow"],"picked":"DiffusionOfMisfortune","floor":43},{"not_picked":["MastersStateliness","BombardNight","UnderTheZenith+1"],"picked":"SKIP","floor":44},{"not_picked":["ScarletDevil+1","BombardNight+1","Stigmanizer"],"picked":"SKIP","floor":46},{"not_picked":["BloodHunter","TwelveNightmare+1","RedRainbow"],"picked":"SKIP","floor":47},{"not_picked":["AfternoonTea","BloodySeventeenLaser"],"picked":"CharismaGuard+1","floor":56}],"player_experience":496809,"relics_obtained":[{"floor":7,"key":"MealTicket"},{"floor":9,"key":"reliquary:PartyBalloon"},{"floor":11,"key":"ReplayTheSpireMod:TigerMarble"},{"floor":21,"key":"Smiling Mask"},{"floor":26,"key":"Replay:Wax Seal"},{"floor":29,"key":"Replay:Mystery Machine"},{"floor":33,"key":"halation:KoshaPiece"},{"floor":43,"key":"halation:IllGainedPizza"},{"floor":45,"key":"MawBank"},{"floor":47,"key":"Akabeko"},{"floor":56,"key":"hubris:ToyBattleship"}],"event_choices":[{"damage_healed":0,"gold_gain":175,"player_choice":"AGREE","damage_taken":0,"max_hp_gain":0,"max_hp_loss":0,"event_name":"Liars Game","floor":2,"gold_loss":0,"cards_obtained":["Doubt"]},{"damage_healed":0,"gold_gain":0,"player_choice":"Ignored","damage_taken":0,"max_hp_gain":0,"max_hp_loss":0,"event_name":"Transmorgrifier","floor":5,"gold_loss":0},{"damage_healed":0,"gold_gain":0,"player_choice":"Got Potions","damage_taken":0,"max_hp_gain":0,"max_hp_loss":0,"event_name":"Lab","floor":50,"gold_loss":0}],"is_beta":false,"boss_relics":[{"not_picked":["hubris:VirtuousBlindfold","Fusion Hammer"],"picked":"halation:PinkAlligatorPlush"},{"not_picked":["Replay:Grab Bag","Coffee Dripper"],"picked":"APieceOfRedMist"}],"items_purged_floors":[0,0,0,0,0,4,23,41],"is_endless":false,"potions_floor_spawned":[7,11,18,29,31,35,43,44,47,56],"ascension_level":2}}