{"host":"xp5rvh2jwe2ejyfm","time":1612023325,"event":{"mods":["Aspiration","BaseMod","BetterRewards","Colored Powertips","Conspire","Downfall","Duelist Mod","GifTheSpireLib","Gremlin Mod","Hermit","Hubris","Minty Spire (QoL Compilation)","Robot Space Explorer","StSLib","The Blackbeard","The Clintock","The Construct","The Cursed","The Disciple","The Forsaken","The Hierophant","The Necromancer","The Runesmith","The Servant 0.9.4"],"gold_per_floor":[111,111,124,140,5,40,40,40,108,108,58,92,103,131,131,131,131],"floor_reached":16,"language":"ENG","playtime":537,"items_purged":[],"score":118,"play_id":"0b40c63f-4b7d-429a-943e-7c6041f88f1c","local_time":"20210130111524","is_ascension_mode":false,"campfire_choices":[{"floor":7,"key":"RECALL"},{"data":"RobotSpaceExplorer:FreezeRay","floor":10,"key":"SMITH"},{"floor":15,"key":"REST"}],"circlet_count":0,"master_deck":["RobotSpaceExplorer:Strike","RobotSpaceExplorer:Strike","RobotSpaceExplorer:Strike","RobotSpaceExplorer:Strike","RobotSpaceExplorer:Defend","RobotSpaceExplorer:Defend","RobotSpaceExplorer:Defend","RobotSpaceExplorer:Defend","RobotSpaceExplorer:Scan","RobotSpaceExplorer:MiniLasers+1","RobotSpaceExplorer:FreezeRay+1","RobotSpaceExplorer:ToxicBomb","RobotSpaceExplorer:PowerGlove","RobotSpaceExplorer:PowerGlove","RobotSpaceExplorer:MetalStrike","RobotSpaceExplorer:DoubleBlock","RobotSpaceExplorer:ImprovisedAttack","RobotSpaceExplorer:Scanner","RobotSpaceExplorer:MakeshiftVolley","RobotSpaceExplorer:Accelerator"],"relics":["RobotSpaceExplorer:RoboCore","Oddly Smooth Stone","hubris:Icosahedron","hubris:DeckOfHolding","aspiration:SeaSaltIceCream","aspiration:Nostalgia","theDuelist:CardPoolMinusRelic"],"acts_visited":["Exordium"],"potions_floor_usage":[6,14],"damage_taken":[{"damage":4,"enemies":"conspire:RoseBush","floor":1,"turns":3},{"damage":0,"enemies":"Jaw Worm","floor":3,"turns":2},{"damage":5,"enemies":"Small Slimes","floor":4,"turns":4},{"damage":6,"enemies":"Lagavulin","floor":6,"turns":3},{"damage":30,"enemies":"3 Sentries","floor":12,"turns":7},{"damage":6,"enemies":"2 Fungi Beasts","floor":13,"turns":4},{"damage":19,"enemies":"Lagavulin","floor":14,"turns":7},{"damage":27,"enemies":"The Guardian","floor":16,"turns":5}],"seed_played":"-3001042121515526087","potions_obtained":[{"floor":1,"key":"SkillPotion"},{"floor":12,"key":"champ:CounterPotion"}],"is_trial":false,"path_per_floor":["M","?","M","M","$","E","R","?","T","R","$","E","M","E","R","B"],"character_chosen":"RobotSpaceExplorer","items_purchased":["RobotSpaceExplorer:PowerGlove","RobotSpaceExplorer:MetalStrike","RobotSpaceExplorer:ImprovisedAttack"],"campfire_rested":1,"item_purchase_floors":[5,5,11],"current_hp_per_floor":[71,71,71,66,66,60,60,60,60,60,60,30,24,5,27,0,0],"gold":131,"neow_bonus":"","is_daily":false,"chose_seed":false,"campfire_upgraded":1,"win_rate":0.0,"timestamp":1612023324,"path_taken":["M","?","M","M","$","E","R","?","T","R","?","E","M","E","R","BOSS"],"items_purchased_type":["Card","Card","Card"],"build_version":"2020-12-22","purchased_purges":0,"victory":false,"max_hp_per_floor":[75,75,75,75,75,75,75,75,75,75,75,75,75,75,75,75,75],"card_choices":[{"not_picked":["RobotSpaceExplorer:ShockKick","RobotSpaceExplorer:MetalStrike"],"picked":"RobotSpaceExplorer:FreezeRay","floor":1},{"not_picked":["RobotSpaceExplorer:Counterblock","RobotSpaceExplorer:FrostMissile"],"picked":"RobotSpaceExplorer:ToxicBomb","floor":3},{"not_picked":["RobotSpaceExplorer:GearShield","RobotSpaceExplorer:FranticSearch"],"picked":"RobotSpaceExplorer:PowerGlove","floor":4},{"not_picked":["RobotSpaceExplorer:SlimeMissile","RobotSpaceExplorer:FranticSearch"],"picked":"RobotSpaceExplorer:DoubleBlock","floor":6},{"not_picked":["RobotSpaceExplorer:ScrapToss","RobotSpaceExplorer:GlueShot"],"picked":"RobotSpaceExplorer:Scanner","floor":12},{"not_picked":["RobotSpaceExplorer:ToxicBomb","RobotSpaceExplorer:GearShield"],"picked":"RobotSpaceExplorer:MakeshiftVolley","floor":13},{"not_picked":["RobotSpaceExplorer:ShovelStrike","RobotSpaceExplorer:SwiftStep"],"picked":"RobotSpaceExplorer:Accelerator","floor":14}],"player_experience":362927,"relics_obtained":[{"floor":6,"key":"Oddly Smooth Stone"},{"floor":12,"key":"hubris:DeckOfHolding"},{"floor":14,"key":"aspiration:SeaSaltIceCream"}],"event_choices":[{"damage_healed":0,"gold_gain":0,"player_choice":"Grow","damage_taken":0,"max_hp_gain":0,"max_hp_loss":0,"event_name":"Living Wall","floor":2,"gold_loss":0,"cards_upgraded":["RobotSpaceExplorer:MiniLasers"]}],"is_beta":false,"boss_relics":[],"items_purged_floors":[],"is_endless":false,"potions_floor_spawned":[1,12],"killed_by":"The Guardian","ascension_level":0}}