{"host":"mconkkfc0dudtfx5","time":1612032475,"event":{"mods":["BaseMod","Marisa£®ÏF”Í°°ƒß¿Ì…≥£©","Minty Spire (QoL Compilation)","Shop Mod","StSLib","The Bug Knight","The Servant 0.9.4"],"gold_per_floor":[110,110,130,130,145,178,178,211,258,258,274,449,113,113,113,244,244,267,267,292,305,305,305,305,305],"floor_reached":24,"language":"ZHS","playtime":1533,"items_purged":["Doubt"],"score":229,"play_id":"31cead24-856b-4535-9d7b-5e13830e6ccc","local_time":"20210131024755","is_ascension_mode":false,"campfire_choices":[{"floor":7,"key":"REST"},{"floor":10,"key":"REST"},{"data":"The Bomb","floor":15,"key":"SMITH"},{"floor":23,"key":"REST"}],"circlet_count":0,"master_deck":["HollowMod:NailStrikeStart","HollowMod:NailStrikeStart","HollowMod:NailStrikeStart","HollowMod:NailStrikeStart","HollowMod:QuickDashStart","HollowMod:QuickDashStart","HollowMod:QuickDashStart","HollowMod:FocusHealStart","HollowMod:PogoStrike","HollowMod:DashSlash","HollowMod:SharpenedNail","HollowMod:ZotesMagnificence","HollowMod:RecoilStrike","The Bomb+1","Regret","HollowMod:SlysStrikes","HollowMod:SoulSplash","HollowMod:CycloneSlash"],"relics":["HollowMod:VesselMask","NeowsBlessing","Golden Idol","Gremlin Horn","Vajra","Strawberry","Pear","Black Star","Toxic Egg 2"],"acts_visited":["Exordium","TheCity"],"potions_floor_usage":[13,21],"damage_taken":[{"damage":0,"enemies":"2 Louse","floor":1,"turns":1},{"damage":0,"enemies":"Jaw Worm","floor":3,"turns":1},{"damage":0,"enemies":"Cultist","floor":5,"turns":1},{"damage":56,"enemies":"Gremlin Nob","floor":6,"turns":6},{"damage":32,"enemies":"3 Sentries","floor":8,"turns":8},{"damage":0,"enemies":"3 Louse","floor":11,"turns":2},{"damage":6,"enemies":"Slime Boss","floor":16,"turns":5},{"damage":24,"enemies":"Spheric Guardian","floor":18,"turns":5},{"damage":33,"enemies":"HollowMod:HuskSentry","floor":20,"turns":4},{"damage":46,"enemies":"3 Cultists","floor":21,"turns":6},{"damage":38,"enemies":"Chosen and Byrds","floor":24,"turns":4}],"seed_played":"2866846858132496973","potions_obtained":[{"floor":1,"key":"SpeedPotion"},{"floor":6,"key":"LiquidBronze"},{"floor":16,"key":"AttackPotion"},{"floor":20,"key":"SneckoOil"}],"is_trial":false,"path_per_floor":["M","?","M","?","M","E","R","E","T","R","M","?","$","?","R","B",null,"M","?","M","M","T","R","M"],"character_chosen":"THE_BUGKNIGHT","items_purchased":["The Bomb","Fruit Juice"],"campfire_rested":3,"item_purchase_floors":[13,13],"current_hp_per_floor":[75,75,75,75,75,19,41,19,26,50,56,56,61,71,71,71,97,79,79,46,10,10,39,7,7],"gold":305,"neow_bonus":"THREE_ENEMY_KILL","is_daily":false,"chose_seed":false,"campfire_upgraded":1,"win_rate":0.0,"timestamp":1612032475,"path_taken":["M","?","M","?","M","E","R","E","T","R","?","?","$","?","R","BOSS","M","?","M","?","?","R","M"],"items_purchased_type":["Card","Potion"],"build_version":"2020-12-22","purchased_purges":1,"victory":false,"max_hp_per_floor":[75,75,75,75,75,75,75,75,82,82,82,82,87,97,97,97,97,97,97,97,97,97,97,97,97],"card_choices":[{"not_picked":["HollowMod:MonarchWings","HollowMod:LifebloodCocoon","HollowMod:InfectedCysts"],"picked":"SKIP","floor":1},{"not_picked":["HollowMod:DescendingDark","HollowMod:GoodIntentions"],"picked":"HollowMod:DashSlash","floor":3},{"not_picked":["HollowMod:NewJinnsSoul","HollowMod:DreamGate"],"picked":"HollowMod:SharpenedNail","floor":5},{"not_picked":["HollowMod:NewLittleFool","HollowMod:CornifersMapStart","HollowMod:SiblingsSouls"],"picked":"SKIP","floor":6},{"not_picked":["HollowMod:ElderbugsWisdom","HollowMod:DoubleDash"],"picked":"HollowMod:ZotesMagnificence","floor":8},{"not_picked":["HollowMod:TaintedHusks","HollowMod:InfectedAttack"],"picked":"HollowMod:RecoilStrike","floor":11},{"not_picked":["HollowMod:NewInfectedGuardian","HollowMod:ZotesMagnificence"],"picked":"HollowMod:SlysStrikes","floor":16},{"not_picked":["HollowMod:PureNailStrike","HollowMod:SiblingsShadow"],"picked":"HollowMod:SoulSplash","floor":18},{"not_picked":["HollowMod:BlackTendrils","HollowMod:MawleksShell","HollowMod:MonarchWings"],"picked":"SKIP","floor":20},{"not_picked":["HollowMod:NewJinnsSoul","HollowMod:InfectedCysts"],"picked":"HollowMod:CycloneSlash","floor":21}],"player_experience":203047,"relics_obtained":[{"floor":6,"key":"Gremlin Horn"},{"floor":8,"key":"Vajra"},{"floor":9,"key":"Strawberry"},{"floor":22,"key":"Toxic Egg 2"}],"event_choices":[{"damage_healed":0,"gold_gain":0,"player_choice":"Take Wound","damage_taken":0,"relics_obtained":["Golden Idol"],"max_hp_gain":0,"max_hp_loss":0,"event_name":"Golden Idol","floor":2,"gold_loss":0,"cards_obtained":["Injury"]},{"cards_removed":["HollowMod:QuickDashStart"],"damage_healed":0,"gold_gain":0,"player_choice":"Purged","damage_taken":0,"max_hp_gain":0,"max_hp_loss":0,"event_name":"Purifier","floor":4,"gold_loss":0},{"damage_healed":0,"gold_gain":175,"player_choice":"AGREE","damage_taken":0,"max_hp_gain":0,"max_hp_loss":0,"event_name":"Liars Game","floor":12,"gold_loss":0,"cards_obtained":["Doubt"]},{"damage_healed":0,"gold_gain":0,"player_choice":"Box","damage_taken":0,"relics_obtained":["Pear"],"max_hp_gain":0,"max_hp_loss":0,"event_name":"Big Fish","floor":14,"gold_loss":0,"cards_obtained":["Regret"]},{"cards_removed":["Injury"],"damage_healed":0,"gold_gain":0,"player_choice":"Purged","damage_taken":0,"max_hp_gain":0,"max_hp_loss":0,"event_name":"Purifier","floor":19,"gold_loss":0}],"is_beta":false,"boss_relics":[{"not_picked":["Runic Dome","Ectoplasm"],"picked":"Black Star"}],"items_purged_floors":[13],"is_endless":false,"potions_floor_spawned":[1,6,16,20],"killed_by":"Chosen and Byrds","ascension_level":0}}