{"host":"v711dtdb46xe9u7l","time":1612005372,"event":{"mods":["BaseMod","Highlight Path","Minty Spire (QoL Compilation)","Quick Restart","StSLib"],"gold_per_floor":[109,125,125,137,152,179,179,179,204,204,204],"floor_reached":10,"language":"ENG","playtime":417,"items_purged":[],"score":105,"play_id":"1a57735c-6966-43fa-a419-1367d20b7711","local_time":"20210130111612","is_ascension_mode":true,"campfire_choices":[{"data":"Flex","floor":7,"key":"SMITH"}],"circlet_count":0,"master_deck":["AscendersBane","Strike_R","Strike_R","Strike_R","Strike_R","Strike_R","Defend_R","Defend_R","Defend_R","Defend_R","Bash","Flex+1","Sword Boomerang","Evolve","Flame Barrier","Double Tap"],"relics":["Burning Blood","NeowsBlessing","Strawberry","Centennial Puzzle","Omamori"],"acts_visited":["Exordium"],"potions_floor_usage":[6],"damage_taken":[{"damage":0,"enemies":"2 Louse","floor":1,"turns":1},{"damage":0,"enemies":"Jaw Worm","floor":2,"turns":1},{"damage":0,"enemies":"Small Slimes","floor":4,"turns":1},{"damage":33,"enemies":"Red Slaver","floor":5,"turns":5},{"damage":19,"enemies":"Gremlin Nob","floor":6,"turns":4},{"damage":43,"enemies":"3 Sentries","floor":10,"turns":10}],"seed_played":"-2936434956262235247","potions_obtained":[{"floor":2,"key":"Fire Potion"}],"is_trial":false,"path_per_floor":["M","M","?","M","M","E","R","?","T","E"],"character_chosen":"IRONCLAD","items_purchased":[],"campfire_rested":0,"item_purchase_floors":[],"current_hp_per_floor":[78,80,87,87,60,47,47,40,40,0,0],"gold":204,"neow_bonus":"THREE_ENEMY_KILL","is_daily":false,"chose_seed":false,"campfire_upgraded":1,"win_rate":0.0,"timestamp":1612005372,"path_taken":["M","M","?","M","M","E","R","?","T","E"],"items_purchased_type":[],"build_version":"2020-12-22","purchased_purges":0,"victory":false,"max_hp_per_floor":[80,80,87,87,87,87,87,87,87,87,87],"card_choices":[{"not_picked":["Sever Soul","Anger"],"picked":"Flex","floor":1},{"not_picked":["Heavy Blade","Infernal Blade"],"picked":"Sword Boomerang","floor":2},{"not_picked":["Flex","Havoc"],"picked":"Evolve","floor":4},{"not_picked":["Pummel","Whirlwind"],"picked":"Flame Barrier","floor":5},{"not_picked":["Fire Breathing","Dual Wield"],"picked":"Double Tap","floor":6}],"player_experience":416026,"relics_obtained":[{"floor":6,"key":"Centennial Puzzle"},{"floor":9,"key":"Omamori"}],"event_choices":[{"damage_healed":0,"gold_gain":0,"player_choice":"Box","damage_taken":0,"relics_obtained":["Strawberry"],"max_hp_gain":0,"max_hp_loss":0,"event_name":"Big Fish","floor":3,"gold_loss":0,"cards_obtained":["Regret"]},{"cards_removed":["Regret"],"damage_healed":0,"gold_gain":0,"player_choice":"Card Removal","damage_taken":7,"max_hp_gain":0,"max_hp_loss":0,"event_name":"Golden Wing","floor":8,"gold_loss":0}],"is_beta":false,"boss_relics":[],"items_purged_floors":[],"is_endless":false,"potions_floor_spawned":[2],"killed_by":"3 Sentries","ascension_level":11}}