{"host":"7f01flv6y0vhl3vt","time":1612050311,"event":{"mods":["Act Like it!","BaseMod","Downfall","Minty Spire (QoL Compilation)","StSLib"],"gold_per_floor":[99,119,132,142,162,178,178,178,78,95,5,5,5,5],"floor_reached":12,"language":"ENG","playtime":832,"items_purged":["Slimebound:Defend_Slimebound"],"score":97,"play_id":"51dc3bdd-8d4d-468b-ba03-85716fb7e1c8","local_time":"20210130184511","is_ascension_mode":false,"campfire_choices":[{"floor":1,"key":"RECALL"},{"floor":9,"key":"REST"}],"circlet_count":0,"master_deck":["Slimebound:Strike_Slimebound","Slimebound:Strike_Slimebound","Slimebound:Strike_Slimebound","Slimebound:Tackle","Slimebound:Defend_Slimebound","Slimebound:Defend_Slimebound","Slimebound:Defend_Slimebound","Slimebound:Split","Slimebound:CorrosiveSpit","Slimebound:SlimeSpikes","Slimebound:FinishingTackle","Slimebound:ViciousTackle","Slimebound:SlimeBarrage","Slimebound:SlimeSlap+1","Slimebound:SelfFormingGoo","Slimebound:Equalize"],"relics":["Slimebound:AbsorbEndCombat","downfall:HeartBlessingBlue"],"acts_visited":["Exordium"],"potions_floor_usage":[6,10,12],"damage_taken":[{"damage":11,"enemies":"Jaw Worm","floor":2,"turns":3},{"damage":4,"enemies":"Cultist","floor":3,"turns":4},{"damage":7,"enemies":"2 Louse","floor":4,"turns":2},{"damage":29,"enemies":"Lots of Slimes","floor":5,"turns":4},{"damage":17,"enemies":"3 Louse","floor":6,"turns":3},{"damage":15,"enemies":"2 Fungi Beasts","floor":10,"turns":3},{"damage":9,"enemies":"downfall:FleeingMerchant","floor":11,"turns":4},{"damage":53,"enemies":"3 Sentries","floor":12,"turns":4}],"seed_played":"-7705252374387751738","potions_obtained":[{"floor":3,"key":"bronze:BurnAndBuffPotion"},{"floor":5,"key":"Slimebound:ThreeZeroPotion"},{"floor":10,"key":"Slimebound:SlimyTonguePotion"}],"is_trial":false,"path_per_floor":["R","M","M","M","M","M","T","?","R","M","$","E"],"character_chosen":"SLIMEBOUND","items_purchased":[],"campfire_rested":1,"item_purchase_floors":[],"current_hp_per_floor":[71,62,64,59,34,19,19,19,53,46,41,0,0,0],"gold":5,"neow_bonus":"TEN_PERCENT_HP_BONUS","is_daily":false,"chose_seed":false,"campfire_upgraded":0,"win_rate":0.0,"timestamp":1612050311,"path_taken":["R","M","M","M","M","M","T","?","R","M","?","E"],"items_purchased_type":[],"build_version":"2020-12-22","purchased_purges":1,"victory":false,"max_hp_per_floor":[71,71,71,71,71,71,71,71,81,81,81,81,81,81],"card_choices":[{"not_picked":["Slimebound:FinishingTackle","Slimebound:LivingWall"],"picked":"Slimebound:SlimeSpikes","floor":2},{"not_picked":["Slimebound:Prepare","Slimebound:ItLooksTasty"],"picked":"Slimebound:FinishingTackle","floor":3},{"not_picked":["Slimebound:SplitMire","Slimebound:LeechingTouch"],"picked":"Slimebound:ViciousTackle","floor":4},{"not_picked":["Slimebound:LivingWall","Slimebound:RollThrough"],"picked":"Slimebound:SlimeBarrage","floor":5},{"not_picked":["Slimebound:SplitBruiser","Slimebound:LivingWall"],"picked":"Slimebound:SlimeSlap","floor":6},{"not_picked":["Slimebound:SplitBruiser","Slimebound:LeechingTouch"],"picked":"Slimebound:SelfFormingGoo","floor":10},{"not_picked":["Slimebound:SplitAcid","Slimebound:GrowthPunch"],"picked":"Slimebound:Equalize","floor":11}],"player_experience":1527087,"relics_obtained":[],"event_choices":[],"is_beta":false,"boss_relics":[],"items_purged_floors":[11],"is_endless":false,"potions_floor_spawned":[3,5,10],"killed_by":"3 Sentries","ascension_level":0}}