{"host":"928gv66myv2vlnsd","time":1612044058,"event":{"mods":["BaseMod","Minty Spire (QoL Compilation)","StSLib"],"gold_per_floor":[360,4,18,18,28,28,28,42,42,192,225,225,32,67,67,139,139,151,151,167,180,180,180,180,180,180,211,211,239,259,290,290,362,362,381,381,341,50,68,102,128,154,154,173,184,24,54,4,4,4,4,4,4,34,34],"floor_reached":56,"language":"ENG","playtime":3302,"items_purged":["Doubt","Strike_G","Strike_G"],"score":2287,"play_id":"e8641fab-ac2f-4861-b5ba-144bd8187905","local_time":"20210130170058","is_ascension_mode":true,"campfire_choices":[{"data":"Apotheosis","floor":6,"key":"SMITH"},{"floor":15,"key":"REST"},{"data":"Footwork","floor":24,"key":"SMITH"},{"floor":28,"key":"REST"},{"floor":32,"key":"REST"},{"floor":49,"key":"RECALL"},{"floor":52,"key":"REST"}],"circlet_count":0,"master_deck":["AscendersBane","Strike_G","Defend_G","Defend_G","Defend_G","Defend_G","Defend_G","Survivor","Neutralize","Leg Sweep","Apotheosis+1","Deadly Poison","Crippling Poison","Prepared","Night Terror","Deadly Poison","Footwork+1","Burst","Distraction","Backflip","Blur","Crippling Poison+1","Wraith Form v2","Well Laid Plans","Deadly Poison+1","Catalyst","Wraith Form v2+1"],"relics":["Ring of the Snake","TwistedFunnel","Smiling Mask","Paper Crane","Letter Opener","Bag of Preparation","HoveringKite","CultistMask","WingedGreaves","Lantern","Matryoshka","Ginger","Fusion Hammer","ClockworkSouvenir","Frozen Egg 2","Gambling Chip","Omamori","Pen Nib","DollysMirror","Dream Catcher","CaptainsWheel"],"acts_visited":["Exordium","TheCity","TheBeyond","TheEnding"],"potions_floor_usage":[14,14,23,30,35,50],"damage_taken":[{"damage":9,"enemies":"Cultist","floor":1,"turns":6},{"damage":0,"enemies":"Jaw Worm","floor":3,"turns":9},{"damage":0,"enemies":"2 Louse","floor":5,"turns":3},{"damage":0,"enemies":"2 Fungi Beasts","floor":8,"turns":3},{"damage":7,"enemies":"3 Sentries","floor":11,"turns":10},{"damage":18,"enemies":"Gremlin Nob","floor":14,"turns":4},{"damage":16,"enemies":"Slime Boss","floor":16,"turns":10},{"damage":0,"enemies":"Shell Parasite","floor":18,"turns":6},{"damage":0,"enemies":"3 Byrds","floor":20,"turns":3},{"damage":0,"enemies":"Centurion and Healer","floor":21,"turns":6},{"damage":0,"enemies":"Gremlin Leader","floor":23,"turns":1},{"damage":0,"enemies":"Book of Stabbing","floor":27,"turns":10},{"damage":16,"enemies":"Gremlin Leader","floor":29,"turns":7},{"damage":0,"enemies":"Shelled Parasite and Fungi","floor":30,"turns":5},{"damage":17,"enemies":"Slavers","floor":31,"turns":6},{"damage":20,"enemies":"Automaton","floor":33,"turns":15},{"damage":0,"enemies":"Orb Walker","floor":35,"turns":5},{"damage":4,"enemies":"3 Darklings","floor":39,"turns":5},{"damage":5,"enemies":"Reptomancer","floor":40,"turns":5},{"damage":12,"enemies":"Nemesis","floor":41,"turns":7},{"damage":1,"enemies":"Reptomancer","floor":42,"turns":5},{"damage":1,"enemies":"Sphere and 2 Shapes","floor":44,"turns":6},{"damage":1,"enemies":"Writhing Mass","floor":45,"turns":6},{"damage":7,"enemies":"Nemesis","floor":47,"turns":9},{"damage":17,"enemies":"Time Eater","floor":50,"turns":7},{"damage":1,"enemies":"Shield and Spear","floor":54,"turns":10},{"damage":53,"enemies":"The Heart","floor":55,"turns":15}],"seed_played":"8955933571572728351","potions_obtained":[{"floor":3,"key":"SneckoOil"},{"floor":8,"key":"Strength Potion"},{"floor":11,"key":"BlessingOfTheForge"},{"floor":21,"key":"SmokeBomb"},{"floor":29,"key":"DistilledChaos"},{"floor":31,"key":"Poison Potion"},{"floor":33,"key":"Fruit Juice"},{"floor":35,"key":"CunningPotion"},{"floor":37,"key":"DistilledChaos"}],"is_trial":false,"path_per_floor":["M","$","M","$","M","R","?","M","T","?","E","?","$","E","R","B",null,"M","?","M","M","?","E","R","?","T","E","R","E","M","E","R","B",null,"M","?","?","$","M","E","E","E","T","M","M","$","E","$","R","B",null,"R","$","E","B",null],"character_chosen":"THE_SILENT","items_purchased":["Apotheosis","TwistedFunnel","Deadly Poison","Footwork","Well Laid Plans","ClockworkSouvenir","DollysMirror"],"campfire_rested":4,"item_purchase_floors":[2,2,13,13,38,38,46],"current_hp_per_floor":[35,35,35,35,35,35,40,40,40,40,33,22,22,4,25,9,56,56,56,56,56,56,56,56,56,56,56,71,55,55,38,59,39,63,68,68,68,68,64,59,47,46,46,45,44,44,37,37,37,20,62,76,76,75,22],"gold":34,"neow_bonus":"TWO_FIFTY_GOLD","is_daily":false,"chose_seed":false,"campfire_upgraded":2,"win_rate":0.0,"timestamp":1612044058,"path_taken":["M","$","M","?","M","R","?","M","T","?","E","?","$","E","R","BOSS","M","?","M","?","?","E","R","?","T","E","R","E","?","E","R","BOSS","M","?","?","$","M","E","E","E","T","?","M","$","E","$","R","BOSS","R","$","E","BOSS"],"items_purchased_type":["Card","Relic","Card","Card","Card","Relic","Relic"],"build_version":"2020-12-22","purchased_purges":3,"victory":true,"max_hp_per_floor":[66,66,66,66,66,66,71,71,71,71,71,71,71,71,71,71,71,71,71,71,71,71,71,71,71,71,71,71,71,71,71,71,71,71,76,76,76,76,76,76,76,76,76,76,76,76,76,76,76,76,76,76,76,76,76],"card_choices":[{"not_picked":["Dodge and Roll","Flechettes"],"picked":"Leg Sweep","floor":1},{"not_picked":["Dagger Spray","Deflect"],"picked":"Deadly Poison","floor":3},{"not_picked":["Acrobatics","Quick Slash"],"picked":"Crippling Poison","floor":5},{"not_picked":["Poisoned Stab","Leg Sweep"],"picked":"Prepared","floor":8},{"not_picked":["Dagger Spray","Outmaneuver"],"picked":"Night Terror","floor":11},{"not_picked":["All Out Attack","Bane","Eviscerate"],"picked":"SKIP","floor":14},{"not_picked":["Malaise","Glass Knife"],"picked":"Burst","floor":16},{"not_picked":["Quick Slash","Dagger Throw","Dash"],"picked":"SKIP","floor":18},{"not_picked":["Accuracy","Masterful Stab","Dash"],"picked":"SKIP","floor":20},{"not_picked":["Concentrate","PiercingWail"],"picked":"Backflip","floor":21},{"not_picked":["Slice","Heel Hook","Masterful Stab"],"picked":"SKIP","floor":27},{"not_picked":["Reflex+1","Dagger Spray"],"picked":"Blur","floor":29},{"not_picked":["Escape Plan","Deflect","Finisher"],"picked":"SKIP","floor":30},{"not_picked":["Flechettes","Dagger Throw"],"picked":"Crippling Poison+1","floor":31},{"not_picked":["Tools of the Trade","Phantasmal Killer"],"picked":"Wraith Form v2","floor":33},{"not_picked":["Blade Dance+1","Dagger Spray+1","Skewer"],"picked":"SKIP","floor":35},{"not_picked":["Blade Dance+1","Dagger Spray+1","Skewer"],"picked":"SKIP","floor":35},{"not_picked":["Bane+1","Backflip+1"],"picked":"Deadly Poison+1","floor":39},{"not_picked":["Leg Sweep+1","Accuracy+1","Unload"],"picked":"SKIP","floor":40},{"not_picked":["Prepared+1","Eviscerate"],"picked":"Catalyst","floor":41},{"not_picked":["Escape Plan","Bane+1","Concentrate"],"picked":"SKIP","floor":42},{"not_picked":["Blur","Dagger Throw","Poisoned Stab"],"picked":"SKIP","floor":44},{"not_picked":["Sucker Punch+1","Footwork+1","Prepared"],"picked":"SKIP","floor":45},{"not_picked":["Reflex","Malaise","Dodge and Roll"],"picked":"SKIP","floor":47},{"not_picked":["Dodge and Roll+1","Sucker Punch","Underhanded Strike+1"],"picked":"SKIP","floor":54}],"player_experience":1395962,"relics_obtained":[{"floor":9,"key":"Smiling Mask"},{"floor":11,"key":"Paper Crane"},{"floor":14,"key":"Bag of Preparation"},{"floor":26,"key":"WingedGreaves"},{"floor":27,"key":"Lantern"},{"floor":29,"key":"Matryoshka"},{"floor":31,"key":"Ginger"},{"floor":40,"key":"Frozen Egg 2"},{"floor":41,"key":"Gambling Chip"},{"floor":42,"key":"Omamori"},{"floor":43,"key":"Pen Nib"},{"floor":47,"key":"Dream Catcher"},{"floor":54,"key":"CaptainsWheel"}],"event_choices":[{"damage_healed":0,"gold_gain":0,"player_choice":"Donut","damage_taken":0,"max_hp_gain":5,"max_hp_loss":0,"event_name":"Big Fish","floor":7,"gold_loss":0},{"damage_healed":0,"gold_gain":150,"player_choice":"AGREE","damage_taken":0,"max_hp_gain":0,"max_hp_loss":0,"event_name":"Liars Game","floor":10,"gold_loss":0,"cards_obtained":["Doubt"]},{"damage_healed":0,"gold_gain":0,"player_choice":"Success","damage_taken":11,"relics_obtained":["Letter Opener"],"max_hp_gain":0,"max_hp_loss":0,"event_name":"Scrap Ooze","floor":12,"gold_loss":0},{"damage_healed":0,"gold_gain":0,"cards_transformed":["Strike_G"],"player_choice":"Transformed","damage_taken":0,"max_hp_gain":0,"max_hp_loss":0,"event_name":"Transmorgrifier","floor":19,"gold_loss":0,"cards_obtained":["Distraction"]},{"damage_healed":0,"gold_gain":0,"player_choice":"Ignored","damage_taken":0,"max_hp_gain":0,"max_hp_loss":0,"event_name":"Ghosts","floor":22,"gold_loss":0},{"damage_healed":0,"gold_gain":0,"player_choice":"Trade","damage_taken":0,"relics_obtained":["CultistMask"],"max_hp_gain":0,"max_hp_loss":0,"event_name":"FaceTrader","floor":25,"gold_loss":0},{"cards_removed":["Strike_G"],"damage_healed":0,"gold_gain":0,"player_choice":"Removed Attack","damage_taken":0,"max_hp_gain":0,"max_hp_loss":0,"event_name":"Falling","floor":36,"gold_loss":0},{"damage_healed":0,"gold_gain":0,"player_choice":"Bought 3 Potions","damage_taken":0,"max_hp_gain":0,"max_hp_loss":0,"event_name":"The Woman in Blue","floor":37,"gold_loss":0}],"is_beta":false,"boss_relics":[{"not_picked":["Runic Dome","Tiny House"],"picked":"HoveringKite"},{"not_picked":["Sozu","Ring of the Serpent"],"picked":"Fusion Hammer"}],"items_purged_floors":[13,38,48],"is_endless":false,"potions_floor_spawned":[3,8,11,21,29,31,33,35,39,42,44,47],"ascension_level":17}}