{"host":"9pzo5t48s7fh60fw","time":1612039586,"event":{"mods":["AchievementEnabler","Aspiration","Bard","BaseMod","Beaked The Cultist","Better Altar","Better Match","Better Note","Better Sensory Stone","Better Skull","Better Third Choice","BetterRewards","CCEM2","Clawfect","Colored Map","Conspire","Downfall","GifTheSpireLib","Halation","Hermit","Highlight Path","Hubris","Hunter ??","Infinite Spire","Jedi Mod","Jorbs\u0027s Wanderer Trilogy","Mad Scientist","Marisa????????","Mimic Mod","Minty Spire (QoL Compilation)","Permanent Neow","Replay The Spire","Shade Mod","Shop Mod","Spicy Shops","StSLib","Stuff the Spire","The Administrix","The Blackbeard","The Bug Knight","The Construct","The Cursed","The Disciple","The Gatherer","The Hierophant","The Jungle","The Mystic","The Necromancer","The Problem Sleuth","The Runesmith","The Servant 0.9.4","The Spell Scribe","The Witch","Unceasing Turn Reminder"],"gold_per_floor":[109,22,36,69,69,69,129,129,129,129,167,167,167],"floor_reached":12,"language":"ENG","playtime":779,"items_purged":[],"score":66,"play_id":"6db2b1d9-cd3e-4c14-9336-1f9c512cf51a","local_time":"20210130214626","is_ascension_mode":false,"campfire_choices":[{"data":"DC","floor":6,"key":"SMITH"},{"floor":10,"key":"REST"}],"circlet_count":0,"master_deck":["Strike_MRS","Strike_MRS","Strike_MRS","Strike_MRS","Defend_MRS","Defend_MRS","Defend_MRS","Defend_MRS","MasterSpark","UpSweep","TreasureHunter","DC+1","WitchOfGreed","AsteroidBelt+1","MilkyWay","MillisecondPulsars","MagicChant","StarBarrage"],"relics":["MiniHakkero","HollowMod:PaleOreRelic","Juzu Bracelet"],"acts_visited":["Exordium"],"potions_floor_usage":[],"damage_taken":[{"damage":12,"enemies":"conspire:RoseBush","floor":1,"turns":2},{"damage":6,"enemies":"2 Louse","floor":3,"turns":2},{"damage":0,"enemies":"Jaw Worm","floor":4,"turns":4},{"damage":27,"enemies":"3 Sentries","floor":7,"turns":7},{"damage":9,"enemies":"Exordium Wildlife","floor":11,"turns":6},{"damage":48,"enemies":"Gremlin Nob","floor":12,"turns":4}],"seed_played":"6086533184619345915","potions_obtained":[{"floor":1,"key":"Guardian:BlockOnCardUsePotion"},{"floor":4,"key":"Strength Potion"}],"is_trial":false,"path_per_floor":["M","$","M","M","?","R","?","PTL","PTL","R","MIM","E"],"character_chosen":"MARISA","items_purchased":["WitchOfGreed","AsteroidBelt+1"],"campfire_rested":1,"item_purchase_floors":[2,2],"current_hp_per_floor":[63,63,57,57,57,57,30,30,30,52,43,0,0],"gold":167,"neow_bonus":"ONE_RANDOM_RARE_CARD","is_daily":false,"chose_seed":false,"campfire_upgraded":1,"win_rate":0.0,"timestamp":1612039586,"path_taken":["M","$","M","M","?","R","?","PTL","PTL","R","MIM","E"],"items_purchased_type":["Card","Card"],"build_version":"2020-12-22","purchased_purges":0,"victory":false,"max_hp_per_floor":[75,75,75,75,75,75,75,75,75,75,75,75,75],"card_choices":[{"not_picked":["MysteriousBeam","EnergyRecoil"],"picked":"DC","floor":1},{"not_picked":["ShootTheMoon","6A"],"picked":"MilkyWay","floor":3},{"not_picked":["Singularity","DeepEcoloBomb"],"picked":"MillisecondPulsars","floor":4},{"not_picked":["MilkyWay","ShootingEcho"],"picked":"MagicChant","floor":7},{"not_picked":["GalacticHalo","OortCloud"],"picked":"StarBarrage","floor":11}],"player_experience":15012,"relics_obtained":[{"floor":11,"key":"Juzu Bracelet"}],"event_choices":[{"damage_healed":0,"gold_gain":0,"player_choice":"Searched \u00272\u0027 times","damage_taken":0,"relics_obtained":["HollowMod:PaleOreRelic"],"max_hp_gain":0,"max_hp_loss":0,"event_name":"Dead Adventurer","floor":7,"gold_loss":0}],"is_beta":false,"boss_relics":[],"items_purged_floors":[],"is_endless":false,"potions_floor_spawned":[1],"killed_by":"Gremlin Nob","ascension_level":0}}