{"host":"sav7uxregyirlf69","time":1612023500,"event":{"mods":["AchievementEnabler","BaseMod","Colored Map","DeckTracker","Keyboard Shortcuts","Minty Spire (QoL Compilation)","READ ME - Guardian Mod","StSLib","SuperFastMode"],"gold_per_floor":[111,42,60,60,76,76,76,109,109,109,124,137,62,94,94,166,166,183,201,251,270,297,297,328,328,328,348,348,377,377,410,410,483,483,499,509,509,525,535,569,569,598,598,617,630,643,653,673,673,673,673,673,5,39,39],"floor_reached":56,"language":"KOR","playtime":1224,"items_purged":["Strike_B","Defend_B"],"score":2086,"play_id":"c94c9e31-d263-4caf-b5a1-19677105df07","local_time":"20210131011820","is_ascension_mode":true,"campfire_choices":[{"data":"Sunder","floor":6,"key":"SMITH"},{"data":"Beam Cell","floor":10,"key":"SMITH"},{"data":"Go for the Eyes","floor":15,"key":"SMITH"},{"data":"Dualcast","floor":23,"key":"SMITH"},{"floor":25,"key":"REST"},{"floor":32,"key":"REST"},{"data":"Coolheaded","floor":41,"key":"SMITH"},{"floor":49,"key":"RECALL"},{"data":"Echo Form","floor":52,"key":"SMITH"}],"circlet_count":0,"master_deck":["AscendersBane","Defend_B","Defend_B","Defend_B","Zap","Dualcast+1","Compile Driver","Sunder+1","Sweeping Beam","Ball Lightning","Beam Cell+1","Conserve Battery","Go for the Eyes+1","Chill","Echo Form+1","Compile Driver+1","BootSequence+1","Loop+1","Coolheaded+1","Electrodynamics+1","Sunder+1","Consume+1","Aggregate+1","Stack","Cold Snap+1","Buffer+1","Defragment+1","Leap+1","Storm+1","Hologram","Static Discharge+1","Force Field+1","Stack+1","Heatsinks+1","White Noise","Stack","Jack Of All Trades","Creative AI+1"],"relics":["Cracked Core","PreservedInsect","Pantograph","Pear","Tiny Chest","Symbiotic Virus","Letter Opener","Nuclear Battery","Happy Flower","DataDisk","Mummified Hand","Frozen Egg 2","Shuriken","Astrolabe","Eternal Feather","Juzu Bracelet","Akabeko","Membership Card","Turnip","Ornamental Fan","Torii"],"acts_visited":["Exordium","TheCity","TheBeyond","TheEnding"],"potions_floor_usage":[12,16,48,50,55,55],"damage_taken":[{"damage":1,"enemies":"Cultist","floor":1,"turns":4},{"damage":2,"enemies":"Jaw Worm","floor":3,"turns":3},{"damage":0,"enemies":"Small Slimes","floor":5,"turns":2},{"damage":10,"enemies":"3 Sentries","floor":8,"turns":3},{"damage":9,"enemies":"Red Slaver","floor":11,"turns":2},{"damage":0,"enemies":"Gremlin Gang","floor":12,"turns":3},{"damage":20,"enemies":"Lagavulin","floor":14,"turns":5},{"damage":21,"enemies":"Hexaghost","floor":16,"turns":7},{"damage":0,"enemies":"Spheric Guardian","floor":18,"turns":3},{"damage":15,"enemies":"Shell Parasite","floor":19,"turns":4},{"damage":7,"enemies":"Chosen and Byrds","floor":21,"turns":4},{"damage":14,"enemies":"Book of Stabbing","floor":24,"turns":3},{"damage":8,"enemies":"Snake Plant","floor":27,"turns":2},{"damage":0,"enemies":"Gremlin Leader","floor":29,"turns":5},{"damage":18,"enemies":"Book of Stabbing","floor":31,"turns":3},{"damage":34,"enemies":"Champ","floor":33,"turns":7},{"damage":3,"enemies":"Orb Walker","floor":35,"turns":2},{"damage":4,"enemies":"3 Darklings","floor":36,"turns":3},{"damage":0,"enemies":"Jaw Worm Horde","floor":38,"turns":2},{"damage":6,"enemies":"Writhing Mass","floor":39,"turns":5},{"damage":3,"enemies":"Giant Head","floor":40,"turns":8},{"damage":0,"enemies":"Reptomancer","floor":42,"turns":4},{"damage":0,"enemies":"Sphere and 2 Shapes","floor":44,"turns":3},{"damage":0,"enemies":"Jaw Worm Horde","floor":45,"turns":3},{"damage":13,"enemies":"3 Darklings","floor":46,"turns":2},{"damage":18,"enemies":"Spire Growth","floor":47,"turns":5},{"damage":0,"enemies":"Maw","floor":48,"turns":4},{"damage":25,"enemies":"Donu and Deca","floor":50,"turns":6},{"damage":70,"enemies":"Shield and Spear","floor":54,"turns":4},{"damage":25,"enemies":"The Heart","floor":55,"turns":7}],"seed_played":"-1390048141523690609","potions_obtained":[{"floor":1,"key":"Fire Potion"},{"floor":8,"key":"Explosive Potion"},{"floor":12,"key":"PowerPotion"},{"floor":24,"key":"SneckoOil"},{"floor":27,"key":"SpeedPotion"},{"floor":29,"key":"Energy Potion"},{"floor":44,"key":"Swift Potion"},{"floor":47,"key":"Block Potion"}],"is_trial":false,"path_per_floor":["M","$","M","?","M","R","?","E","T","R","M","M","$","E","R","B",null,"M","M","?","M","T","R","E","R","T","M","?","E","?","E","R","B",null,"M","M","T","M","M","E","R","E","T","M","M","M","M","M","R","B",null,"R","$","E","B",null],"character_chosen":"DEFECT","items_purchased":["Sunder","Membership Card","Heatsinks+1","White Noise","Turnip","LiquidBronze","BlessingOfTheForge","Stack","Ornamental Fan","Jack Of All Trades"],"campfire_rested":2,"item_purchase_floors":[2,53,53,53,53,53,53,53,53,53],"current_hp_per_floor":[63,63,61,56,56,56,66,56,56,56,47,47,47,27,27,31,69,69,54,54,47,47,47,33,57,57,49,26,26,26,8,33,24,71,68,64,64,64,58,55,70,70,70,70,70,57,39,39,57,57,79,86,86,16,16],"gold":39,"neow_bonus":"RANDOM_COMMON_RELIC","is_daily":false,"chose_seed":false,"campfire_upgraded":6,"win_rate":0.0,"timestamp":1612023500,"path_taken":["M","?","?","?","M","R","?","E","T","R","?","?","$","E","R","BOSS","M","M","?","M","?","R","E","R","T","?","?","E","?","E","R","BOSS","M","M","?","M","M","E","R","E","T","M","M","M","M","M","R","BOSS","R","$","E","BOSS"],"items_purchased_type":["Card","Relic","Card","Card","Relic","Potion","Potion","Card","Relic","Card"],"build_version":"2020-12-22","purchased_purges":2,"victory":true,"max_hp_per_floor":[71,71,71,71,71,71,81,81,81,81,81,81,81,81,81,81,81,81,81,81,81,81,81,81,81,81,81,86,86,86,86,86,86,86,86,86,86,86,86,86,86,86,86,86,86,86,86,86,86,86,86,86,86,86,86],"card_choices":[{"not_picked":["Aggregate","Barrage"],"picked":"Compile Driver","floor":1},{"not_picked":["Coolheaded","Rip and Tear"],"picked":"Sweeping Beam","floor":3},{"not_picked":["Sweeping Beam","Steam Power"],"picked":"Ball Lightning","floor":5},{"not_picked":["White Noise","Double Energy"],"picked":"Beam Cell","floor":8},{"not_picked":["Streamline","Barrage"],"picked":"Conserve Battery","floor":11},{"not_picked":["Barrage","Aggregate"],"picked":"Go for the Eyes","floor":12},{"not_picked":["Multi-Cast","Streamline"],"picked":"Chill","floor":14},{"not_picked":["Seek","Biased Cognition"],"picked":"Echo Form","floor":16},{"not_picked":["Rebound","Reprogram","Steam"],"picked":"SKIP","floor":18},{"not_picked":["Blizzard","Stack"],"picked":"Compile Driver+1","floor":19},{"not_picked":["Auto Shields","Conserve Battery"],"picked":"BootSequence+1","floor":21},{"not_picked":["All For One","Redo","Conserve Battery"],"picked":"SKIP","floor":24},{"not_picked":["Double Energy","Redo","Barrage"],"picked":"SKIP","floor":27},{"not_picked":["Conserve Battery","Go for the Eyes"],"picked":"Loop+1","floor":29},{"not_picked":["Stack","All For One"],"picked":"Coolheaded","floor":31},{"not_picked":["Multi-Cast","Meteor Strike"],"picked":"Electrodynamics+1","floor":33},{"not_picked":["Chill","Ball Lightning"],"picked":"Stack","floor":35},{"not_picked":["Beam Cell","Compile Driver"],"picked":"Cold Snap+1","floor":36},{"not_picked":["Recycle","Cold Snap+1"],"picked":"Buffer+1","floor":38},{"not_picked":["Sweeping Beam+1","Streamline","Rebound+1"],"picked":"SKIP","floor":39},{"not_picked":["Rainbow","Conserve Battery"],"picked":"Defragment+1","floor":40},{"not_picked":["Steam","Reinforced Body+1"],"picked":"Leap+1","floor":42},{"not_picked":["Lockon","Steam"],"picked":"Storm+1","floor":44},{"not_picked":["Darkness","Gash+1"],"picked":"Hologram","floor":45},{"not_picked":["Hologram+1","Lockon"],"picked":"Static Discharge+1","floor":46},{"not_picked":["Cold Snap","Conserve Battery"],"picked":"Force Field+1","floor":47},{"not_picked":["Turbo","Melter"],"picked":"Stack+1","floor":48},{"not_picked":["White Noise+1","Hologram+1"],"picked":"Creative AI+1","floor":54}],"player_experience":1439540,"relics_obtained":[{"floor":7,"key":"Pear"},{"floor":8,"key":"Tiny Chest"},{"floor":9,"key":"Symbiotic Virus"},{"floor":14,"key":"Letter Opener"},{"floor":22,"key":"Happy Flower"},{"floor":24,"key":"DataDisk"},{"floor":26,"key":"Mummified Hand"},{"floor":29,"key":"Frozen Egg 2"},{"floor":31,"key":"Shuriken"},{"floor":37,"key":"Eternal Feather"},{"floor":40,"key":"Juzu Bracelet"},{"floor":42,"key":"Akabeko"},{"floor":54,"key":"Torii"}],"event_choices":[{"damage_healed":0,"gold_gain":0,"player_choice":"Success","damage_taken":5,"relics_obtained":["Pantograph"],"max_hp_gain":0,"max_hp_loss":0,"event_name":"Scrap Ooze","floor":4,"gold_loss":0},{"damage_healed":0,"gold_gain":0,"player_choice":"Relic","damage_taken":0,"max_hp_gain":0,"max_hp_loss":0,"event_name":"Wheel of Change","floor":7,"gold_loss":0},{"damage_healed":0,"gold_gain":50,"player_choice":"Pray","damage_taken":0,"max_hp_gain":0,"max_hp_loss":0,"event_name":"Golden Shrine","floor":20,"gold_loss":0},{"damage_healed":0,"gold_gain":0,"player_choice":"Shed Blood","damage_taken":28,"max_hp_gain":5,"max_hp_loss":0,"event_name":"Forgotten Altar","floor":28,"gold_loss":0},{"damage_healed":0,"gold_gain":0,"player_choice":"Ignored","damage_taken":0,"max_hp_gain":0,"max_hp_loss":0,"event_name":"Cursed Tome","floor":30,"gold_loss":0}],"is_beta":false,"boss_relics":[{"not_picked":["SlaversCollar","Calling Bell"],"picked":"Nuclear Battery"},{"not_picked":["Busted Crown","SacredBark"],"picked":"Astrolabe"}],"items_purged_floors":[13,53],"is_endless":false,"potions_floor_spawned":[1,8,12,14,24,27,29,31,35,36,44,47],"ascension_level":15}}