{"host":"97gqqvl04geh4ia8","time":1612004664,"event":{"mods":["BaseMod","Curses Come First","Downfall","Minty Spire (QoL Compilation)","Say the Spire","StSLib","The Dragon Tamer","The Servant 0.9.4","UnlockEverythingMod","[IsaacMod]ÒÔÈö¼âËþ","¡¾ÒÅÎï¿¨ÅÆ¡¿REMEMod"],"gold_per_floor":[117,392,403,40,66,66,250,281,305,28,28,48,77,105,105,216,225,254,272,281,281,92,92,92,25,25,25,62,88,88,107,107,220,220,237,237,237,87,115,115,131,131,131,131,151,173,216,234,234,234],"floor_reached":51,"language":"ZHS","playtime":1895,"items_purged":["Regret","Doubt","DTMod:Strike","DTMod:Strike","DTMod:Strike"],"score":895,"play_id":"4c974454-0503-4575-93b7-31c9b8dc988a","local_time":"20210130190424","is_ascension_mode":false,"metric_token":727,"campfire_choices":[{"data":"DTMod:InvisibleFlame","floor":6,"key":"SMITH"},{"data":"Apotheosis","floor":11,"key":"SMITH"},{"data":"DTMod:Dissolve","floor":15,"key":"SMITH"},{"data":"DTMod:ShadowImage","floor":23,"key":"SMITH"},{"data":"DTMod:CrossStep","floor":27,"key":"SMITH"},{"data":"DTMod:DarkBreath","floor":30,"key":"SMITH"},{"data":"DTMod:DragonDance","floor":32,"key":"SMITH"},{"data":"DTMod:SealedStrike","floor":40,"key":"SMITH"},{"data":"DTMod:SealedStrike+1","floor":42,"key":"SMITH"},{"data":"DTMod:SealedStrike+2","floor":44,"key":"SMITH"},{"floor":49,"key":"REST"}],"dtmod_dragon_data":[16,50,1,-1,8,0],"circlet_count":0,"master_deck":["DTMod:DoubleHit","DTMod:TargetDefense","DTMod:TargetDefense+1","DTMod:TargetDefense","DTMod:TargetDefense+1","DTMod:SwitchingTactic","hexamod:GiftsFromTheDead","DTMod:CleansingStrike","DTMod:InvisibleFlame+1","Apotheosis+1","DTMod:Dissolve+1","DTMod:ShadowImage+1","DTMod:DragonDance+1","DTMod:Feint","Writhe","DTMod:DarkBreath+1","DTMod:CrossStep+1","DTMod:FlameSlash+1","DTMod:BalancedStrike","DTMod:SealedStrike+3","DTMod:BurningEnergy","DTMod:Weaken+1","Parasite","DTMod:ShadowImage"],"relics":["HushsDoor","REME_ComplimentaryCards","TheBible","MagicMushroom","DTMod:TacticalNote","CeramicFish","BookOfRevelations","War Paint","bronze:MakeshiftBattery","SatanicBible","DTMod:AncientBone","MutagenicStrength","Happy Flower","InkBottle","SlaversCollar","Pear","Regal Pillow"],"acts_visited":["Exordium","TheCity","TheBeyond"],"potions_floor_usage":[16,28,33,50,50],"damage_taken":[{"damage":0,"enemies":"Jaw Worm","floor":1,"turns":4},{"damage":0,"enemies":"Cultist","floor":3,"turns":2},{"damage":0,"enemies":"Gremlin Nob","floor":8,"turns":3},{"damage":0,"enemies":"2 Louse","floor":12,"turns":2},{"damage":0,"enemies":"Large Slime","floor":13,"turns":4},{"damage":14,"enemies":"Blue Slaver","floor":14,"turns":4},{"damage":0,"enemies":"Hexaghost","floor":16,"turns":9},{"damage":4,"enemies":"3 Byrds","floor":18,"turns":4},{"damage":0,"enemies":"Shell Parasite","floor":19,"turns":2},{"damage":0,"enemies":"Gremlin Leader","floor":28,"turns":5},{"damage":0,"enemies":"3 Cultists","floor":29,"turns":3},{"damage":0,"enemies":"Sentry and Sphere","floor":31,"turns":4},{"damage":1,"enemies":"Champ","floor":33,"turns":6},{"damage":0,"enemies":"3 Shapes","floor":35,"turns":3},{"damage":0,"enemies":"Orb Walker","floor":39,"turns":2},{"damage":0,"enemies":"3 Darklings","floor":41,"turns":3},{"damage":0,"enemies":"Spire Growth","floor":45,"turns":3},{"damage":0,"enemies":"Writhing Mass","floor":46,"turns":4},{"damage":0,"enemies":"Reptomancer","floor":47,"turns":4},{"damage":0,"enemies":"Jaw Worm Horde","floor":48,"turns":3},{"damage":0,"enemies":"Time Eater","floor":50,"turns":9}],"seed_played":"7595320941224400427","potions_obtained":[{"floor":1,"key":"PowerPotion"},{"floor":12,"key":"Regen Potion"},{"floor":14,"key":"LiquidBronze"},{"floor":28,"key":"Ancient Potion"},{"floor":31,"key":"Weak Potion"},{"floor":35,"key":"Ancient Potion"},{"floor":46,"key":"SpeedPotion"}],"is_trial":false,"path_per_floor":["M","?","M","$","T","R","?","E","T","$","R","M","M","M","R","B",null,"M","M","?","?","$","R","?","$","T","R","E","M","R","M","R","B",null,"M","?","?","$","M","R","M","R","T","R","M","M","E","M","R","B",null],"character_chosen":"THE_DT","items_purchased":["DTMod:TacticalNote","DTMod:InvisibleFlame","Apotheosis","SatanicBible","DTMod:DragonDance","DTMod:DarkBreath","DTMod:CrossStep"],"campfire_rested":1,"item_purchase_floors":[4,4,10,17,17,22,25],"current_hp_per_floor":[52,52,52,52,52,52,52,52,52,52,52,52,52,38,38,39,35,31,32,32,32,32,32,32,32,32,32,33,34,34,35,35,34,35,35,35,35,35,35,35,35,35,45,45,45,45,45,45,45,45],"gold":234,"neow_bonus":"BOSS_RELIC","is_daily":false,"chose_seed":false,"campfire_upgraded":10,"win_rate":0.0,"timestamp":1612004664,"path_taken":["M","?","M","$","?","R","?","E","T","?","R","?","M","M","R","BOSS","M","M","?","?","?","R","?","$","T","R","E","M","R","M","R","BOSS","M","?","?","$","M","R","M","R","T","R","M","M","E","M","R","BOSS"],"items_purchased_type":["Relic","Card","Card","Relic","Card","Card","Card"],"build_version":"2020-12-22","purchased_purges":5,"victory":true,"max_hp_per_floor":[52,52,52,52,52,52,52,52,52,52,52,52,52,52,52,52,35,35,35,35,35,35,35,35,35,35,35,35,35,35,35,35,35,35,35,35,35,35,35,35,35,35,45,45,45,45,45,45,45,45],"card_choices":[{"not_picked":["DTMod:BlazingStrike","DTMod:BizarreTactic","DTMod:MasterPlan"],"picked":"SKIP","floor":1},{"not_picked":["DTMod:Cover","DTMod:StunTrap"],"picked":"DTMod:CleansingStrike","floor":3},{"not_picked":["DTMod:BlueScale","DTMod:MasterPlan","DTMod:BizarreTactic"],"picked":"SKIP","floor":8},{"not_picked":["DTMod:MagicField","DTMod:Hide","DTMod:ComboAttack"],"picked":"SKIP","floor":12},{"not_picked":["DTMod:BlazingStrike","DTMod:LastStand"],"picked":"Bomb","floor":13},{"not_picked":["DTMod:BalancedStrike","DTMod:Training"],"picked":"DTMod:Dissolve","floor":14},{"not_picked":["DTMod:TriAttack","DTMod:ResonanceForm"],"picked":"DTMod:ShadowImage","floor":16},{"not_picked":["DTMod:MasterPlan","DTMod:Punisher+1"],"picked":"DTMod:Feint","floor":18},{"not_picked":["DTMod:GhostSkin","DTMod:TauntingStrike+1","DTMod:Cover"],"picked":"SKIP","floor":19},{"not_picked":["DTMod:Weaken+1","DTMod:SneakAttack"],"picked":"DTMod:FlameSlash+1","floor":28},{"not_picked":["DTMod:GhostSkin","DTMod:Conduct"],"picked":"DTMod:BalancedStrike","floor":29},{"not_picked":["DTMod:SneakAttack+1","DTMod:Punisher","DTMod:FlameSlash+1"],"picked":"SKIP","floor":31},{"not_picked":["DTMod:HeadStart","DTMod:ExcessFootwork"],"picked":"DTMod:SealedStrike","floor":33},{"not_picked":["DTMod:BurningForce","DTMod:CalculatedDefense+1","DTMod:RunningTactic+1"],"picked":"SKIP","floor":35},{"not_picked":["DTMod:CleansingStrike+1","DTMod:MagicField+1"],"picked":"DTMod:BurningEnergy","floor":39},{"not_picked":["DTMod:DarkBreath","DTMod:StarRain+1","DTMod:Cover"],"picked":"SKIP","floor":41},{"not_picked":["DTMod:RunningTactic+1","DTMod:CleansingStrike"],"picked":"DTMod:Weaken+1","floor":45},{"not_picked":["DTMod:Training","DTMod:Outburst","DTMod:BurningEnergy+1"],"picked":"SKIP","floor":46},{"not_picked":["DTMod:LastStand","DTMod:Threaten+1"],"picked":"DTMod:ShadowImage","floor":47},{"not_picked":["DTMod:ForkedFire+1","DTMod:MasterPlan+1","DTMod:CleansingStrike"],"picked":"SKIP","floor":48}],"player_experience":22266,"relics_obtained":[{"floor":5,"key":"CeramicFish"},{"floor":8,"key":"BookOfRevelations"},{"floor":9,"key":"War Paint"},{"floor":26,"key":"Happy Flower"},{"floor":28,"key":"InkBottle"},{"floor":43,"key":"Pear"},{"floor":47,"key":"Regal Pillow"}],"event_choices":[{"damage_healed":0,"gold_gain":275,"player_choice":"Desecrate","damage_taken":0,"max_hp_gain":0,"max_hp_loss":0,"event_name":"Golden Shrine","floor":2,"gold_loss":0,"cards_obtained":["Regret"]},{"damage_healed":0,"gold_gain":175,"player_choice":"AGREE","damage_taken":0,"max_hp_gain":0,"max_hp_loss":0,"event_name":"Liars Game","floor":7,"gold_loss":0,"cards_obtained":["Doubt"]},{"damage_healed":0,"gold_gain":0,"player_choice":"Opened","damage_taken":0,"relics_obtained":["DTMod:AncientBone"],"max_hp_gain":0,"max_hp_loss":0,"event_name":"The Mausoleum","floor":20,"gold_loss":0,"cards_obtained":["Writhe"]},{"damage_healed":0,"gold_gain":0,"player_choice":"Ignored","damage_taken":0,"max_hp_gain":0,"max_hp_loss":0,"event_name":"Ghosts","floor":21,"gold_loss":0},{"damage_healed":0,"gold_gain":0,"player_choice":"Inject Mutagens","damage_taken":0,"relics_obtained":["MutagenicStrength"],"max_hp_gain":0,"max_hp_loss":0,"event_name":"Drug Dealer","floor":24,"gold_loss":0},{"cards_removed":["DTMod:Strike"],"damage_healed":0,"gold_gain":0,"player_choice":"Purged","damage_taken":0,"max_hp_gain":0,"max_hp_loss":0,"event_name":"Purifier","floor":36,"gold_loss":0},{"damage_healed":0,"gold_gain":0,"player_choice":"Ignored","damage_taken":0,"max_hp_gain":0,"max_hp_loss":0,"event_name":"Tomb of Lord Red Mask","floor":37,"gold_loss":0}],"is_beta":false,"boss_relics":[{"not_picked":["Calling Bell","Philosopher\u0027s Stone"],"picked":"bronze:MakeshiftBattery"},{"not_picked":[]},{"not_picked":["Runic Dome","Snecko Eye"],"picked":"SlaversCollar"},{"not_picked":[]}],"items_purged_floors":[4,10,17,22,38],"is_endless":false,"potions_floor_spawned":[1,12,14,28,31,35,46,48],"ascension_level":0}}