{"host":"79kl9rvhjzhuunbo","time":1612029200,"event":{"mods":["AchievementEnabler","BaseMod","Colored Powertips","Defuse TimeMaze Blight","Friendly Minions","Highlight Path","Minty Spire (QoL Compilation)","Permanent Neow","Quick Restart","Random Character Button","Relic Sorter","StSLib","SuperFastMode","Synergy Search","Unceasing Turn Reminder"],"gold_per_floor":[114,124,124,74,74,102,117,143,143,178,194,209,209,209,209,209,209],"floor_reached":16,"language":"ENG","playtime":765,"items_purged":[],"score":152,"play_id":"d16d8ef3-12fe-4eab-aa8e-73e3c278863a","local_time":"20210130185320","is_ascension_mode":true,"campfire_choices":[{"data":"Buffer","floor":13,"key":"SMITH"},{"data":"White Noise","floor":15,"key":"SMITH"}],"circlet_count":0,"master_deck":["Strike_B","Strike_B","Defend_B","Defend_B","Defend_B","Defend_B","Zap","Dualcast","Double Energy","White Noise+1","Leap","Self Repair","Amplify","Buffer+1","Genetic Algorithm","Cold Snap"],"relics":["Cracked Core","NeowsBlessing","Letter Opener","FossilizedHelix","Torii","Shuriken"],"acts_visited":["Exordium"],"potions_floor_usage":[],"damage_taken":[{"damage":0.0,"enemies":"Jaw Worm","floor":1.0,"turns":1.0},{"damage":0.0,"enemies":"2 Louse","floor":2.0,"turns":1.0},{"damage":0.0,"enemies":"Gremlin Nob","floor":6.0,"turns":1.0},{"damage":0.0,"enemies":"Cultist","floor":7.0,"turns":4.0},{"damage":17.0,"enemies":"3 Sentries","floor":8.0,"turns":18.0},{"damage":42.0,"enemies":"Gremlin Nob","floor":10.0,"turns":6.0},{"damage":0.0,"enemies":"3 Louse","floor":11.0,"turns":2.0},{"damage":0,"enemies":"Looter","floor":12,"turns":4},{"damage":49,"enemies":"Slime Boss","floor":16,"turns":15}],"seed_played":"7142352540881185957","potions_obtained":[{"floor":2.0,"key":"SkillPotion"},{"floor":6.0,"key":"Swift Potion"},{"floor":11.0,"key":"FearPotion"}],"is_trial":false,"path_per_floor":["M","M","?","?","$","E","M","E","T","E","M","M","R","?","R","B"],"character_chosen":"DEFECT","items_purchased":[],"campfire_rested":0,"item_purchase_floors":[],"current_hp_per_floor":[75,75,80,80,80,80,80,70,70,35,35,49,49,49,49,0,0],"gold":209,"neow_bonus":"THREE_ENEMY_KILL","is_daily":false,"chose_seed":false,"campfire_upgraded":2,"win_rate":0.0,"timestamp":1612029200,"path_taken":["M","M","?","?","$","E","?","E","T","E","?","M","R","?","R","BOSS"],"items_purchased_type":[],"build_version":"2020-12-22","purchased_purges":0,"victory":false,"max_hp_per_floor":[75,75,80,80,80,80,80,80,80,80,80,80,80,80,80,80,80],"card_choices":[{"not_picked":["Rebound","Turbo"],"picked":"Double Energy","floor":1.0},{"not_picked":["Rip and Tear","Auto Shields"],"picked":"White Noise","floor":2.0},{"not_picked":["Steam Power","Sweeping Beam"],"picked":"Leap","floor":6.0},{"not_picked":["Gash","White Noise"],"picked":"Self Repair","floor":7.0},{"not_picked":["Streamline","Reprogram"],"picked":"Amplify","floor":8.0},{"not_picked":["Scrape","Beam Cell"],"picked":"Buffer","floor":10.0},{"not_picked":["Doom and Gloom","Hologram"],"picked":"Genetic Algorithm","floor":11.0},{"not_picked":["Steam Power","Redo"],"picked":"Cold Snap","floor":12}],"player_experience":277559,"relics_obtained":[{"floor":6.0,"key":"Letter Opener"},{"floor":8.0,"key":"FossilizedHelix"},{"floor":9.0,"key":"Torii"},{"floor":10.0,"key":"Shuriken"}],"event_choices":[{"damage_healed":0.0,"max_hp_gain":5.0,"max_hp_loss":0.0,"gold_gain":0.0,"event_name":"Big Fish","player_choice":"Donut","floor":3.0,"gold_loss":0.0,"damage_taken":0.0},{"cards_removed":["Strike_B"],"damage_healed":0.0,"max_hp_gain":0.0,"max_hp_loss":0.0,"gold_gain":0.0,"event_name":"The Cleric","player_choice":"Card Removal","floor":4.0,"gold_loss":50.0,"damage_taken":0.0},{"cards_removed":["Strike_B"],"damage_healed":0,"gold_gain":0,"player_choice":"Forget","damage_taken":0,"max_hp_gain":0,"max_hp_loss":0,"event_name":"Living Wall","floor":14,"gold_loss":0}],"is_beta":false,"boss_relics":[],"items_purged_floors":[],"is_endless":false,"potions_floor_spawned":[2,6,11],"killed_by":"Slime Boss","ascension_level":1}}