{"host":"k2mw1od0xoi9pcfj","time":1612019860,"event":{"mods":["AchievementEnabler","Act Like it!","Aspiration","BaseMod","Beaked The Cultist","Downfall","Energized Spire","Highlight Path","Minty Spire (QoL Compilation)","Permanent Neow","Relic Stats","Reliquary","Replay The Spire","Retaliation","StSLib","The Death Knight"],"gold_per_floor":[112,122,122,47,47,47,104,104,130,143,143,198,198,198],"floor_reached":13,"language":"ENG","playtime":525,"items_purged":["downfall:Haunted"],"score":75,"play_id":"5a374f46-c004-46cc-b6d9-0d4a5ff70f86","local_time":"20210130091740","is_ascension_mode":false,"campfire_choices":[{"floor":6,"key":"RECALL"},{"floor":11,"key":"REST"}],"circlet_count":0,"master_deck":["DeathKnight:Strike_DeathKnight","DeathKnight:Strike_DeathKnight","DeathKnight:Strike_DeathKnight","DeathKnight:Strike_DeathKnight","DeathKnight:Strike_DeathKnight","DeathKnight:Defend_DeathKnight+1","DeathKnight:Defend_DeathKnight","DeathKnight:Defend_DeathKnight","DeathKnight:Defend_DeathKnight","DeathKnight:Defend_DeathKnight","DeathKnight:RuneTap","DeathKnight:RuneStrike","DeathKnight:BladedArmor+1","DeathKnight:IcyTouch","DeathKnight:BladedArmor"],"relics":["DeathKnight:BrokenRuneblade","ReplayTheSpireMod:Ring of Challenge","Ring of Hypnosis"],"acts_visited":["Exordium"],"potions_floor_usage":[12],"damage_taken":[{"damage":6,"enemies":"Cultist","floor":1,"turns":3},{"damage":5,"enemies":"Jaw Worm","floor":2,"turns":6},{"damage":13,"enemies":"2 Louse","floor":7,"turns":4},{"damage":4,"enemies":"Blue Slaver","floor":10,"turns":5},{"damage":30,"enemies":"Looter","floor":12,"turns":4},{"damage":33,"enemies":"Lagavulin","floor":13,"turns":7}],"seed_played":"7360319075475271587","potions_obtained":[{"floor":1,"key":"Swift Potion"},{"floor":2,"key":"Strength Potion"},{"floor":10,"key":"DeathKnight:BottledBloodEchoes"}],"is_trial":false,"path_per_floor":["M","M","?","$","?","R","M","$","T","M","R","M","E"],"character_chosen":"DEATH_KNIGHT","items_purchased":[],"campfire_rested":1,"item_purchase_floors":[],"current_hp_per_floor":[76,71,71,71,55,55,42,42,42,38,62,32,0,0],"gold":198,"neow_bonus":"TEN_PERCENT_HP_BONUS","is_daily":false,"chose_seed":false,"campfire_upgraded":0,"win_rate":0.0,"timestamp":1612019860,"path_taken":["M","M","?","$","?","R","M","?","T","M","R","?","E"],"items_purchased_type":[],"build_version":"2020-12-22","purchased_purges":1,"victory":false,"max_hp_per_floor":[82,82,82,82,82,82,82,82,82,82,82,82,82,82],"relic_stats":{"counters":[6,29],"obtain_stats":[{"Ring of Hypnosis":3,"ReplayTheSpireMod:Ring of Challenge":3,"DeathKnight:BrokenRuneblade":0},{"Ring of Hypnosis":2,"ReplayTheSpireMod:Ring of Challenge":2,"DeathKnight:BrokenRuneblade":0},{"Ring of Hypnosis":9,"ReplayTheSpireMod:Ring of Challenge":9,"DeathKnight:BrokenRuneblade":0}]},"card_choices":[{"not_picked":["DeathKnight:Lichborne","DeathKnight:Rot","DeathKnight:ChainsOfIce"],"picked":"SKIP","floor":1},{"not_picked":["DeathKnight:RaiseAlly","DeathKnight:BoneSpear"],"picked":"DeathKnight:BladedArmor","floor":2},{"not_picked":["DeathKnight:DeathAndDecay","DeathKnight:RuneShock"],"picked":"DeathKnight:IcyTouch","floor":7},{"not_picked":["DeathKnight:BoneSpear","DeathKnight:ShatteringStrikes","DeathKnight:DeathGrip"],"picked":"SKIP","floor":10},{"not_picked":["DeathKnight:GargoyleSkin","DeathKnight:DreadStrike"],"picked":"DeathKnight:BladedArmor","floor":12}],"player_experience":733015,"relics_obtained":[{"floor":3,"key":"ReplayTheSpireMod:Ring of Challenge"},{"floor":3,"key":"Ring of Hypnosis"}],"event_choices":[{"damage_healed":0,"gold_gain":0,"player_choice":"Entered Light","damage_taken":16,"max_hp_gain":0,"max_hp_loss":0,"event_name":"Shining Light","floor":5,"gold_loss":0,"cards_upgraded":["DeathKnight:Defend_DeathKnight","DeathKnight:BladedArmor"]}],"is_beta":false,"boss_relics":[],"items_purged_floors":[4],"is_endless":false,"potions_floor_spawned":[1,2,10],"killed_by":"Lagavulin","ascension_level":0}}