{"host":"zrtolk9726p85qr7","time":1612029588,"event":{"mods":["Ascension Reborn","BaseMod","BetterRewards","Colored Powertips","Minty Spire (QoL Compilation)","Permanent Neow","Quick Restart","Spire Arcade","StSLib","The Animator","The Necromancer","The Wild Card"],"gold_per_floor":[117,117,135,150,166,166,185,185,231,231,248,248,263,125,125,229,229,242,256,78,128,128,128,128,163,190,190,190],"floor_reached":27,"language":"ENG","playtime":786,"items_purged":["Defend_R"],"score":248,"play_id":"6e46b6f1-5d16-475f-995f-3341237e9b9f","local_time":"20210130185948","is_ascension_mode":true,"campfire_choices":[{"floor":6,"key":"REST"},{"floor":8,"key":"REST"},{"floor":12,"key":"REST"},{"data":"Limit Break","floor":15,"key":"SMITH"},{"floor":23,"key":"RECALL"}],"circlet_count":0,"master_deck":["Strike_R","Strike_R","Strike_R","Strike_R","Strike_R","Defend_R+1","Defend_R+1","Defend_R","Bash","Perfected Strike","Perfected Strike","Metallicize","Spot Weakness","Iron Wave","Sword Boomerang","Inflame","Limit Break+1","Limit Break+1","Cleave+1","Heavy Blade","Pummel","Limit Break"],"relics":["Burning Blood","Juzu Bracelet","White Beast Statue","Black Star","War Paint","Ice Cream","Pen Nib"],"acts_visited":["Exordium","TheCity"],"potions_floor_usage":[16,16,16,25,25,27],"damage_taken":[{"damage":12,"enemies":"Small Slimes","floor":1,"turns":3},{"damage":1,"enemies":"Cultist","floor":3,"turns":3},{"damage":9,"enemies":"Jaw Worm","floor":4,"turns":2},{"damage":63,"enemies":"Gremlin Gang","floor":5,"turns":5},{"damage":11,"enemies":"Red Slaver","floor":7,"turns":4},{"damage":10,"enemies":"2 Fungi Beasts","floor":11,"turns":3},{"damage":2,"enemies":"Blue Slaver","floor":13,"turns":3},{"damage":33,"enemies":"The Guardian","floor":16,"turns":8},{"damage":50,"enemies":"3 Byrds","floor":18,"turns":6},{"damage":5,"enemies":"Chosen","floor":19,"turns":4},{"damage":21,"enemies":"Book of Stabbing","floor":25,"turns":4},{"damage":32,"enemies":"Shelled Parasite and Fungi","floor":27,"turns":4}],"seed_played":"7237511799408255148","potions_obtained":[{"floor":3,"key":"Fruit Juice"},{"floor":7,"key":"EntropicBrew"},{"floor":11,"key":"Strength Potion"},{"floor":16,"key":"ColorlessPotion"},{"floor":25,"key":"AttackPotion"}],"is_trial":false,"path_per_floor":["M","?","M","M","M","R","M","R","T","?","M","R","M","$","R","B",null,"M","M","$","?","?","R","?","E","T","M"],"character_chosen":"IRONCLAD","items_purchased":["Limit Break","Heavy Blade","Pummel"],"campfire_rested":3,"item_purchase_floors":[14,20,20],"current_hp_per_floor":[74,74,79,76,19,43,38,62,62,62,58,80,80,80,80,58,85,41,42,42,42,42,42,42,27,27,0,0],"gold":190,"neow_bonus":"THREE_CARDS","is_daily":false,"chose_seed":false,"campfire_upgraded":1,"win_rate":0.0,"timestamp":1612029588,"path_taken":["M","?","M","M","M","R","M","R","T","?","M","R","M","$","R","BOSS","M","M","?","?","?","R","?","E","T","M"],"items_purchased_type":["Card","Card","Card"],"build_version":"2020-12-22","purchased_purges":1,"victory":false,"max_hp_per_floor":[80,80,80,80,80,80,80,80,80,80,80,80,80,80,80,85,85,85,85,85,85,85,85,85,85,85,85,85],"card_choices":[{"not_picked":["Sentinel","Evolve"],"picked":"Perfected Strike","floor":0},{"not_picked":["Anger","Thunderclap"],"picked":"Perfected Strike","floor":1},{"not_picked":["Whirlwind","Body Slam"],"picked":"Disarm","floor":3},{"not_picked":["Evolve","Shrug It Off"],"picked":"Metallicize","floor":4},{"not_picked":["Sever Soul","Rupture"],"picked":"Spot Weakness","floor":5},{"not_picked":["Body Slam","Bloodletting"],"picked":"Iron Wave","floor":7},{"not_picked":["Pommel Strike","Clothesline"],"picked":"Sword Boomerang","floor":11},{"not_picked":["Twin Strike","Burning Pact"],"picked":"Inflame","floor":13},{"not_picked":["Corruption","Bludgeon"],"picked":"Limit Break","floor":16},{"not_picked":["True Grit","Anger"],"picked":"Cleave+1","floor":18},{"not_picked":["Second Wind","Fire Breathing","Shrug It Off+1"],"picked":"SKIP","floor":19},{"not_picked":["Thunderclap","Havoc"],"picked":"Limit Break","floor":25}],"player_experience":136255,"relics_obtained":[{"floor":9,"key":"Juzu Bracelet"},{"floor":25,"key":"War Paint"},{"floor":25,"key":"Ice Cream"},{"floor":26,"key":"Pen Nib"}],"event_choices":[{"damage_healed":0,"gold_gain":0,"player_choice":"0 cards matched","damage_taken":0,"max_hp_gain":0,"max_hp_loss":0,"event_name":"Match and Keep!","floor":2,"gold_loss":0,"cards_obtained":[]},{"cards_removed":["Disarm"],"damage_healed":0,"gold_gain":0,"player_choice":"Gave Card","damage_taken":0,"relics_obtained":["White Beast Statue"],"max_hp_gain":0,"max_hp_loss":0,"event_name":"WeMeetAgain","floor":10,"gold_loss":0},{"damage_healed":0,"gold_gain":100,"player_choice":"Bet on Murderer","damage_taken":0,"max_hp_gain":0,"max_hp_loss":0,"event_name":"The Joust","floor":21,"gold_loss":50},{"damage_healed":0,"gold_gain":0,"player_choice":"Ignored","damage_taken":0,"max_hp_gain":0,"max_hp_loss":0,"event_name":"Ghosts","floor":22,"gold_loss":0},{"damage_healed":0,"gold_gain":0,"player_choice":"Forge","damage_taken":0,"max_hp_gain":0,"max_hp_loss":0,"event_name":"Accursed Blacksmith","floor":24,"gold_loss":0,"cards_upgraded":["Limit Break"]}],"is_beta":false,"boss_relics":[{"not_picked":["Empty Cage","Runic Pyramid"],"picked":"Black Star"}],"items_purged_floors":[20],"is_endless":false,"potions_floor_spawned":[3,7,11,13,16,18,19,25],"killed_by":"Shelled Parasite and Fungi","ascension_level":0}}