{"host":"exhp4inpfmbngj23","time":1612015751,"event":{"mods":["Abigail Mod","BaseMod","Beaked The Cultist","Downfall","Friendly Minions","Kiyohime????","Minty Spire (QoL Compilation)","StSLib","The Alterego"],"gold_per_floor":[99,113,130,130,130,30,30,43,43,53,66,66,51,78,94,197,197,97,112,97,97,109,9,9,0,0,11,211,244,244,244,244,244],"floor_reached":31,"language":"ENG","playtime":2232,"items_purged":[],"score":291,"play_id":"c66eb2f4-805c-41ab-bd8c-3329b3fbbeb8","local_time":"20210130060911","is_ascension_mode":true,"campfire_choices":[{"floor":1,"key":"RECALL"},{"data":"Slimebound:CorrosiveSpit","floor":6,"key":"SMITH"},{"data":"Slimebound:SlimeBarrage","floor":12,"key":"SMITH"},{"data":"Slimebound:LevelUp","floor":18,"key":"SMITH"},{"floor":23,"key":"REST"},{"data":"Slimebound:Schlurp","floor":26,"key":"SMITH"}],"circlet_count":0,"master_deck":["Slimebound:Strike_Slimebound","Slimebound:Tackle+1","Slimebound:Defend_Slimebound+1","Slimebound:Defend_Slimebound","Slimebound:Defend_Slimebound","Slimebound:Split+1","Slimebound:CorrosiveSpit+1","Slimebound:ItLooksTasty","Slimebound:Schlurp+1","downfall:Malfunctioning","Slimebound:SlimeBarrage+1","Slimebound:TongueLash","Slimebound:MassFeed","Slimebound:SplitSpecialist","Slimebound:LevelUp+1","Slimebound:MinionMaster","Slimebound:FlameTackle+1","Slimebound:DivideAndConquer+1","Slimebound:DouseInSlime+1","Slimebound:Nibble","Slimebound:Schlurp+1","Slimebound:AcidTongue","Slimebound:LevelUp+1","Slimebound:Nibble","downfall:Haunted","Slimebound:Repurpose"],"relics":["Slimebound:AbsorbEndCombat","downfall:HeartBlessingRed","Shuriken","Astrolabe","downfall:HeartBlessingGreen","downfall:HeartBlessingBlue","Bronze Scales","Dream Catcher"],"acts_visited":["Exordium","TheCity"],"potions_floor_usage":[14,22],"damage_taken":[{"damage":0,"enemies":"Cultist","floor":2,"turns":3},{"damage":0,"enemies":"Small Slimes","floor":3,"turns":3},{"damage":9,"enemies":"Jaw Worm","floor":8,"turns":4},{"damage":0,"enemies":"3 Louse","floor":10,"turns":3},{"damage":6,"enemies":"Large Slime","floor":11,"turns":4},{"damage":4,"enemies":"downfall:FleeingMerchant","floor":13,"turns":4},{"damage":30,"enemies":"3 Sentries","floor":14,"turns":6},{"damage":0,"enemies":"2 Fungi Beasts","floor":15,"turns":3},{"damage":25,"enemies":"SI_SHIV_ARCHETYPE","floor":16,"turns":8},{"damage":23,"enemies":"Chosen","floor":19,"turns":5},{"damage":18,"enemies":"downfall:FleeingMerchant","floor":20,"turns":4},{"damage":21,"enemies":"Spheric Guardian","floor":22,"turns":5},{"damage":15,"enemies":"downfall:FleeingMerchant","floor":25,"turns":4},{"damage":1,"enemies":"Snecko","floor":27,"turns":4},{"damage":49,"enemies":"Gremlin Leader","floor":29,"turns":6},{"damage":32,"enemies":"Centurion and Healer","floor":31,"turns":5}],"seed_played":"7290820408010285723","potions_obtained":[{"floor":2,"key":"PowerPotion"},{"floor":8,"key":"Strength Potion"},{"floor":14,"key":"Guardian:BlockOnCardUsePotion"},{"floor":15,"key":"SmokeBomb"},{"floor":22,"key":"SteroidPotion"}],"is_trial":false,"path_per_floor":["R","M","M","?","?","R","T","M","?","M","M","R","$","E","M","B",null,"R","M","$","?","M","R","T","$","R","M","?","E","?","M"],"character_chosen":"SLIMEBOUND","items_purchased":[],"campfire_rested":1,"item_purchase_floors":[],"current_hp_per_floor":[65,65,65,65,65,65,65,60,60,62,64,64,61,48,55,41,80,80,61,49,49,32,69,69,62,62,69,69,28,28,0,0,0],"gold":244,"neow_bonus":"UPGRADE_CARD","is_daily":false,"chose_seed":false,"campfire_upgraded":4,"win_rate":0.0,"timestamp":1612015751,"path_taken":["R","M","M","?","?","R","T","M","?","M","M","R","?","E","M","BOSS","R","M","$","?","M","R","T","$","R","M","?","E","?","M"],"items_purchased_type":[],"build_version":"2020-12-22","purchased_purges":0,"victory":false,"max_hp_per_floor":[65,65,65,65,65,65,65,65,65,65,65,65,65,74,77,80,80,80,80,80,80,80,90,90,90,90,90,90,90,90,90,90,90],"card_choices":[{"not_picked":["Slimebound:ViciousTackle","Slimebound:SlimeSpikes"],"picked":"Slimebound:ItLooksTasty","floor":2},{"not_picked":["Slimebound:GoopTackle","Slimebound:ComboTackle"],"picked":"Slimebound:Schlurp","floor":3},{"not_picked":["Slimebound:SplitAcid","Slimebound:RollThrough"],"picked":"Slimebound:SlimeBarrage","floor":8},{"not_picked":["Slimebound:Schlurp","Slimebound:GoopTackle"],"picked":"Slimebound:TongueLash","floor":10},{"not_picked":["Slimebound:SplitLeeching","Slimebound:LeechEnergy"],"picked":"Slimebound:SpikyOuterGoop","floor":11},{"not_picked":["Slimebound:PressTheAttack","Slimebound:FinishingTackle"],"picked":"Slimebound:MassFeed","floor":13},{"not_picked":["Slimebound:OneTwoCombo","Slimebound:HauntingLick"],"picked":"Slimebound:SplitSpecialist","floor":14},{"not_picked":["Slimebound:ProtectTheBoss","Slimebound:DisruptingSlam"],"picked":"Slimebound:LevelUp","floor":15},{"not_picked":["Slimebound:DuplicatedForm","Slimebound:MassFeed"],"picked":"Slimebound:MinionMaster","floor":16},{"not_picked":["Slimebound:SplitAcid","Slimebound:Grow+1"],"picked":"Slimebound:Nibble","floor":19},{"not_picked":["Slimebound:MegaLick","Slimebound:SamplingLick"],"picked":"Slimebound:Schlurp","floor":20},{"not_picked":["Slimebound:PressTheAttack","Slimebound:SplitMire"],"picked":"Slimebound:AcidTongue","floor":22},{"not_picked":["Slimebound:ServeAndProtect","Slimebound:RejuvenatingLick"],"picked":"Slimebound:LevelUp+1","floor":25},{"not_picked":["Slimebound:ProtectTheBoss+1","Slimebound:Dissolve"],"picked":"Slimebound:Nibble","floor":27},{"not_picked":["Slimebound:SplitAcid","Slimebound:SplitBruiser"],"picked":"Slimebound:Repurpose","floor":29}],"player_experience":2082656,"relics_obtained":[{"floor":14,"key":"Shuriken"},{"floor":24,"key":"Bronze Scales"},{"floor":29,"key":"Dream Catcher"}],"event_choices":[{"damage_healed":0,"gold_gain":0,"player_choice":"Fled","damage_taken":0,"max_hp_gain":0,"max_hp_loss":0,"event_name":"Scrap Ooze","floor":4,"gold_loss":0},{"damage_healed":0,"gold_gain":0,"player_choice":"Ignored","damage_taken":0,"max_hp_gain":0,"max_hp_loss":0,"event_name":"Vampires","floor":21,"gold_loss":0}],"is_beta":false,"boss_relics":[{"not_picked":["Runic Pyramid","Tiny House"],"picked":"Astrolabe"}],"items_purged_floors":[],"is_endless":false,"potions_floor_spawned":[2,8,14,15,22],"killed_by":"Centurion and Healer","ascension_level":1}}