{"host":"r53pw7z744tg3fxg","time":1612046031,"event":{"mods":["AchievementEnabler","BaseMod","Colored Map","Colored Powertips","Highlight Path","Minty Spire (QoL Compilation)","Quick Restart","Transform Curses"],"gold_per_floor":[116,116,130,130,55,98,98,141,195,195,218,218,218,232,232,328,328,344,3,0,0],"floor_reached":20,"language":"ENG","playtime":640,"items_purged":["Injury"],"score":342,"play_id":"639534dd-9da2-452d-aa31-bf8de0942f70","local_time":"20210130153351","is_ascension_mode":true,"campfire_choices":[{"floor":7,"key":"REST"},{"floor":10,"key":"REST"},{"floor":12,"key":"REST"},{"data":"Devotion","floor":15,"key":"SMITH"}],"circlet_count":0,"master_deck":["AscendersBane","Strike_P","Strike_P","Strike_P","Strike_P","Defend_P","Defend_P","Defend_P","Defend_P","Eruption","Vigilance","Conclude","TalkToTheHand","Devotion+1","Adaptation","FollowUp","FlurryOfBlows","SpiritShield","BowlingBash"],"relics":["PureWater","Golden Idol","Akabeko","Potion Belt","Art of War","VioletLotus","Incense Burner"],"acts_visited":["Exordium","TheCity"],"potions_floor_usage":[6,8,14,14,14,16,18],"damage_taken":[{"damage":10,"enemies":"2 Louse","floor":1,"turns":3},{"damage":0,"enemies":"Small Slimes","floor":3,"turns":2},{"damage":10,"enemies":"3 Sentries","floor":6,"turns":3},{"damage":41,"enemies":"Lagavulin","floor":8,"turns":6},{"damage":0,"enemies":"Cultist","floor":11,"turns":2},{"damage":15,"enemies":"Lots of Slimes","floor":14,"turns":3},{"damage":44,"enemies":"Hexaghost","floor":16,"turns":8},{"damage":14,"enemies":"Shell Parasite","floor":18,"turns":6},{"damage":52,"enemies":"2 Thieves","floor":20,"turns":3}],"seed_played":"-4168143947078515493","potions_obtained":[{"floor":0,"key":"Fire Potion"},{"floor":0,"key":"Dexterity Potion"},{"floor":8,"key":"CultistPotion"},{"floor":11,"key":"SteroidPotion"},{"floor":13,"key":"SmokeBomb"},{"floor":13,"key":"Swift Potion"},{"floor":14,"key":"Fruit Juice"},{"floor":16,"key":"LiquidBronze"},{"floor":18,"key":"GamblersBrew"}],"is_trial":false,"path_per_floor":["M","?","M","?","$","E","R","E","T","R","M","R","?","M","R","B",null,"M","$","M"],"character_chosen":"WATCHER","items_purchased":["Incense Burner"],"campfire_rested":3,"item_purchase_floors":[19],"current_hp_per_floor":[51,51,51,51,51,41,61,20,20,40,40,60,60,50,50,6,56,42,42,0,0],"gold":0,"neow_bonus":"THREE_SMALL_POTIONS","is_daily":false,"chose_seed":false,"campfire_upgraded":1,"win_rate":0.0,"timestamp":1612046031,"path_taken":["M","?","M","?","$","E","R","E","T","R","M","R","?","?","R","BOSS","M","$","M"],"items_purchased_type":["Relic"],"build_version":"2020-12-22","purchased_purges":1,"victory":false,"max_hp_per_floor":[68,68,68,68,68,68,68,68,68,68,68,68,68,73,73,73,73,73,73,73,73],"card_choices":[{"not_picked":["FollowUp","Protect"],"picked":"Conclude","floor":1},{"not_picked":["Protect","Halt"],"picked":"TalkToTheHand","floor":3},{"not_picked":["Prostrate","EmptyFist"],"picked":"Devotion","floor":6},{"not_picked":["Study","Protect"],"picked":"Adaptation","floor":8},{"not_picked":["Perseverance","CrushJoints"],"picked":"FollowUp","floor":11},{"not_picked":["SashWhip","FollowUp"],"picked":"FlurryOfBlows","floor":14},{"not_picked":["Ragnarok","Alpha"],"picked":"SpiritShield","floor":16},{"not_picked":["EmptyFist","SignatureMove"],"picked":"BowlingBash","floor":18}],"player_experience":1394388,"relics_obtained":[{"floor":6,"key":"Akabeko"},{"floor":8,"key":"Potion Belt"},{"floor":9,"key":"Art of War"}],"event_choices":[{"damage_healed":0,"gold_gain":0,"player_choice":"Ignored","damage_taken":0,"max_hp_gain":0,"max_hp_loss":0,"event_name":"Liars Game","floor":2,"gold_loss":0},{"damage_healed":0,"gold_gain":0,"player_choice":"Take Wound","damage_taken":0,"relics_obtained":["Golden Idol"],"max_hp_gain":0,"max_hp_loss":0,"event_name":"Golden Idol","floor":4,"gold_loss":0,"cards_obtained":["Injury"]},{"damage_healed":0,"gold_gain":0,"player_choice":"Got Potions","damage_taken":0,"max_hp_gain":0,"max_hp_loss":0,"event_name":"Lab","floor":13,"gold_loss":0}],"is_beta":false,"boss_relics":[{"not_picked":["Runic Pyramid","Snecko Eye"],"picked":"VioletLotus"}],"items_purged_floors":[5],"is_endless":false,"potions_floor_spawned":[8,11,14,16,18],"killed_by":"2 Thieves","ascension_level":18}}