{"host":"sc0o2qwpf9j16a4i","time":1612011140,"event":{"mods":["AchievementEnabler","BaseMod","BetterRewards","Block Reminder","Colored Map","Colored Powertips","Custom Start","Highlight Path","Minty Spire (QoL Compilation)","Relic Stats"],"gold_per_floor":[118,118,193,213,266,295,295,322,346,373,393,409,434,39,39,139,139,123,663,675,162,182,182,217,230,230,0,0,27,38,51,51,146,146,165,181,1180,1194,1194,1228,1240,1269,1292,1305,1319,1353,1372,1399,1399,1399],"floor_reached":51,"language":"ENG","playtime":2429,"items_purged":[],"score":1089,"play_id":"479e7096-d0db-444e-b635-518a6db919ce","local_time":"20210130145220","daily_mods":["SealedDeck","Colorless Cards","DeadlyEvents"],"is_ascension_mode":false,"campfire_choices":[{"data":"Pommel Strike","floor":7,"key":"SMITH"},{"data":"Clothesline","floor":15,"key":"SMITH"},{"floor":23,"key":"REST"},{"data":"Demon Form","floor":28,"key":"SMITH"},{"data":"Feel No Pain","floor":32,"key":"SMITH"},{"floor":49,"key":"REST"}],"circlet_count":0,"master_deck":["Wild Strike","Fire Breathing+1","Finesse","Thunderclap","Clothesline+1","Shrug It Off","Dark Shackles","Shrug It Off","Flash of Steel","Headbutt","Pommel Strike+1","Ghostly Armor","Wild Strike","Feed+1","Demon Form+1","Body Slam+1","Whirlwind+1","Shockwave+1","Warcry+1","Feel No Pain+1","Disarm+1","Discovery+1","Trip+1","Havoc+1","Feed+1","True Grit+1","Entrench+1","Double Tap+1","Flame Barrier+1","Sentinel+1","Normality","Normality","Jack Of All Trades+1","Second Wind+1","Shrug It Off+1","True Grit+1","Warcry+1","True Grit+1","Enlightenment+1","Juggernaut"],"relics":["Burning Blood","Smiling Mask","Thread and Needle","Dream Catcher","WingedGreaves","Molten Egg 2","Self Forming Clay","Happy Flower","Empty Cage","Membership Card","Toxic Egg 2","Shuriken","Pen Nib","Eternal Feather","DollysMirror","Mango","MealTicket","Cursed Key","Omamori","Meat on the Bone","Vajra","Boot","Bag of Preparation"],"acts_visited":["Exordium","TheCity","TheBeyond"],"potions_floor_usage":[6,8,16,24,29,33,40,46,47,50,50,50],"damage_taken":[{"damage":0,"enemies":"Cultist","floor":1,"turns":3},{"damage":9,"enemies":"Jaw Worm","floor":4,"turns":2},{"damage":0,"enemies":"Lagavulin","floor":6,"turns":4},{"damage":0,"enemies":"3 Sentries","floor":8,"turns":3},{"damage":14,"enemies":"Gremlin Nob","floor":10,"turns":4},{"damage":0,"enemies":"Small Slimes","floor":11,"turns":2},{"damage":0,"enemies":"Exordium Thugs","floor":12,"turns":4},{"damage":2,"enemies":"3 Sentries","floor":13,"turns":6},{"damage":0,"enemies":"Hexaghost","floor":16,"turns":7},{"damage":6,"enemies":"2 Thieves","floor":18,"turns":4},{"damage":0,"enemies":"Chosen","floor":20,"turns":4},{"damage":9,"enemies":"Snake Plant","floor":22,"turns":5},{"damage":12,"enemies":"Book of Stabbing","floor":24,"turns":5},{"damage":0,"enemies":"Centurion and Healer","floor":25,"turns":4},{"damage":12,"enemies":"Gremlin Leader","floor":29,"turns":7},{"damage":9,"enemies":"Shelled Parasite and Fungi","floor":30,"turns":6},{"damage":10,"enemies":"Snake Plant","floor":31,"turns":4},{"damage":9,"enemies":"Champ","floor":33,"turns":8},{"damage":16,"enemies":"3 Darklings","floor":35,"turns":4},{"damage":16,"enemies":"3 Shapes","floor":36,"turns":6},{"damage":13,"enemies":"Jaw Worm Horde","floor":38,"turns":5},{"damage":5,"enemies":"Nemesis","floor":40,"turns":7},{"damage":0,"enemies":"3 Darklings","floor":41,"turns":1},{"damage":18,"enemies":"Reptomancer","floor":42,"turns":7},{"damage":1,"enemies":"Writhing Mass","floor":44,"turns":9},{"damage":14,"enemies":"Maw","floor":45,"turns":9},{"damage":54,"enemies":"Nemesis","floor":46,"turns":9},{"damage":7,"enemies":"3 Darklings","floor":47,"turns":5},{"damage":20,"enemies":"Reptomancer","floor":48,"turns":6},{"damage":8,"enemies":"Time Eater","floor":50,"turns":11}],"seed_played":"7479097001838430931","potions_obtained":[{"floor":1,"key":"Dexterity Potion"},{"floor":4,"key":"ColorlessPotion"},{"floor":11,"key":"Dexterity Potion"},{"floor":13,"key":"PowerPotion"},{"floor":16,"key":"PowerPotion"},{"floor":18,"key":"BlessingOfTheForge"},{"floor":24,"key":"EssenceOfSteel"},{"floor":31,"key":"CultistPotion"},{"floor":38,"key":"DistilledChaos"},{"floor":40,"key":"Dexterity Potion"},{"floor":42,"key":"DuplicationPotion"},{"floor":46,"key":"Swift Potion"},{"floor":48,"key":"PowerPotion"}],"is_trial":true,"path_per_floor":["M","?","?","M","?","E","R","E","T","E","M","M","E","$","R","B",null,"M","?","M","$","M","R","E","M","T","$","R","E","M","M","R","B",null,"M","M","?","M","?","E","M","E","T","M","M","E","M","E","R","B",null],"character_chosen":"IRONCLAD","items_purchased":["Self Forming Clay","Happy Flower","Membership Card","Toxic Egg 2","Shuriken","Shockwave+1","Warcry+1","Feel No Pain","DollysMirror","Mango"],"campfire_rested":2,"item_purchase_floors":[14,14,21,21,21,21,21,21,27,27],"current_hp_per_floor":[80,80,69,66,66,72,72,78,78,70,76,80,80,80,80,80,80,80,23,29,29,30,55,53,63,63,77,92,90,91,87,102,103,118,112,110,110,111,111,116,122,114,114,123,119,87,86,88,155,157],"gold":1399,"neow_bonus":"","is_daily":false,"chose_seed":false,"campfire_upgraded":4,"win_rate":0.0,"timestamp":1612011140,"path_taken":["M","?","?","M","?","E","R","E","T","E","M","?","?","$","R","BOSS","M","?","?","$","M","R","E","?","T","$","R","E","M","M","R","BOSS","M","M","?","M","?","E","M","E","T","M","M","E","M","?","R","BOSS"],"items_purchased_type":["Relic","Relic","Relic","Relic","Relic","Card","Card","Card","Relic","Relic"],"build_version":"2020-12-22","purchased_purges":0,"victory":true,"max_hp_per_floor":[80,80,80,80,80,80,80,80,80,80,80,80,80,80,80,80,80,80,80,80,80,84,84,88,92,92,106,106,110,114,114,114,118,118,122,130,130,138,131,135,135,139,139,143,147,151,151,155,155,159],"relic_stats":{"Happy Flower":[44],"counters":[30,161],"Self Forming Clay":[126],"Eternal Feather":51,"Pen Nib":[14],"Bag of Preparation":[2],"Smiling Mask":0,"Cursed Key":1,"Boot":[4],"Burning Blood":162,"Dream Catcher":2,"Shuriken":[13],"MealTicket":0,"obtain_stats":[{"Happy Flower":14,"Self Forming Clay":14,"Vajra":43,"Thread and Needle":8,"Eternal Feather":26,"Mango":27,"Pen Nib":24,"Omamori":40,"Bag of Preparation":48,"Smiling Mask":6,"Empty Cage":17,"Cursed Key":34,"Boot":46,"Burning Blood":0,"Dream Catcher":9,"Shuriken":21,"DollysMirror":27,"Molten Egg 2":13,"MealTicket":29,"WingedGreaves":10,"Membership Card":21,"Toxic Egg 2":21,"Meat on the Bone":42},{"Happy Flower":8,"Self Forming Clay":8,"Vajra":24,"Thread and Needle":4,"Eternal Feather":14,"Mango":14,"Pen Nib":13,"Omamori":22,"Bag of Preparation":29,"Smiling Mask":3,"Empty Cage":9,"Cursed Key":18,"Boot":27,"Burning Blood":0,"Dream Catcher":4,"Shuriken":11,"DollysMirror":14,"Molten Egg 2":8,"MealTicket":15,"WingedGreaves":5,"Membership Card":11,"Toxic Egg 2":11,"Meat on the Bone":24},{"Happy Flower":28,"Self Forming Clay":28,"Vajra":112,"Thread and Needle":12,"Eternal Feather":57,"Mango":57,"Pen Nib":53,"Omamori":104,"Bag of Preparation":150,"Smiling Mask":9,"Empty Cage":35,"Cursed Key":82,"Boot":139,"Burning Blood":0,"Dream Catcher":12,"Shuriken":43,"DollysMirror":57,"Molten Egg 2":28,"MealTicket":64,"WingedGreaves":16,"Membership Card":43,"Toxic Egg 2":43,"Meat on the Bone":112}],"Meat on the Bone":24},"card_choices":[{"not_picked":["Havoc","Sentinel"],"picked":"Headbutt","floor":1},{"not_picked":["Clash","Iron Wave"],"picked":"Pommel Strike","floor":4},{"not_picked":["Brutality","Cleave"],"picked":"Rupture","floor":6},{"not_picked":["Warcry","Flex","Headbutt"],"picked":"SKIP","floor":8},{"not_picked":["Clash","Dual Wield"],"picked":"Ghostly Armor","floor":10},{"not_picked":["Purity","Clothesline"],"picked":"Wild Strike","floor":11},{"not_picked":["The Bomb","Perfected Strike","Anger"],"picked":"SKIP","floor":12},{"not_picked":["Bloodletting","Flex"],"picked":"Feed+1","floor":13},{"not_picked":["Chrysalis","Fiend Fire+1"],"picked":"Demon Form","floor":16},{"not_picked":["Iron Wave+1","Pommel Strike+1"],"picked":"Body Slam+1","floor":18},{"not_picked":["Sword Boomerang+1","Shrug It Off+1"],"picked":"Whirlwind+1","floor":20},{"not_picked":["Jack Of All Trades+1","Clothesline+1"],"picked":"Disarm+1","floor":22},{"not_picked":["True Grit+1","Havoc+1"],"picked":"Discovery+1","floor":23},{"not_picked":["Discovery+1","Reckless Charge+1"],"picked":"Trip+1","floor":24},{"not_picked":["Iron Wave+1","Rampage+1"],"picked":"Havoc+1","floor":25},{"not_picked":["Anger+1","Sadistic Nature"],"picked":"True Grit+1","floor":29},{"not_picked":["Searing Blow+1","Hemokinesis+1","Perfected Strike+1"],"picked":"SKIP","floor":30},{"not_picked":["Flash of Steel+1","Twin Strike+1"],"picked":"Entrench+1","floor":31},{"not_picked":["Brutality","Violence+1"],"picked":"Double Tap+1","floor":33},{"not_picked":["Iron Wave+1","Flex+1"],"picked":"Flame Barrier+1","floor":35},{"not_picked":["Twin Strike+1","Shrug It Off+1"],"picked":"Sentinel+1","floor":36},{"not_picked":["Thinking Ahead+1","Armaments+1","Anger+1"],"picked":"SKIP","floor":38},{"not_picked":["Chrysalis+1","Combust+1"],"picked":"Jack Of All Trades+1","floor":40},{"not_picked":["Trip+1","Purity+1"],"picked":"Second Wind+1","floor":41},{"not_picked":["Cleave+1","True Grit+1"],"picked":"Shrug It Off+1","floor":42},{"not_picked":["Heavy Blade+1","Clash+1","Headbutt+1"],"picked":"SKIP","floor":44},{"not_picked":["Clash+1","Disarm+1"],"picked":"True Grit+1","floor":45},{"not_picked":["Body Slam+1","Twin Strike+1"],"picked":"Warcry+1","floor":46},{"not_picked":["Heavy Blade+1","Shrug It Off+1"],"picked":"True Grit+1","floor":47},{"not_picked":["Bloodletting+1","Wild Strike+1"],"picked":"Enlightenment+1","floor":48},{"not_picked":["True Grit+1","Thunderclap+1"],"picked":"Juggernaut","floor":49}],"player_experience":1083100,"relics_obtained":[{"floor":6,"key":"Smiling Mask"},{"floor":8,"key":"Thread and Needle"},{"floor":9,"key":"Dream Catcher"},{"floor":10,"key":"WingedGreaves"},{"floor":13,"key":"Molten Egg 2"},{"floor":24,"key":"Pen Nib"},{"floor":26,"key":"Eternal Feather"},{"floor":29,"key":"MealTicket"},{"floor":40,"key":"Omamori"},{"floor":42,"key":"Meat on the Bone"},{"floor":43,"key":"Vajra"},{"floor":46,"key":"Boot"},{"floor":48,"key":"Bag of Preparation"}],"event_choices":[{"damage_healed":0,"gold_gain":0,"player_choice":"Grow","damage_taken":0,"max_hp_gain":0,"max_hp_loss":0,"event_name":"Living Wall","floor":2,"gold_loss":0,"cards_upgraded":["Fire Breathing"]},{"damage_healed":0,"gold_gain":75,"player_choice":"Gather Gold","damage_taken":11,"max_hp_gain":0,"max_hp_loss":0,"event_name":"World of Goop","floor":3,"gold_loss":0},{"damage_healed":0,"gold_gain":53,"player_choice":"Gained Gold","damage_taken":0,"max_hp_gain":0,"max_hp_loss":0,"event_name":"Golden Wing","floor":5,"gold_loss":0},{"damage_healed":0,"gold_gain":540,"player_choice":"GOLD GOLD GOLD GOLD GOLD GOLD ","damage_taken":57,"max_hp_gain":0,"max_hp_loss":0,"event_name":"Knowing Skull","floor":19,"potions_obtained":[],"gold_loss":0,"cards_obtained":[]},{"damage_healed":0,"gold_gain":999,"player_choice":"Gold","damage_taken":0,"max_hp_gain":0,"max_hp_loss":0,"event_name":"MindBloom","floor":37,"gold_loss":0,"cards_obtained":["Normality","Normality"]},{"damage_healed":0,"gold_gain":0,"player_choice":"Max HP","damage_taken":0,"max_hp_gain":0,"max_hp_loss":7,"event_name":"Winding Halls","floor":39,"gold_loss":0}],"is_beta":false,"boss_relics":[{"not_picked":["Tiny House","Runic Cube"],"picked":"Empty Cage"},{"not_picked":["Philosopher\u0027s Stone","SacredBark"],"picked":"Cursed Key"}],"items_purged_floors":[],"is_endless":false,"potions_floor_spawned":[1,4,11,13,16,18,20,24,25,31,38,40,42,44,45,46,48],"ascension_level":0}}