{"host":"Vegetablebread","time":1612019515,"event":{"mods":["BaseMod","Bestiary","Minty Spire (QoL Compilation)","Relic Stats","Slay the Relics Exporter"],"gold_per_floor":[110,185,185,201,42,42,68,68,68,68,68,103,121,131,131,209,209,221,235,185,196,23,54,54,54,54,54,54],"floor_reached":27,"language":"ENG","playtime":8977,"items_purged":["Strike_G"],"score":528,"play_id":"4d2a4d42-3965-491b-9209-0a495c36874c","local_time":"20210130071155","is_ascension_mode":true,"campfire_choices":[{"data":"Sucker Punch","floor":6.0,"key":"SMITH"},{"data":"Bouncing Flask","floor":8.0,"key":"SMITH"},{"data":"Neutralize","floor":15.0,"key":"SMITH"},{"floor":24,"key":"REST"}],"circlet_count":0,"master_deck":["AscendersBane","Strike_G","Strike_G","Strike_G","Strike_G","Defend_G","Defend_G","Defend_G","Defend_G","Defend_G","Survivor","Neutralize+1","Bouncing Flask+1","Sucker Punch+1","Catalyst+1","PiercingWail","Dagger Spray","PiercingWail","Malaise","Flying Knee","Noxious Fumes","Catalyst","Leg Sweep","Decay"],"relics":["Ring of the Snake","NeowsBlessing","Gambling Chip","Unceasing Top","Lizard Tail","Runic Pyramid","Bronze Scales","Darkstone Periapt"],"acts_visited":["Exordium","TheCity"],"potions_floor_usage":[18,18,23],"damage_taken":[{"damage":0.0,"enemies":"Jaw Worm","floor":1.0,"turns":1.0},{"damage":0.0,"enemies":"2 Louse","floor":4.0,"turns":1.0},{"damage":0.0,"enemies":"Gremlin Nob","floor":7.0,"turns":1.0},{"damage":5.0,"enemies":"Lagavulin","floor":12.0,"turns":3.0},{"damage":0.0,"enemies":"Small Slimes","floor":13.0,"turns":2.0},{"damage":3.0,"enemies":"Red Slaver","floor":14.0,"turns":3.0},{"damage":5.0,"enemies":"Hexaghost","floor":16.0,"turns":6.0},{"damage":11,"enemies":"2 Thieves","floor":18,"turns":4},{"damage":22,"enemies":"3 Byrds","floor":19,"turns":7},{"damage":6,"enemies":"Centurion and Healer","floor":21,"turns":6},{"damage":46,"enemies":"Gremlin Leader","floor":23,"turns":8},{"damage":43,"enemies":"3 Cultists","floor":27,"turns":6}],"seed_played":"96695024797365905","potions_obtained":[{"floor":7.0,"key":"Energy Potion"},{"floor":13.0,"key":"Weak Potion"},{"floor":19,"key":"Strength Potion"},{"floor":21,"key":"DuplicationPotion"}],"is_trial":false,"path_per_floor":["M","?","?","M","$","R","E","R","T","?","?","E","M","M","R","B",null,"M","M","?","M","$","E","R","?","T","M"],"character_chosen":"THE_SILENT","items_purchased":["Catalyst","Noxious Fumes","Catalyst"],"campfire_rested":1,"item_purchase_floors":[5,22,22],"current_hp_per_floor":[59,48,43,43,43,43,43,43,43,48,48,43,43,40,40,35,62,51,29,29,23,23,21,42,42,42,0,0],"gold":54,"neow_bonus":"THREE_ENEMY_KILL","is_daily":false,"chose_seed":false,"campfire_upgraded":3,"win_rate":0.0,"timestamp":1612019515,"path_taken":["M","?","?","M","$","R","E","R","T","?","?","E","M","M","R","BOSS","M","M","?","?","?","E","R","?","T","M"],"items_purchased_type":["Card","Card","Card"],"build_version":"2020-12-18","purchased_purges":1,"victory":false,"max_hp_per_floor":[66,66,66,66,66,66,66,66,66,71,71,71,71,71,71,71,71,71,71,71,71,71,71,71,71,71,71,71],"relic_stats":{"Darkstone Periapt":0,"Lizard Tail":35,"counters":[12,48],"Gambling Chip":[49],"Bronze Scales":[33],"obtain_stats":[{"Darkstone Periapt":26,"Lizard Tail":12,"NeowsBlessing":0,"Gambling Chip":3,"Bronze Scales":23,"Unceasing Top":7,"Ring of the Snake":0,"Runic Pyramid":17},{"Darkstone Periapt":11,"Lizard Tail":4,"NeowsBlessing":0,"Gambling Chip":1,"Bronze Scales":11,"Unceasing Top":3,"Ring of the Snake":0,"Runic Pyramid":7},{"Darkstone Periapt":42,"Lizard Tail":6,"NeowsBlessing":0,"Gambling Chip":1,"Bronze Scales":42,"Unceasing Top":3,"Ring of the Snake":0,"Runic Pyramid":17}],"Unceasing Top":[0],"Ring of the Snake":[24]},"card_choices":[{"not_picked":["Backflip","Flying Knee"],"picked":"Bouncing Flask","floor":1.0},{"not_picked":["Flying Knee","Dodge and Roll"],"picked":"Sucker Punch","floor":4.0},{"not_picked":["Backflip","Expertise"],"picked":"PiercingWail","floor":7.0},{"not_picked":["Underhanded Strike","Prepared"],"picked":"Dagger Spray","floor":12.0},{"not_picked":["Dagger Spray","Sucker Punch"],"picked":"PiercingWail","floor":13.0},{"not_picked":["Slice","Bane","Dagger Throw"],"picked":"SKIP","floor":14.0},{"not_picked":["Adrenaline","Envenom"],"picked":"Malaise","floor":16.0},{"not_picked":["Dodge and Roll","Masterful Stab","Bane"],"picked":"SKIP","floor":18},{"not_picked":["Dodge and Roll","Reflex"],"picked":"Flying Knee","floor":19},{"not_picked":["Sucker Punch","Infinite Blades","Doppelganger"],"picked":"SKIP","floor":21},{"not_picked":["Backflip","Dagger Spray"],"picked":"Leg Sweep","floor":23}],"player_experience":10373805,"relics_obtained":[{"floor":7.0,"key":"Unceasing Top"},{"floor":12.0,"key":"Lizard Tail"},{"floor":23,"key":"Bronze Scales"},{"floor":26,"key":"Darkstone Periapt"}],"event_choices":[{"damage_healed":0.0,"max_hp_gain":0.0,"max_hp_loss":0.0,"gold_gain":75.0,"event_name":"World of Goop","player_choice":"Gather Gold","floor":2.0,"gold_loss":0.0,"damage_taken":11.0},{"damage_healed":0.0,"max_hp_gain":0.0,"max_hp_loss":0.0,"gold_gain":0.0,"event_name":"Scrap Ooze","player_choice":"Success","floor":3.0,"gold_loss":0.0,"damage_taken":5.0,"relics_obtained":["Gambling Chip"]},{"damage_healed":0.0,"max_hp_gain":5.0,"max_hp_loss":0.0,"gold_gain":0.0,"event_name":"Big Fish","player_choice":"Donut","floor":10.0,"gold_loss":0.0,"damage_taken":0.0},{"damage_healed":0.0,"max_hp_gain":0.0,"max_hp_loss":0.0,"gold_gain":0.0,"event_name":"Living Wall","player_choice":"Grow","floor":11.0,"gold_loss":0.0,"damage_taken":0.0,"cards_upgraded":["Catalyst"]},{"damage_healed":0,"gold_gain":0,"player_choice":"Bet on Murderer","damage_taken":0,"max_hp_gain":0,"max_hp_loss":0,"event_name":"The Joust","floor":20,"gold_loss":50},{"damage_healed":0,"gold_gain":0,"player_choice":"Smashed Altar","damage_taken":0,"max_hp_gain":0,"max_hp_loss":0,"event_name":"Forgotten Altar","floor":25,"gold_loss":0,"cards_obtained":["Decay"]}],"is_beta":true,"boss_relics":[{"not_picked":["Black Star","Coffee Dripper"],"picked":"Runic Pyramid"}],"items_purged_floors":[5],"is_endless":false,"potions_floor_spawned":[7,13,14,19,21],"killed_by":"3 Cultists","ascension_level":20}}