{"host":"zx10cf1fsoa3eqiy","time":1612022747,"event":{"mods":["BaseMod","Colored Powertips","Downfall","Highlight Path","Minty Spire (QoL Compilation)","Quick Restart","Replay The Spire","Shop Mod","StSLib","Td1madao Mod","The Servant 0.9.4","Yuri Mod"],"gold_per_floor":[99,99,199,199,199,199,223,101,116,126,154,171,71,83,99,99,99,99],"floor_reached":16,"language":"ZHS","playtime":814,"items_purged":["Pain"],"score":100,"play_id":"96072e77-f6b5-4590-b234-7f1c01b6e009","local_time":"20210131000547","is_ascension_mode":false,"campfire_choices":[{"floor":1.0,"key":"DIG"},{"floor":6.0,"key":"RECALL"},{"data":"champ:Circumvent","floor":13,"key":"SMITH"}],"circlet_count":0,"master_deck":["champ:Strike","champ:Strike","champ:Strike","champ:Strike","champ:Defend","champ:Defend","champ:Defend","champ:Defend","champ:Execute","champ:Taunt","champ:FalseCounter","champ:SkillfulDodge","champ:ShieldSlam","champ:Circumvent+1","champ:Backstep","champ:PreciseThrust","champ:PreemptiveStrike","champ:Circumvent","champ:FocusedDefense"],"relics":["champ:ChampionCrown","downfall:HeartsMalice","Shuriken","WarpedTongs","hexamod:BolsterEngine","Dream Catcher","downfall:HeartBlessingRed"],"acts_visited":["Exordium"],"potions_floor_usage":[11,11,14],"damage_taken":[{"damage":0.0,"enemies":"2 Louse","floor":2.0,"turns":1.0},{"damage":0.0,"enemies":"Small Slimes","floor":5.0,"turns":1.0},{"damage":0.0,"enemies":"downfall:FleeingMerchant","floor":8.0,"turns":1.0},{"damage":10.0,"enemies":"Cultist","floor":9.0,"turns":4.0},{"damage":12.0,"enemies":"3 Louse","floor":10.0,"turns":4.0},{"damage":35,"enemies":"Gremlin Nob","floor":11,"turns":6},{"damage":11,"enemies":"2 Fungi Beasts","floor":12,"turns":4},{"damage":0,"enemies":"Gremlin Gang","floor":14,"turns":5},{"damage":0,"enemies":"Large Slime","floor":15,"turns":6},{"damage":80,"enemies":"IC_STATUS_ARCHETYPE","floor":16,"turns":13}],"seed_played":"-252186787222685450","potions_obtained":[{"floor":9.0,"key":"LiquidBronze"},{"floor":10.0,"key":"Flashbang"},{"floor":12,"key":"Fire Potion"},{"floor":14,"key":"Fire Potion"}],"is_trial":false,"path_per_floor":["R","M","?","?","M","R","T","$","M","M","E","M","R","M","M","B"],"character_chosen":"THE_CHAMP","items_purchased":["champ:Circumvent"],"campfire_rested":0,"item_purchase_floors":[8],"current_hp_per_floor":[90,90,90,90,90,90,90,90,90,88,73,72,72,72,72,0,0,0],"gold":99,"neow_bonus":"THREE_ENEMY_KILL","is_daily":false,"chose_seed":false,"campfire_upgraded":1,"win_rate":0.0,"timestamp":1612022747,"path_taken":["R","M","?","?","M","R","T","$","M","M","E","M","R","?","M","BOSS"],"items_purchased_type":["Card"],"build_version":"2020-12-22","purchased_purges":1,"victory":false,"max_hp_per_floor":[90,90,90,90,90,90,90,90,90,90,90,90,90,90,90,90,90,90],"card_choices":[{"not_picked":["champ:Duel","champ:BerserkersShout"],"picked":"champ:FalseCounter","floor":2.0},{"not_picked":["champ:GladiatorStyle","champ:TornadoPunch"],"picked":"champ:SkillfulDodge","floor":5.0},{"not_picked":["champ:PerfectedStrike","champ:FanOfKnives"],"picked":"champ:ShieldSlam","floor":8.0},{"not_picked":["champ:ArenaPreparation","champ:FaceSlap"],"picked":"champ:Backstep","floor":9.0},{"not_picked":["champ:BerserkersShout","champ:ShieldSlam"],"picked":"champ:PreciseThrust","floor":10.0},{"not_picked":["champ:BladeFlurry","champ:CrookedStrike"],"picked":"champ:PreemptiveStrike","floor":11},{"not_picked":["champ:CrownThrow","champ:FocusedBerserking"],"picked":"champ:Circumvent","floor":12},{"not_picked":["champ:DeathBlow","champ:FanOfKnives","champ:RecklessLeap"],"picked":"SKIP","floor":14},{"not_picked":["champ:RapidStrikes","champ:TornadoPunch"],"picked":"champ:FocusedDefense","floor":15}],"player_experience":283335,"relics_obtained":[{"floor":1.0,"key":"Shuriken"},{"floor":7.0,"key":"hexamod:BolsterEngine"},{"floor":11,"key":"Dream Catcher"}],"event_choices":[{"damage_healed":0.0,"max_hp_gain":0.0,"max_hp_loss":0.0,"gold_gain":0.0,"event_name":"Accursed Blacksmith","player_choice":"Rummage","floor":4.0,"gold_loss":0.0,"damage_taken":0.0,"relics_obtained":["WarpedTongs"],"cards_obtained":["Pain"]}],"is_beta":false,"boss_relics":[],"items_purged_floors":[8],"is_endless":false,"potions_floor_spawned":[9,10,12,14],"killed_by":"IC_STATUS_ARCHETYPE","ascension_level":0}}