{"host":"a1eatafr7pisesky","time":1612028476,"event":{"mods":["AchievementEnabler","BaseMod","Colored Map","Keyboard Shortcuts","Minty Spire (QoL Compilation)","Say the Spire","StSLib","SuperFastMode","everything is the same but u backflip on backflip"],"gold_per_floor":[15,15,15,15,32,32,49,80,80,80,113,113,129,129,129],"floor_reached":14,"language":"KOR","playtime":376,"items_purged":[],"score":157,"play_id":"42534a35-ef64-47d0-af7d-5caa60501e3b","local_time":"20210131024116","is_ascension_mode":true,"campfire_choices":[{"data":"Prepared","floor":6.0,"key":"SMITH"},{"floor":10.0,"key":"REST"},{"data":"Reflex","floor":12,"key":"SMITH"}],"circlet_count":0,"master_deck":["AscendersBane","Strike_G","Strike_G","Strike_G","Strike_G","Defend_G","Defend_G","Defend_G","Defend_G","Survivor","Neutralize","Grand Finale","Prepared+1","Reflex+1","Acrobatics","Deflect","Setup"],"relics":["Ring of the Snake","The Courier","Frozen Egg 2","Pear"],"acts_visited":["Exordium"],"potions_floor_usage":[14],"damage_taken":[{"damage":3.0,"enemies":"Cultist","floor":1.0,"turns":4.0},{"damage":5.0,"enemies":"2 Louse","floor":5.0,"turns":3.0},{"damage":8.0,"enemies":"Small Slimes","floor":7.0,"turns":5.0},{"damage":10.0,"enemies":"3 Sentries","floor":8.0,"turns":3.0},{"damage":18,"enemies":"Gremlin Nob","floor":11,"turns":3},{"damage":10,"enemies":"Looter","floor":13,"turns":5},{"damage":32,"enemies":"3 Sentries","floor":14,"turns":10}],"seed_played":"-9098427535903159022","potions_obtained":[{"floor":1.0,"key":"GamblersBrew"},{"floor":5.0,"key":"EssenceOfSteel"},{"floor":11,"key":"SpeedPotion"}],"is_trial":false,"path_per_floor":["M","?","$","?","M","R","M","E","T","R","E","R","M","E"],"character_chosen":"THE_SILENT","items_purchased":[],"campfire_rested":1,"item_purchase_floors":[],"current_hp_per_floor":[60,60,60,60,55,55,47,37,37,58,50,50,40,8,8],"gold":129,"neow_bonus":"THREE_RARE_CARDS","is_daily":false,"chose_seed":false,"campfire_upgraded":2,"win_rate":0.0,"timestamp":1612028476,"path_taken":["M","?","?","?","?","R","M","E","T","R","E","R","?","E"],"items_purchased_type":[],"build_version":"2020-12-22","purchased_purges":0,"victory":false,"max_hp_per_floor":[70,70,70,70,70,70,70,70,70,70,80,80,80,80,80],"card_choices":[{"not_picked":["Adrenaline","Storm of Steel"],"picked":"Grand Finale","floor":0.0},{"not_picked":["Noxious Fumes","Caltrops"],"picked":"Prepared","floor":1.0},{"not_picked":["Caltrops","Noxious Fumes"],"picked":"Reflex","floor":5.0},{"not_picked":["Quick Slash","Infinite Blades","Expertise"],"picked":"SKIP","floor":7.0},{"not_picked":["Dodge and Roll","Distraction"],"picked":"Acrobatics","floor":8.0},{"not_picked":["Leg Sweep","Die Die Die"],"picked":"Deflect","floor":11},{"not_picked":["Expertise","Dagger Spray"],"picked":"Setup","floor":13}],"player_experience":383725,"relics_obtained":[{"floor":8.0,"key":"The Courier"},{"floor":9.0,"key":"Frozen Egg 2"},{"floor":11,"key":"Pear"}],"event_choices":[{"cards_removed":["Strike_G"],"damage_healed":0.0,"max_hp_gain":0.0,"max_hp_loss":0.0,"gold_gain":0.0,"event_name":"Bonfire Elementals","player_choice":"Offered Basic","floor":2.0,"gold_loss":0.0,"damage_taken":0.0},{"cards_removed":["Defend_G"],"damage_healed":0.0,"max_hp_gain":0.0,"max_hp_loss":0.0,"gold_gain":0.0,"event_name":"Purifier","player_choice":"Purged","floor":4.0,"gold_loss":0.0,"damage_taken":0.0}],"is_beta":false,"boss_relics":[],"items_purged_floors":[],"is_endless":false,"potions_floor_spawned":[1,5,11,13],"killed_by":"3 Sentries","ascension_level":12}}