{"host":"lzlnscgb2n0l5w2m","time":1612020191,"event":{"mods":["AchievementEnabler","BaseMod","Block Reminder","Colored Powertips","Highlight Path","Minty Spire (QoL Compilation)","Permanent Neow","Relic Stats","StSLib","The Bug Knight","Yuri Mod"],"gold_per_floor":[112,187,200,200,200,200,56,56,127,32,64,64,81,99,99,204,204,192,192,205,130,130,160,160,160,160,14,27,27,59,158,158,158,158],"floor_reached":33,"language":"ZHS","playtime":3060,"items_purged":["HollowMod:QuickDashStart","HollowMod:QuickDashStart"],"score":304,"play_id":"e83e255f-85c9-45c1-a8f5-6e35600c08dd","local_time":"20210130232311","is_ascension_mode":false,"campfire_choices":[{"floor":6.0,"key":"REST"},{"data":"HollowMod:AwokenDreamNail","floor":8.0,"key":"SMITH"},{"data":"HollowMod:DungDefenderAura","floor":12.0,"key":"SMITH"},{"data":"HollowMod:DesolateDive","floor":15.0,"key":"SMITH"},{"data":"HollowMod:Hiveblood","floor":25,"key":"SMITH"},{"floor":32,"key":"REST"}],"circlet_count":0,"master_deck":["HollowMod:NailStrikeStart","HollowMod:NailStrikeStart","HollowMod:NailStrikeStart","HollowMod:NailStrikeStart","HollowMod:QuickDashStart","HollowMod:FocusHealStart+1","HollowMod:PogoStrike+1","HollowMod:DashSlash","HollowMod:DungDefenderAura+1","HollowMod:AwokenDreamNail+1","HollowMod:SoulShaman","HollowMod:GoodIntentions","HollowMod:Hiveblood+1","HollowMod:DesolateDive+1","HollowMod:LifebloodCore+1","HollowMod:CornifersMapStart+1","Writhe","HollowMod:ChannelNail","HollowMod:HowlingWraiths+1"],"relics":["HollowMod:VesselMask","NeowsBlessing","HollowMod:MillibellesNoteRelic","SlaversCollar","TungstenRod","War Paint","HollowMod:PaleOreRelic","Frozen Egg 2","Mummified Hand"],"acts_visited":["Exordium","TheCity"],"potions_floor_usage":[16,30,30],"damage_taken":[{"damage":0.0,"enemies":"2 Louse","floor":1.0,"turns":1.0},{"damage":0.0,"enemies":"Jaw Worm","floor":3.0,"turns":1.0},{"damage":0.0,"enemies":"HollowMod:MossKnight","floor":11.0,"turns":1.0},{"damage":6.0,"enemies":"Cultist","floor":13.0,"turns":3.0},{"damage":8.0,"enemies":"Red Slaver","floor":14.0,"turns":3.0},{"damage":32,"enemies":"Slime Boss","floor":16,"turns":8},{"damage":25,"enemies":"2 Thieves","floor":18,"turns":4},{"damage":6,"enemies":"Chosen","floor":20,"turns":6},{"damage":44,"enemies":"Book of Stabbing","floor":23,"turns":7},{"damage":31,"enemies":"Snake Plant","floor":28,"turns":5},{"damage":44,"enemies":"Gremlin Leader","floor":30,"turns":8},{"damage":119,"enemies":"Automaton","floor":33,"turns":12}],"seed_played":"-3557150153279483421","potions_obtained":[{"floor":11.0,"key":"FairyPotion"},{"floor":13.0,"key":"EssenceOfSteel"},{"floor":14.0,"key":"Strength Potion"},{"floor":19,"key":"Fire Potion"},{"floor":23,"key":"Dexterity Potion"},{"floor":28,"key":"PowerPotion"}],"is_trial":false,"path_per_floor":["M","?","M","?","?","R","$","R","T","$","E","R","M","M","R","B",null,"M","?","M","$","T","E","?","R","T","$","M","?","E","?","R","B"],"character_chosen":"THE_BUGKNIGHT","items_purchased":["HollowMod:AwokenDreamNail","HollowMod:SoulShaman","HollowMod:GoodIntentions","HollowMod:ChannelNail"],"campfire_rested":2,"item_purchase_floors":[7,10,10,27],"current_hp_per_floor":[75,64,64,49,49,71,71,71,71,71,71,71,69,67,67,56,75,50,50,64,64,64,45,45,45,45,45,33,20,28,28,52,0,0],"gold":158,"neow_bonus":"THREE_ENEMY_KILL","is_daily":false,"chose_seed":false,"campfire_upgraded":4,"win_rate":0.0,"timestamp":1612020191,"path_taken":["M","?","M","?","?","R","$","R","T","$","E","R","M","M","R","BOSS","M","?","M","$","?","E","?","R","T","$","M","?","E","?","R","BOSS"],"items_purchased_type":["Card","Card","Card","Card"],"build_version":"2020-12-22","purchased_purges":2,"victory":false,"max_hp_per_floor":[75,75,75,75,75,75,75,75,75,75,75,75,75,75,75,75,75,75,75,75,75,75,75,75,75,75,75,75,80,80,80,80,80,80],"relic_stats":{"counters":[12,59],"Mummified Hand":[0],"War Paint":["HollowMod:CornifersMapStart","HollowMod:LifebloodCore"],"obtain_stats":[{"SlaversCollar":17,"NeowsBlessing":0,"Mummified Hand":30,"HollowMod:VesselMask":0,"HollowMod:PaleOreRelic":24,"War Paint":23,"Frozen Egg 2":26,"HollowMod:MillibellesNoteRelic":11,"TungstenRod":22},{"SlaversCollar":6,"NeowsBlessing":0,"Mummified Hand":11,"HollowMod:VesselMask":0,"HollowMod:PaleOreRelic":9,"War Paint":9,"Frozen Egg 2":9,"HollowMod:MillibellesNoteRelic":3,"TungstenRod":8},{"SlaversCollar":17,"NeowsBlessing":0,"Mummified Hand":47,"HollowMod:VesselMask":0,"HollowMod:PaleOreRelic":34,"War Paint":34,"Frozen Egg 2":34,"HollowMod:MillibellesNoteRelic":3,"TungstenRod":27}],"TungstenRod":33},"card_choices":[{"not_picked":["HollowMod:ShadowDash","HollowMod:BlackTendrils"],"picked":"HollowMod:DashSlash","floor":1.0},{"not_picked":["HollowMod:TaintedHusks","HollowMod:SoulStrike"],"picked":"HollowMod:DungDefenderAura","floor":3.0},{"not_picked":["HollowMod:NewLittleFool","HollowMod:InfectedCysts","HollowMod:SiblingsSouls"],"picked":"SKIP","floor":11.0},{"not_picked":["HollowMod:InfectedCysts","HollowMod:VengefulVoid"],"picked":"HollowMod:Hiveblood","floor":13.0},{"not_picked":["HollowMod:LifebloodCocoon","HollowMod:WraithStrike"],"picked":"HollowMod:DesolateDive","floor":14.0},{"not_picked":["HollowMod:NewInfectedGuardian","HollowMod:LordofShades"],"picked":"HollowMod:LifebloodCore","floor":16},{"not_picked":["HollowMod:DoubleDash+1","HollowMod:InfectedCysts"],"picked":"HollowMod:CornifersMapStart","floor":18},{"not_picked":["HollowMod:TaintedHusks","HollowMod:Grubsong","HollowMod:DungDefenderAura"],"picked":"SKIP","floor":20},{"not_picked":["HollowMod:TaintedHusks","HollowMod:Grubsong","HollowMod:DungDefenderAura"],"picked":"SKIP","floor":20},{"not_picked":["HollowMod:CoiledNail","HollowMod:SharpenedShadows","HollowMod:ShadowDash"],"picked":"SKIP","floor":23},{"not_picked":["HollowMod:HeavyBlow","HollowMod:SoulStrike","HollowMod:MonarchWings"],"picked":"SKIP","floor":28},{"not_picked":["HollowMod:SoulStrike+1","HollowMod:HeavyBlow"],"picked":"HollowMod:HowlingWraiths+1","floor":30}],"player_experience":320185,"relics_obtained":[{"floor":11.0,"key":"HollowMod:MillibellesNoteRelic"},{"floor":22,"key":"TungstenRod"},{"floor":23,"key":"War Paint"},{"floor":26,"key":"Frozen Egg 2"},{"floor":30,"key":"Mummified Hand"}],"event_choices":[{"damage_healed":0.0,"max_hp_gain":0.0,"max_hp_loss":0.0,"gold_gain":75.0,"event_name":"World of Goop","player_choice":"Gather Gold","floor":2.0,"gold_loss":0.0,"damage_taken":11.0},{"damage_healed":0.0,"max_hp_gain":0.0,"max_hp_loss":0.0,"gold_gain":0.0,"event_name":"Shining Light","player_choice":"Entered Light","floor":4.0,"gold_loss":0.0,"damage_taken":15.0,"cards_upgraded":["HollowMod:FocusHealStart","HollowMod:PogoStrike"]},{"cards_removed":["HollowMod:QuickDashStart"],"damage_healed":0.0,"max_hp_gain":0.0,"max_hp_loss":0.0,"gold_gain":0.0,"event_name":"Bonfire Elementals","player_choice":"Offered Basic","floor":5.0,"gold_loss":0.0,"damage_taken":0.0},{"damage_healed":0,"gold_gain":0,"player_choice":"Got Potions","damage_taken":0,"max_hp_gain":0,"max_hp_loss":0,"event_name":"Lab","floor":19,"gold_loss":0},{"damage_healed":0,"gold_gain":0,"player_choice":"Opened","damage_taken":0,"relics_obtained":["HollowMod:PaleOreRelic"],"max_hp_gain":0,"max_hp_loss":0,"event_name":"The Mausoleum","floor":24,"gold_loss":0,"cards_obtained":["Writhe"]},{"damage_healed":0,"gold_gain":0,"player_choice":"Shed Blood","damage_taken":19,"max_hp_gain":5,"max_hp_loss":0,"event_name":"Forgotten Altar","floor":29,"gold_loss":0},{"damage_healed":0,"gold_gain":99,"player_choice":"Stole From Cult","damage_taken":0,"max_hp_gain":0,"max_hp_loss":0,"event_name":"Nest","floor":31,"gold_loss":0}],"is_beta":false,"boss_relics":[{"not_picked":["Runic Pyramid","Snecko Eye"],"picked":"SlaversCollar"}],"items_purged_floors":[21,27],"is_endless":false,"potions_floor_spawned":[11,13,14,23,28],"killed_by":"Automaton","ascension_level":0}}