{"host":"Penguin","time":1612004191,"event":{"mods":["BaseMod","Colored Map","Colored Powertips","Downfall","Minty Spire (QoL Compilation)","Relic Stats","StSLib","Synergy Search","Unceasing Turn Reminder"],"gold_per_floor":[99,99,99,99,99,173,173,73,73,73,73,105,105,118,135,135,135,135],"floor_reached":16,"language":"ENG","playtime":860,"items_purged":[],"score":94,"play_id":"3f1a225c-1476-42df-9255-f0740f317677","local_time":"20210130115631","is_ascension_mode":false,"campfire_choices":[{"floor":1,"key":"RECALL"},{"data":"champ:Taunt","floor":8,"key":"SMITH"},{"data":"champ:FancyFootwork","floor":13,"key":"SMITH"}],"circlet_count":0,"master_deck":["champ:Strike","champ:Strike","champ:Strike","champ:Strike","champ:Defend+1","champ:Defend","champ:Defend+1","champ:Defend","champ:Execute+1","champ:Taunt+1","champ:Endure","champ:FancyFootwork+1","downfall:Malfunctioning","champ:BringItOn","champ:FocusedBerserking"],"relics":["champ:ChampionCrown","downfall:HeartsMalice","Meat on the Bone","MealTicket","Pantograph","Letter Opener","downfall:HeartBlessingRed","downfall:BrokenWingStatue","Anchor"],"acts_visited":["Exordium"],"potions_floor_usage":[16],"damage_taken":[{"damage":0,"enemies":"2 Louse","floor":2,"turns":1},{"damage":0,"enemies":"Jaw Worm","floor":3,"turns":1},{"damage":0,"enemies":"Small Slimes","floor":9,"turns":1},{"damage":51,"enemies":"Gremlin Nob","floor":12,"turns":5},{"damage":5,"enemies":"3 Louse","floor":14,"turns":4},{"damage":10,"enemies":"2 Fungi Beasts","floor":15,"turns":3},{"damage":114,"enemies":"SI_SHIV_ARCHETYPE","floor":16,"turns":13}],"seed_played":"1562983079061853704","potions_obtained":[{"floor":12,"key":"PowerPotion"},{"floor":14,"key":"Ancient Potion"},{"floor":15,"key":"sneckomod:MuddlingPotion"}],"is_trial":false,"path_per_floor":["R","M","M","?","?","T","T","R","M","?","?","E","R","M","M","B"],"character_chosen":"THE_CHAMP","items_purchased":[],"campfire_rested":0,"item_purchase_floors":[],"current_hp_per_floor":[90,90,90,83,83,83,83,83,83,83,83,64,64,59,59,0,0,0],"gold":135,"neow_bonus":"THREE_ENEMY_KILL","is_daily":false,"chose_seed":false,"campfire_upgraded":2,"win_rate":0.0,"timestamp":1612004191,"path_taken":["R","M","M","?","?","?","T","R","?","?","?","E","R","M","M","BOSS"],"items_purchased_type":[],"build_version":"2020-12-18","purchased_purges":0,"victory":false,"max_hp_per_floor":[90,90,90,90,90,90,90,90,90,90,90,90,90,90,90,90,90,90],"relic_stats":{"counters":[7,25],"Pantograph":25,"MealTicket":0,"Letter Opener":[10],"obtain_stats":[{"Anchor":12,"downfall:BrokenWingStatue":10,"downfall:HeartBlessingRed":8,"Pantograph":6,"champ:ChampionCrown":0,"downfall:HeartsMalice":0,"MealTicket":5,"Letter Opener":7,"Meat on the Bone":4},{"Anchor":4,"downfall:BrokenWingStatue":3,"downfall:HeartBlessingRed":2,"Pantograph":2,"champ:ChampionCrown":0,"downfall:HeartsMalice":0,"MealTicket":2,"Letter Opener":2,"Meat on the Bone":2},{"Anchor":5,"downfall:BrokenWingStatue":0,"downfall:HeartBlessingRed":0,"Pantograph":0,"champ:ChampionCrown":0,"downfall:HeartsMalice":0,"MealTicket":0,"Letter Opener":0,"Meat on the Bone":0}],"Meat on the Bone":12},"card_choices":[{"not_picked":["champ:FlashCut","champ:BladeFlurry","champ:GutPunch"],"picked":"SKIP","floor":2},{"not_picked":["champ:PerfectedStrike","champ:GutPunch"],"picked":"champ:Endure","floor":3},{"not_picked":["champ:CrownThrow","champ:FanOfKnives"],"picked":"champ:FancyFootwork","floor":9},{"not_picked":["champ:FocusedDefense","champ:PerfectedStrike"],"picked":"champ:BringItOn","floor":12},{"not_picked":["champ:TornadoPunch","champ:AdrenalArmor","champ:EndlessRage"],"picked":"SKIP","floor":14},{"not_picked":["champ:Haymaker","champ:CrownThrow"],"picked":"champ:FocusedBerserking","floor":15}],"player_experience":357772,"relics_obtained":[{"floor":6,"key":"Pantograph"},{"floor":7,"key":"Letter Opener"},{"floor":12,"key":"Anchor"}],"event_choices":[{"damage_healed":0,"gold_gain":0,"player_choice":"Success","damage_taken":7,"relics_obtained":["Meat on the Bone"],"max_hp_gain":0,"max_hp_loss":0,"event_name":"Scrap Ooze","floor":4,"gold_loss":0}],"is_beta":true,"boss_relics":[],"items_purged_floors":[],"is_endless":false,"potions_floor_spawned":[12,14,15],"killed_by":"SI_SHIV_ARCHETYPE","ascension_level":0}}