{"host":"tp44ibfkhs2l94sg","time":1612024337,"event":{"mods":["BaseMod","Downfall","Minty Spire (QoL Compilation)","StSLib"],"gold_per_floor":[99,114,130,145,158,158,158,187,197,97,127,140,175,175,193,295,295,295,295,315,326,326,326,326,352,95,136,159,201,201,51,78,190,190,190,208,235,235,235,248,248,148,176,204,204,226,226,226,240,240],"floor_reached":51,"language":"ENG","playtime":6835,"items_purged":[],"score":740,"play_id":"2a9e3544-7e5b-4f8b-a054-1f909b596a98","local_time":"20210130083217","is_ascension_mode":false,"campfire_choices":[{"data":"hexamod:Sear","floor":1.0,"key":"SMITH"},{"data":"hexamod:ChargedBarrage","floor":6.0,"key":"SMITH"},{"data":"hexamod:ChargedBarrage","floor":10.0,"key":"SMITH"},{"data":"hexamod:GhostflameBarrier","floor":18.0,"key":"SMITH"},{"data":"hexamod:Float","floor":23.0,"key":"SMITH"},{"data":"hexamod:WildfireWeapon","floor":35.0,"key":"SMITH"},{"data":"expansioncontent:YouAreMine","floor":42.0,"key":"SMITH"},{"data":"hexamod:GhostOfSpirePast","floor":47.0,"key":"SMITH"}],"circlet_count":0,"master_deck":["hexamod:Defend","hexamod:Defend+1","hexamod:Defend+1","hexamod:Sear+1","hexamod:Float+1","hexamod:EmpoweredFlame","hexamod:InspiringFlames+1","hexamod:ShieldOfDarkness+1","hexamod:ChargedBarrage+1","hexamod:HauntingEcho+1","hexamod:ChargedBarrage+1","hexamod:GhostflameBarrier+1","hexamod:BurningTouch+1","hexamod:EmpoweredFlame","Bite+1","Bite+1","Bite+1","Bite","hexamod:RetreatToShadows+1","hexamod:SearingWound","hexamod:SoulSteal","hexamod:SwordOfDarkness+1","hexamod:GhostflameInferno","hexamod:WildfireWeapon+1","hexamod:GhostOfSpirePast+1","expansioncontent:Chronoboost+1","expansioncontent:YouAreMine+1","expansioncontent:InvincibleStrength+1","hexamod:ShieldOfDarkness+1","hexamod:Firestarter+1","hexamod:SearingWound"],"relics":["hexamod:SpiritBrand","Vajra","Question Card","downfall:HeartBlessingGreen","War Paint","Meat on the Bone","Busted Crown","Kunai","hexamod:InflammatoryLetter","Unceasing Top","Potion Belt","Tiny Chest","Philosopher\u0027s Stone","downfall:HeartBlessingBlue","Bottled Tornado","hexamod:TheBrokenSeal"],"acts_visited":["Exordium","TheCity","TheBeyond"],"potions_floor_usage":[50],"damage_taken":[{"damage":0.0,"enemies":"Small Slimes","floor":2.0,"turns":4.0},{"damage":0.0,"enemies":"Cultist","floor":3.0,"turns":3.0},{"damage":0.0,"enemies":"2 Louse","floor":4.0,"turns":4.0},{"damage":0.0,"enemies":"Large Slime","floor":5.0,"turns":6.0},{"damage":26.0,"enemies":"3 Sentries","floor":8.0,"turns":8.0},{"damage":0.0,"enemies":"3 Louse","floor":9.0,"turns":6.0},{"damage":24.0,"enemies":"Gremlin Nob","floor":11.0,"turns":5.0},{"damage":15.0,"enemies":"Gremlin Gang","floor":12.0,"turns":6.0},{"damage":1.0,"enemies":"Lagavulin","floor":13.0,"turns":6.0},{"damage":0.0,"enemies":"3 Louse","floor":14.0,"turns":1.0},{"damage":0.0,"enemies":"2 Fungi Beasts","floor":15.0,"turns":4.0},{"damage":11.0,"enemies":"SI_SHIV_ARCHETYPE","floor":16.0,"turns":7.0},{"damage":1.0,"enemies":"3 Byrds","floor":20.0,"turns":5.0},{"damage":4.0,"enemies":"Spheric Guardian","floor":21.0,"turns":4.0},{"damage":13.0,"enemies":"Snake Plant","floor":25.0,"turns":7.0},{"damage":0.0,"enemies":"downfall:FleeingMerchant","floor":26.0,"turns":4.0},{"damage":40.0,"enemies":"Slavers","floor":27.0,"turns":10.0},{"damage":38.0,"enemies":"Sentry and Sphere","floor":28.0,"turns":7.0},{"damage":51.0,"enemies":"Gremlin Leader","floor":29.0,"turns":9.0},{"damage":0.0,"enemies":"downfall:FleeingMerchant","floor":31.0,"turns":4.0},{"damage":3.0,"enemies":"Snecko","floor":32.0,"turns":4.0},{"damage":34.0,"enemies":"WA_ARCHETYPE_CALM","floor":33.0,"turns":15.0},{"damage":3.0,"enemies":"Orb Walker","floor":36.0,"turns":3.0},{"damage":29.0,"enemies":"3 Darklings","floor":37.0,"turns":7.0},{"damage":18.0,"enemies":"Maw","floor":40.0,"turns":9.0},{"damage":13.0,"enemies":"Spire Growth","floor":43.0,"turns":5.0},{"damage":14.0,"enemies":"3 Darklings","floor":44.0,"turns":9.0},{"damage":19.0,"enemies":"Maw","floor":46.0,"turns":9.0},{"damage":6,"enemies":"Transient","floor":49,"turns":5},{"damage":87,"enemies":"DF_ARCHETYPE_ORBS","floor":50,"turns":9}],"seed_played":"-1433171759630773527","potions_obtained":[{"floor":4.0,"key":"PowerPotion"},{"floor":5.0,"key":"Regen Potion"},{"floor":8.0,"key":"Regen Potion"},{"floor":12.0,"key":"Fruit Juice"},{"floor":13.0,"key":"EntropicBrew"},{"floor":19.0,"key":"EssenceOfSteel"},{"floor":19.0,"key":"FairyPotion"},{"floor":20.0,"key":"SkillPotion"},{"floor":25.0,"key":"Regen Potion"},{"floor":26.0,"key":"EssenceOfSteel"},{"floor":27.0,"key":"BlessingOfTheForge"},{"floor":28.0,"key":"Ancient Potion"},{"floor":28.0,"key":"Swift Potion"},{"floor":29.0,"key":"Ancient Potion"},{"floor":32.0,"key":"Dexterity Potion"},{"floor":33.0,"key":"Fruit Juice"},{"floor":33.0,"key":"Swift Potion"},{"floor":36.0,"key":"EntropicBrew"},{"floor":37.0,"key":"Dexterity Potion"},{"floor":37.0,"key":"Fruit Juice"},{"floor":40.0,"key":"Fruit Juice"},{"floor":43.0,"key":"Guardian:BlockOnCardUsePotion"},{"floor":44.0,"key":"BlessingOfTheForge"},{"floor":46.0,"key":"bronze:BurnAndBuffPotion"}],"is_trial":false,"path_per_floor":["R","M","M","M","M","R","T","E","M","R","E","M","E","M","M","B",null,"R","?","M","M","?","R","T","M","$","E","M","E","?","$","M","B",null,"R","M","M","?","?","M","T","R","M","M","T","M","R","?","M","B",null],"character_chosen":"THE_SPIRIT","items_purchased":["hexamod:InflammatoryLetter","Tiny Chest"],"campfire_rested":0,"item_purchase_floors":[26,31],"current_hp_per_floor":[77,77,77,77,77,77,77,51,66,66,56,46,52,52,59,48,82,82,82,82,82,57,57,57,57,57,37,22,33,33,47,54,53,62,62,62,57,47,52,68,68,78,78,82,82,92,92,92,86,28],"gold":240,"neow_bonus":"TEN_PERCENT_HP_BONUS","is_daily":false,"chose_seed":false,"campfire_upgraded":8,"win_rate":0.0,"timestamp":1612024337,"path_taken":["R","M","M","M","M","R","T","E","M","R","E","M","E","M","M","BOSS","R","?","M","?","?","R","T","M","$","E","M","E","?","$","M","BOSS","R","M","M","?","?","?","T","R","M","M","?","M","R","?","M","BOSS"],"items_purchased_type":["Relic","Relic"],"build_version":"2020-12-22","purchased_purges":0,"victory":true,"max_hp_per_floor":[77,77,77,77,77,77,77,77,77,77,77,82,82,82,82,82,82,82,82,82,82,57,57,57,57,57,57,57,57,57,57,57,62,62,62,62,67,67,67,72,72,82,82,82,82,92,92,92,92,92],"card_choices":[{"not_picked":["hexamod:NightmareGuise","hexamod:RecurringNightmare"],"picked":"hexamod:EmpoweredFlame","floor":2.0},{"not_picked":["hexamod:PhantomCloak","hexamod:AdvancingGuard"],"picked":"hexamod:InspiringFlames","floor":3.0},{"not_picked":["hexamod:AdvancingGuard","hexamod:NightmareGuise"],"picked":"hexamod:ShieldOfDarkness","floor":4.0},{"not_picked":["hexamod:HeatMetal","hexamod:PhantomCloak"],"picked":"hexamod:ChargedBarrage","floor":5.0},{"not_picked":["hexamod:NightmareGuise","hexamod:Firestarter"],"picked":"hexamod:HauntingEcho","floor":8.0},{"not_picked":["hexamod:PhantomFireball","hexamod:NightmareStrike","hexamod:GhostShield"],"picked":"hexamod:ChargedBarrage","floor":9.0},{"not_picked":["hexamod:Rewind","hexamod:ThermalTransfer","hexamod:Again"],"picked":"hexamod:FirstSeal","floor":11.0},{"not_picked":["hexamod:TimeWarp","hexamod:BacktrackSmack","hexamod:RecurringNightmare"],"picked":"hexamod:GhostflameBarrier","floor":12.0},{"not_picked":["hexamod:HauntingEcho","hexamod:InspiringFlames","hexamod:EtherealExpedition"],"picked":"hexamod:BurningTouch","floor":13.0},{"not_picked":["hexamod:AdvancingGuard","hexamod:SpectersWail","hexamod:Again","hexamod:HeatMetal"],"picked":"SKIP","floor":15.0},{"not_picked":["hexamod:ParanormalForm","hexamod:GhostOfSpirePresent","hexamod:SixthSeal"],"picked":"hexamod:FifthSeal","floor":16.0},{"not_picked":["hexamod:FourthSeal","hexamod:ThirdSeal"],"picked":"hexamod:SixthSeal","floor":20.0},{"not_picked":["hexamod:SpectersWail","hexamod:NightmareGuise"],"picked":"SKIP","floor":20.0},{"not_picked":["hexamod:FirstSeal","hexamod:FourthSeal"],"picked":"hexamod:SecondSeal","floor":21.0},{"not_picked":["hexamod:NightmareGuise"],"picked":"hexamod:EmpoweredFlame","floor":21.0},{"not_picked":["hexamod:SecondSeal","hexamod:SixthSeal"],"picked":"hexamod:FourthSeal","floor":25.0},{"not_picked":["hexamod:NightmareStrike","hexamod:GhostShield"],"picked":"SKIP","floor":25.0},{"not_picked":["hexamod:StepThrough"],"picked":"hexamod:RetreatToShadows","floor":26.0},{"not_picked":["hexamod:HeatMetal+1"],"picked":"hexamod:SearingWound","floor":27.0},{"not_picked":["hexamod:SecondSeal","hexamod:FirstSeal"],"picked":"hexamod:ThirdSeal","floor":28.0},{"not_picked":["hexamod:SwordOfDarkness+1","hexamod:GhostLash+1"],"picked":"SKIP","floor":28.0},{"not_picked":["hexamod:RetreatToShadows","hexamod:NightmareStrike"],"picked":"SKIP","floor":29.0},{"not_picked":["hexamod:NightmareGuise","hexamod:EtherealExpedition"],"picked":"SKIP","floor":31.0},{"not_picked":["hexamod:SkipABeat+1"],"picked":"hexamod:SoulSteal","floor":32.0},{"not_picked":["hexamod:Again"],"picked":"hexamod:SwordOfDarkness+1","floor":32.0},{"not_picked":["hexamod:UnleashSpirits"],"picked":"hexamod:GhostflameInferno","floor":33.0},{"not_picked":["hexamod:ForkedFlame"],"picked":"hexamod:WildfireWeapon","floor":33.0},{"not_picked":["hexamod:HeatMetal+1"],"picked":"hexamod:GhostOfSpirePast","floor":36.0},{"not_picked":["hexamod:StepThrough","hexamod:AdvancingGuard"],"picked":"SKIP","floor":36.0},{"not_picked":["hexamod:FastForward+1","hexamod:EmpoweredFlame"],"picked":"SKIP","floor":37.0},{"not_picked":["hexamod:BacktrackSmack+1","hexamod:NightmareStrike"],"picked":"SKIP","floor":37.0},{"not_picked":["expansioncontent:PrepareCrush","expansioncontent:GuardianWhirl"],"picked":"expansioncontent:Chronoboost","floor":38.0},{"not_picked":["expansioncontent:HyperBeam","expansioncontent:PrepareCrush"],"picked":"expansioncontent:YouAreMine","floor":38.0},{"not_picked":["expansioncontent:PrepareCrush","expansioncontent:YouAreMine"],"picked":"expansioncontent:InvincibleStrength","floor":38.0},{"not_picked":["hexamod:InspiringFlames"],"picked":"hexamod:ShieldOfDarkness+1","floor":40.0},{"not_picked":["hexamod:SwordOfDarkness+1"],"picked":"hexamod:Firestarter+1","floor":40.0},{"not_picked":["hexamod:GhostLash+1","hexamod:AdvancingGuard+1"],"picked":"SKIP","floor":43.0},{"not_picked":["hexamod:GhostOfSpirePast+1","hexamod:Firestarter"],"picked":"SKIP","floor":43.0},{"not_picked":["hexamod:HauntingEcho","hexamod:FourthSeal"],"picked":"SKIP","floor":44.0},{"not_picked":["hexamod:RetreatToShadows","hexamod:ShieldOfDarkness"],"picked":"SKIP","floor":44.0},{"not_picked":["hexamod:FourthSeal"],"picked":"hexamod:SearingWound","floor":46.0},{"not_picked":["hexamod:BacktrackSmack+1","hexamod:InspiringFlames"],"picked":"SKIP","floor":49}],"player_experience":1110504,"relics_obtained":[{"floor":7.0,"key":"Vajra"},{"floor":8.0,"key":"Question Card"},{"floor":11.0,"key":"War Paint"},{"floor":13.0,"key":"Meat on the Bone"},{"floor":24.0,"key":"Kunai"},{"floor":27.0,"key":"Unceasing Top"},{"floor":29.0,"key":"Potion Belt"},{"floor":45.0,"key":"Bottled Tornado"}],"event_choices":[{"damage_healed":0.0,"max_hp_gain":0.0,"max_hp_loss":0.0,"gold_gain":0.0,"event_name":"Lab","player_choice":"Got Potions","floor":19.0,"gold_loss":0.0,"damage_taken":0.0},{"damage_healed":0.0,"max_hp_gain":0.0,"max_hp_loss":25.0,"gold_gain":0.0,"event_name":"Vampires","player_choice":"Became a vampire","floor":22.0,"gold_loss":0.0,"damage_taken":0.0,"cards_obtained":["Bite","Bite","Bite","Bite","Bite"]},{"cards_removed":["Bite"],"damage_healed":5.0,"max_hp_gain":0.0,"max_hp_loss":0.0,"gold_gain":0.0,"event_name":"Bonfire Elementals","player_choice":"Offered Special","floor":39.0,"gold_loss":0.0,"damage_taken":0.0}],"is_beta":false,"boss_relics":[{"not_picked":["SacredBark","Astrolabe"],"picked":"Busted Crown"},{"not_picked":["Runic Dome","Black Star"],"picked":"Philosopher\u0027s Stone"}],"items_purged_floors":[],"is_endless":false,"potions_floor_spawned":[4,5,8,12,13,20,25,27,28,33,37,46],"ascension_level":0}}