{"host":"sygfylmorsvdndbx","time":1612023932,"event":{"mods":["AchievementEnabler","BaseMod","Highlight Path","Minty Spire (QoL Compilation)","Permanent Neow","Quick Restart","Relic Stats"],"gold_per_floor":[113,113,125,136,153,153,167,167,213,244,244,279,279,292,292,416,416,439,457,482,115,140,140,189,189,264,264,264],"floor_reached":27,"language":"ENG","playtime":2566,"items_purged":["Strike_B"],"score":343,"play_id":"eba48e38-a110-435e-8070-c0ae807c0eda","local_time":"20210130112532","is_ascension_mode":true,"campfire_choices":[{"data":"Zap","floor":6,"key":"SMITH"},{"data":"Electrodynamics","floor":8,"key":"SMITH"},{"data":"Dualcast","floor":11,"key":"SMITH"},{"data":"Redo","floor":15,"key":"SMITH"},{"data":"All For One","floor":23,"key":"SMITH"},{"data":"Beam Cell","floor":25,"key":"SMITH"}],"circlet_count":0,"master_deck":["Strike_B+1","Strike_B+1","Defend_B","Defend_B","Defend_B","Zap+1","Dualcast+1","Redo+1","Electrodynamics+1","Steam","Chill","Compile Driver","Echo Form","Conserve Battery","All For One+1","White Noise","Streamline+1","Redo+1","Coolheaded","Ball Lightning","Beam Cell+1"],"relics":["Empty Cage","Toy Ornithopter","Blue Candle","MealTicket","Golden Idol","Nuclear Battery","Bottled Tornado","CeramicFish","The Courier"],"acts_visited":["Exordium","TheCity"],"potions_floor_usage":[10,14,16,24],"damage_taken":[{"damage":2.0,"enemies":"Jaw Worm","floor":1.0,"turns":3.0},{"damage":2.0,"enemies":"Small Slimes","floor":3.0,"turns":4.0},{"damage":1,"enemies":"Cultist","floor":4,"turns":3},{"damage":9,"enemies":"3 Louse","floor":5,"turns":2},{"damage":0,"enemies":"2 Fungi Beasts","floor":7,"turns":2},{"damage":1,"enemies":"Gremlin Nob","floor":10,"turns":3},{"damage":4,"enemies":"3 Sentries","floor":12,"turns":4},{"damage":0,"enemies":"Lots of Slimes","floor":14,"turns":3},{"damage":11,"enemies":"Slime Boss","floor":16,"turns":8},{"damage":0,"enemies":"3 Byrds","floor":18,"turns":2},{"damage":12,"enemies":"Chosen","floor":19,"turns":2},{"damage":25,"enemies":"Snake Plant","floor":20,"turns":4},{"damage":0,"enemies":"Snecko","floor":22,"turns":3},{"damage":14,"enemies":"Book of Stabbing","floor":24,"turns":4},{"damage":34,"enemies":"Shelled Parasite and Fungi","floor":27,"turns":2}],"seed_played":"8739330756112921277","potions_obtained":[{"floor":1.0,"key":"SneckoOil"},{"floor":7,"key":"BlessingOfTheForge"},{"floor":10,"key":"Explosive Potion"},{"floor":12,"key":"Dexterity Potion"},{"floor":19,"key":"EssenceOfDarkness"},{"floor":20,"key":"EssenceOfSteel"},{"floor":24,"key":"GamblersBrew"}],"is_trial":false,"path_per_floor":["M","?","M","M","M","R","M","R","T","E","R","E","?","M","R","B",null,"M","M","M","$","M","R","E","R","T","M"],"character_chosen":"DEFECT","items_purchased":["Bottled Tornado","Coolheaded"],"campfire_rested":0,"item_purchase_floors":[21,21],"current_hp_per_floor":[66,51,49,48,39,39,39,39,39,43,43,39,39,44,44,38,61,61,49,24,39,39,39,30,30,30,0,0],"gold":264,"neow_bonus":"BOSS_RELIC","is_daily":false,"chose_seed":false,"campfire_upgraded":6,"win_rate":0.0,"timestamp":1612023932,"path_taken":["M","?","M","M","M","R","M","R","T","E","R","E","?","M","R","BOSS","M","M","M","$","M","R","E","R","T","M"],"items_purchased_type":["Relic","Card"],"build_version":"2020-12-22","purchased_purges":1,"victory":false,"max_hp_per_floor":[75,75,75,75,75,75,75,75,75,75,75,75,69,69,69,69,69,69,69,69,69,69,69,69,69,69,69,69],"relic_stats":{"counters":[15,49],"Golden Idol":55,"Blue Candle":[0],"CeramicFish":9,"MealTicket":15,"obtain_stats":[{"Golden Idol":13,"Blue Candle":10,"CeramicFish":24,"MealTicket":12,"The Courier":26,"Bottled Tornado":21,"Cracked Core":0,"Empty Cage":0,"Toy Ornithopter":9,"Nuclear Battery":17},{"Golden Idol":7,"Blue Candle":6,"CeramicFish":14,"MealTicket":7,"The Courier":14,"Bottled Tornado":12,"Cracked Core":0,"Empty Cage":0,"Toy Ornithopter":5,"Nuclear Battery":9},{"Golden Idol":21,"Blue Candle":17,"CeramicFish":47,"MealTicket":21,"The Courier":47,"Bottled Tornado":40,"Cracked Core":0,"Empty Cage":0,"Toy Ornithopter":14,"Nuclear Battery":32}],"Toy Ornithopter":20},"card_choices":[{"not_picked":["Hello World","Force Field"],"picked":"Redo","floor":1.0},{"not_picked":["Redo","Rip and Tear","Barrage"],"picked":"SKIP","floor":3.0},{"not_picked":["Rebound","Blizzard"],"picked":"Electrodynamics","floor":4},{"not_picked":["Coolheaded","Compile Driver"],"picked":"Steam","floor":5},{"not_picked":["Streamline","Sweeping Beam"],"picked":"Chill","floor":7},{"not_picked":["Streamline","Leap"],"picked":"Compile Driver","floor":10},{"not_picked":["Redo","Steam"],"picked":"Echo Form","floor":12},{"not_picked":["Steam","Sweeping Beam"],"picked":"Conserve Battery","floor":14},{"not_picked":["Hyperbeam","Rainbow"],"picked":"All For One","floor":16},{"not_picked":["Streamline","Steam Power"],"picked":"White Noise","floor":18},{"not_picked":["Sweeping Beam","White Noise"],"picked":"Streamline+1","floor":19},{"not_picked":["Conserve Battery","Ball Lightning"],"picked":"Redo+1","floor":20},{"not_picked":["Conserve Battery","Sweeping Beam"],"picked":"Ball Lightning","floor":22},{"not_picked":["Scrape","Stack"],"picked":"Beam Cell","floor":24}],"player_experience":356169,"relics_obtained":[{"floor":9,"key":"Toy Ornithopter"},{"floor":10,"key":"Blue Candle"},{"floor":12,"key":"MealTicket"},{"floor":24,"key":"CeramicFish"},{"floor":26,"key":"The Courier"}],"event_choices":[{"damage_healed":0.0,"max_hp_gain":0.0,"max_hp_loss":0.0,"gold_gain":0.0,"event_name":"Shining Light","player_choice":"Entered Light","floor":2.0,"gold_loss":0.0,"damage_taken":15.0,"cards_upgraded":["Strike_B","Strike_B"]},{"damage_healed":0,"gold_gain":0,"player_choice":"Lose Max HP","damage_taken":0,"relics_obtained":["Golden Idol"],"max_hp_gain":0,"max_hp_loss":6,"event_name":"Golden Idol","floor":13,"gold_loss":0}],"is_beta":false,"boss_relics":[{"not_picked":["Coffee Dripper","Busted Crown"],"picked":"Nuclear Battery"}],"items_purged_floors":[21],"is_endless":false,"potions_floor_spawned":[1,7,10,12,19,20,24],"killed_by":"Shelled Parasite and Fungi","ascension_level":8}}