{"host":"vhvubw4jk4f204qs","time":1612032443,"event":{"mods":["AchievementEnabler","BaseMod","DeckTracker","GifTheSpireLib","Minty Spire (QoL Compilation)","Permanent Neow","Quick Restart","StSLib","SuperFastMode","The IronCluck","slay the spire mod where everything is the same but ironclad has a cowboy hat"],"gold_per_floor":[17,32,50,50,69,100,100,100,127,141,171,171,198,212,212,212,212],"floor_reached":16,"language":"ENG","playtime":746,"items_purged":[],"score":153,"play_id":"2ca10a81-2c4b-4f1f-b757-393182d30bd6","local_time":"20210130134723","is_ascension_mode":true,"campfire_choices":[{"data":"Double Tap","floor":8,"key":"SMITH"},{"data":"True Grit","floor":12,"key":"SMITH"},{"floor":15,"key":"REST"}],"circlet_count":0,"master_deck":["Strike_R","Strike_R","Strike_R","Strike_R","Defend_R","Defend_R","Defend_R","Defend_R","Bash","Burning Pact","Fire Breathing+1","Power Through","Cleave","Second Wind","Double Tap+1","True Grit+1","Immolate"],"relics":["Burning Blood","WingedGreaves","Vajra","Anchor","Bag of Marbles","Art of War"],"acts_visited":["Exordium"],"potions_floor_usage":[5,10,11,13],"damage_taken":[{"damage":20,"enemies":"Small Slimes","floor":1,"turns":3},{"damage":11,"enemies":"Jaw Worm","floor":2,"turns":5},{"damage":6,"enemies":"Cultist","floor":3,"turns":4},{"damage":8,"enemies":"Looter","floor":5,"turns":3},{"damage":15,"enemies":"3 Sentries","floor":6,"turns":4},{"damage":0,"enemies":"2 Fungi Beasts","floor":10,"turns":4},{"damage":15,"enemies":"Lagavulin","floor":11,"turns":7},{"damage":29,"enemies":"Gremlin Nob","floor":13,"turns":5},{"damage":0,"enemies":"Exordium Wildlife","floor":14,"turns":1},{"damage":56,"enemies":"Hexaghost","floor":16,"turns":11}],"seed_played":"-8559793656462415559","potions_obtained":[{"floor":1,"key":"FearPotion"},{"floor":2,"key":"SkillPotion"},{"floor":5,"key":"Explosive Potion"},{"floor":6,"key":"Weak Potion"}],"is_trial":false,"path_per_floor":["M","M","M","?","M","E","?","R","T","M","E","R","E","M","R","B"],"character_chosen":"IRONCLAD","items_purchased":[],"campfire_rested":1,"item_purchase_floors":[],"current_hp_per_floor":[66,61,61,61,59,50,50,50,50,56,47,47,24,30,54,0,0],"gold":212,"neow_bonus":"ONE_RARE_RELIC","is_daily":false,"chose_seed":false,"campfire_upgraded":2,"win_rate":0.0,"timestamp":1612032443,"path_taken":["M","M","M","?","M","E","?","R","T","M","E","R","E","?","R","BOSS"],"items_purchased_type":[],"build_version":"2020-12-22","purchased_purges":0,"victory":false,"max_hp_per_floor":[80,80,80,80,80,80,80,80,80,80,80,80,80,80,80,80,80],"card_choices":[{"not_picked":["Bloodletting","True Grit"],"picked":"Burning Pact","floor":1},{"not_picked":["Clothesline","Clash"],"picked":"Fire Breathing","floor":2},{"not_picked":["Shockwave","Iron Wave"],"picked":"Power Through","floor":3},{"not_picked":["Perfected Strike","Sword Boomerang"],"picked":"Cleave","floor":5},{"not_picked":["Twin Strike","Dual Wield"],"picked":"Second Wind","floor":6},{"not_picked":["Second Wind","Armaments","Thunderclap"],"picked":"SKIP","floor":10},{"not_picked":["Cleave","Flex"],"picked":"True Grit","floor":11},{"not_picked":["Iron Wave","Headbutt"],"picked":"Immolate","floor":13},{"not_picked":["Sword Boomerang","Havoc","Cleave"],"picked":"SKIP","floor":14}],"player_experience":749107,"relics_obtained":[{"floor":6,"key":"Vajra"},{"floor":9,"key":"Anchor"},{"floor":11,"key":"Bag of Marbles"},{"floor":13,"key":"Art of War"}],"event_choices":[{"damage_healed":0,"gold_gain":0,"player_choice":"Grow","damage_taken":0,"max_hp_gain":0,"max_hp_loss":0,"event_name":"Living Wall","floor":4,"gold_loss":0,"cards_upgraded":["Fire Breathing"]},{"damage_healed":0,"gold_gain":0,"cards_transformed":["Strike_R"],"player_choice":"Transformed","damage_taken":0,"max_hp_gain":0,"max_hp_loss":0,"event_name":"Transmorgrifier","floor":7,"gold_loss":0,"cards_obtained":["Double Tap"]}],"is_beta":false,"boss_relics":[],"items_purged_floors":[],"is_endless":false,"potions_floor_spawned":[1,2,5,6],"killed_by":"Hexaghost","ascension_level":5}}