{"host":"4k1o517shm2ba6vh","time":1612051109,"event":{"mods":["AchievementEnabler","BaseMod","Minty Spire (QoL Compilation)","StSLib","The Poker Player","everything is the same but u backflip on backflip"],"gold_per_floor":[111,129,129,146,156,183,203,234,259,259,289,304,339,339,339,339,339],"floor_reached":16,"language":"ENG","playtime":566,"items_purged":[],"score":211,"play_id":"187e0e89-d588-4570-9f5b-b0cd3cd2ac03","local_time":"20210130175829","is_ascension_mode":true,"campfire_choices":[{"floor":10,"key":"REST"},{"data":"Adrenaline","floor":15,"key":"SMITH"}],"circlet_count":0,"master_deck":["AscendersBane","Strike_G","Strike_G","Strike_G","Strike_G","Strike_G","Defend_G","Defend_G","Defend_G","Defend_G","Defend_G","Survivor","Neutralize","Swift Strike","Dash","Predator","Terror","Flying Knee","Caltrops","Caltrops","Adrenaline+1","Backflip","Backstab","Leg Sweep","Parasite"],"relics":["Ring of the Snake","Orichalcum","Paper Crane","Snake Skull","Juzu Bracelet","Bag of Preparation","Art of War"],"acts_visited":["Exordium"],"potions_floor_usage":[7,8,8,13],"damage_taken":[{"damage":0,"enemies":"Jaw Worm","floor":1,"turns":4},{"damage":0,"enemies":"2 Louse","floor":2,"turns":2},{"damage":0,"enemies":"Small Slimes","floor":4,"turns":3},{"damage":1,"enemies":"Exordium Wildlife","floor":5,"turns":3},{"damage":16,"enemies":"Gremlin Nob","floor":6,"turns":4},{"damage":0,"enemies":"Large Slime","floor":7,"turns":3},{"damage":19,"enemies":"Lagavulin","floor":8,"turns":7},{"damage":5,"enemies":"Gremlin Nob","floor":11,"turns":4},{"damage":3,"enemies":"Blue Slaver","floor":12,"turns":3},{"damage":10,"enemies":"Lagavulin","floor":13,"turns":6},{"damage":30,"enemies":"Slime Boss","floor":16,"turns":5}],"seed_played":"-7192396836231647319","potions_obtained":[{"floor":1,"key":"Fire Potion"},{"floor":5,"key":"PowerPotion"},{"floor":7,"key":"Energy Potion"},{"floor":8,"key":"SpeedPotion"},{"floor":12,"key":"EssenceOfSteel"}],"is_trial":false,"path_per_floor":["M","M","?","M","M","E","M","E","T","R","E","M","E","?","R","B"],"character_chosen":"THE_SILENT","items_purchased":[],"campfire_rested":1,"item_purchase_floors":[],"current_hp_per_floor":[63,63,45,45,44,28,28,9,9,30,25,22,12,29,29,0,0],"gold":339,"neow_bonus":"RANDOM_COLORLESS","is_daily":false,"chose_seed":false,"campfire_upgraded":1,"win_rate":0.0,"timestamp":1612051109,"path_taken":["M","M","?","M","M","E","M","E","T","R","E","M","E","?","R","BOSS"],"items_purchased_type":[],"build_version":"2020-12-22","purchased_purges":0,"victory":false,"max_hp_per_floor":[70,70,70,70,70,70,70,70,70,70,70,70,70,70,70,70,70],"card_choices":[{"not_picked":["Forethought","Dark Shackles"],"picked":"Swift Strike","floor":0},{"not_picked":["Quick Slash","Poisoned Stab"],"picked":"Dash","floor":1},{"not_picked":["Heel Hook","Sucker Punch"],"picked":"Predator","floor":2},{"not_picked":["Prepared","Skewer"],"picked":"Terror","floor":4},{"not_picked":["Deadly Poison","Heel Hook"],"picked":"Flying Knee","floor":5},{"not_picked":["Acrobatics","Calculated Gamble"],"picked":"Caltrops","floor":6},{"not_picked":["Bane","Dagger Throw"],"picked":"Caltrops","floor":7},{"not_picked":["Deflect","Bouncing Flask"],"picked":"Adrenaline","floor":8},{"not_picked":["Outmaneuver","Flying Knee"],"picked":"Backflip","floor":11},{"not_picked":["Prepared","Skewer"],"picked":"Backstab","floor":12},{"not_picked":["Quick Slash","Flying Knee"],"picked":"Leg Sweep","floor":13}],"player_experience":440592,"relics_obtained":[{"floor":6,"key":"Paper Crane"},{"floor":8,"key":"Snake Skull"},{"floor":9,"key":"Juzu Bracelet"},{"floor":11,"key":"Bag of Preparation"},{"floor":13,"key":"Art of War"}],"event_choices":[{"damage_healed":0,"gold_gain":0,"player_choice":"Success","damage_taken":18,"relics_obtained":["Orichalcum"],"max_hp_gain":0,"max_hp_loss":0,"event_name":"Scrap Ooze","floor":3,"gold_loss":0},{"damage_healed":17,"gold_gain":0,"player_choice":"Healed and dodged fight","damage_taken":0,"max_hp_gain":0,"max_hp_loss":0,"event_name":"Mushrooms","floor":14,"gold_loss":0,"cards_obtained":["Parasite"]}],"is_beta":false,"boss_relics":[],"items_purged_floors":[],"is_endless":false,"potions_floor_spawned":[1,5,7,8,12],"killed_by":"Slime Boss","ascension_level":12}}