{"host":"dn6kke80v5f7isus","time":1612042898,"event":{"mods":["AchievementEnabler","Act Like it!","BaseMod","Colored Powertips","Custom Start","Defuse TimeMaze Blight","Gremlin Skip","Highlight Path","Hubris","Infinite Spire","Marisa????????","Minty Spire (QoL Compilation)","Rare Cards Sparkle","Reliquary","Replay The Spire","StSLib","The Servant 0.9.4","Uncapped","Unceasing Turn Reminder"],"gold_per_floor":[112,112,112,128,128,158,158,158,158],"floor_reached":8,"language":"ENG","playtime":169,"items_purged":[],"score":57,"play_id":"1fa6ef54-1b4b-4707-a56d-bc864e950156","local_time":"20210130164138","is_ascension_mode":true,"campfire_choices":[],"circlet_count":0,"master_deck":["Strike_MRS","Strike_MRS","Defend_MRS","Defend_MRS","Defend_MRS","MasterSpark","UpSweep","SporeBomb","AsteroidBelt","PropBag"],"relics":["MiniHakkero","ReplayFunnel","Golden Idol","Blue Candle"],"acts_visited":["Exordium"],"potions_floor_usage":[],"damage_taken":[{"damage":9,"enemies":"2 Louse","floor":1,"turns":3},{"damage":7,"enemies":"Small Slimes","floor":4,"turns":3},{"damage":15,"enemies":"Replay:BlueRogue","floor":6,"turns":5},{"damage":18,"enemies":"Lagavulin","floor":8,"turns":3}],"seed_played":"3618763808229495351","potions_obtained":[],"is_trial":false,"path_per_floor":["M","?","?","M","?","E","?","E"],"character_chosen":"MARISA","items_purchased":[],"campfire_rested":0,"item_purchase_floors":[],"current_hp_per_floor":[66,66,66,59,59,44,26,8,8],"gold":158,"neow_bonus":"REMOVE_CARD","is_daily":false,"chose_seed":false,"campfire_upgraded":0,"win_rate":0.0,"timestamp":1612042898,"path_taken":["M","?","?","M","?","E","?","E"],"items_purchased_type":[],"build_version":"2020-12-22","purchased_purges":0,"victory":false,"max_hp_per_floor":[75,75,75,75,75,75,75,75,75],"card_choices":[{"not_picked":["Acceleration","GalacticHalo"],"picked":"SporeBomb","floor":1},{"not_picked":["StarlightTyphoon","Acceleration"],"picked":"AsteroidBelt","floor":4},{"not_picked":["IllusionStar","LuminesStrike"],"picked":"PropBag","floor":6}],"player_experience":408231,"relics_obtained":[{"floor":6,"key":"ReplayFunnel"}],"event_choices":[{"cards_removed":["Strike_MRS"],"damage_healed":0,"gold_gain":0,"player_choice":"Forget","damage_taken":0,"max_hp_gain":0,"max_hp_loss":0,"event_name":"Living Wall","floor":2,"gold_loss":0},{"damage_healed":0,"gold_gain":0,"player_choice":"Take Damage","damage_taken":18,"relics_obtained":["Golden Idol"],"max_hp_gain":0,"max_hp_loss":0,"event_name":"Golden Idol","floor":7,"gold_loss":0}],"is_beta":false,"boss_relics":[],"items_purged_floors":[],"is_endless":false,"potions_floor_spawned":[],"killed_by":"Lagavulin","ascension_level":1}}