{"host":"jhy70w0yh8dayqay","time":1612032345,"event":{"mods":["AchievementEnabler","BaseMod","Colored Map","Colored Powertips","DeckTracker","Minty Spire (QoL Compilation)","Permanent Neow","SuperFastMode"],"gold_per_floor":[212,26,37,51,51,84,84,114,114,143,143,20,59,59,59,152,152,170,70,84,107,130,130,130,149,175,215,242,277,277,295,295,385,385,401,457,476,476,47,85,97,153,165,177,189,26,26,51,51,51],"floor_reached":51,"language":"KOR","playtime":2233,"items_purged":["Strike_R","Rupture","Bash"],"score":1508,"play_id":"4aa49c7b-0c90-4abe-93d6-4b51b2bf1d2d","local_time":"20210131034545","is_ascension_mode":true,"campfire_choices":[{"data":"Apotheosis","floor":7.0,"key":"SMITH"},{"floor":15.0,"key":"REST"},{"floor":23.0,"key":"REST"},{"floor":30.0,"key":"REST"},{"floor":32.0,"key":"REST"},{"floor":41,"key":"REST"},{"data":"Thunderclap","floor":44,"key":"PURGE"},{"data":"Iron Wave","floor":49,"key":"PURGE"}],"circlet_count":0,"master_deck":["AscendersBane","Thunderclap","Apotheosis+1","Hemokinesis","Feel No Pain","Second Wind","Second Wind","Fire Breathing","Shrug It Off","Pommel Strike","Corruption","Clothesline","Headbutt","Spot Weakness","Fire Breathing","Shockwave+1","Shrug It Off","Feel No Pain","Evolve","Sentinel","Dark Embrace","Offering","Body Slam+1","Master of Strategy","Secret Technique"],"relics":["Burning Blood","Dead Branch","Mercury Hourglass","Mango","Bottled Lightning","Question Card","Golden Idol","Matryoshka","Pandora\u0027s Box","Nunchaku","Juzu Bracelet","Boot","Sundial","MealTicket","Calipers","Mark of Pain","Incense Burner","Peace Pipe","MawBank","Akabeko","Ancient Tea Set"],"acts_visited":["Exordium","TheCity","TheBeyond"],"potions_floor_usage":[50],"damage_taken":[{"damage":2.0,"enemies":"2 Louse","floor":1.0,"turns":3.0},{"damage":5.0,"enemies":"Jaw Worm","floor":3.0,"turns":4.0},{"damage":2.0,"enemies":"Small Slimes","floor":4.0,"turns":4.0},{"damage":18.0,"enemies":"Gremlin Nob","floor":6.0,"turns":3.0},{"damage":17.0,"enemies":"3 Sentries","floor":8.0,"turns":6.0},{"damage":13.0,"enemies":"Gremlin Nob","floor":10.0,"turns":4.0},{"damage":12.0,"enemies":"3 Sentries","floor":13.0,"turns":4.0},{"damage":41.0,"enemies":"Slime Boss","floor":16.0,"turns":6.0},{"damage":13.0,"enemies":"2 Thieves","floor":18.0,"turns":4.0},{"damage":16.0,"enemies":"Shell Parasite","floor":20.0,"turns":5.0},{"damage":4.0,"enemies":"Chosen and Byrds","floor":21.0,"turns":4.0},{"damage":2.0,"enemies":"Snecko","floor":22.0,"turns":4.0},{"damage":4.0,"enemies":"Cultist and Chosen","floor":25.0,"turns":6.0},{"damage":45.0,"enemies":"Slavers","floor":27.0,"turns":4.0},{"damage":19.0,"enemies":"Book of Stabbing","floor":29.0,"turns":3.0},{"damage":7.0,"enemies":"Snake Plant","floor":31.0,"turns":6.0},{"damage":11.0,"enemies":"Automaton","floor":33.0,"turns":8.0},{"damage":12.0,"enemies":"3 Shapes","floor":35.0,"turns":1.0},{"damage":51,"enemies":"2 Orb Walkers","floor":36,"turns":4},{"damage":13,"enemies":"Orb Walker","floor":37,"turns":2},{"damage":6,"enemies":"Nemesis","floor":40,"turns":3},{"damage":11,"enemies":"Giant Head","floor":42,"turns":5},{"damage":2,"enemies":"Transient","floor":48,"turns":4},{"damage":20,"enemies":"Awakened One","floor":50,"turns":4}],"seed_played":"8105250674401051924","potions_obtained":[{"floor":4.0,"key":"Fire Potion"},{"floor":6.0,"key":"Explosive Potion"},{"floor":8.0,"key":"LiquidBronze"},{"floor":13.0,"key":"ElixirPotion"},{"floor":20.0,"key":"DuplicationPotion"},{"floor":25.0,"key":"ElixirPotion"},{"floor":29.0,"key":"PowerPotion"},{"floor":33.0,"key":"Fire Potion"},{"floor":35.0,"key":"LiquidBronze"}],"is_trial":false,"path_per_floor":["M","$","M","M","?","E","R","E","T","E","?","$","E","?","R","B",null,"M","$","M","M","M","R","?","M","T","E","T","E","R","M","R","B",null,"M","?","M","?","$","E","R","E","T","R","?","$","?","M","R","B",null],"character_chosen":"IRONCLAD","items_purchased":["Apotheosis","Shrug It Off","Peace Pipe","Secret Technique"],"campfire_rested":5,"item_purchase_floors":[2,12,39,46],"current_hp_per_floor":[72,72,73,75,64,52,52,55,55,48,48,48,42,42,66,31,69,62,62,52,54,58,81,81,81,81,42,42,29,53,52,76,71,79,73,28,21,21,36,36,60,55,55,55,55,70,70,74,74,60],"gold":51,"neow_bonus":"HUNDRED_GOLD","is_daily":false,"chose_seed":false,"campfire_upgraded":1,"win_rate":0.0,"timestamp":1612032345,"path_taken":["M","$","M","M","?","E","R","E","T","E","?","?","E","?","R","BOSS","M","$","?","M","?","R","?","M","T","E","?","E","R","M","R","BOSS","M","?","M","?","$","E","R","E","T","R","?","$","?","M","R","BOSS"],"items_purchased_type":["Card","Card","Relic","Card"],"build_version":"2020-12-22","purchased_purges":3,"victory":true,"max_hp_per_floor":[75,75,75,75,75,75,75,89,89,89,81,81,81,81,81,81,81,81,81,81,81,81,81,81,81,81,81,81,81,81,81,81,81,81,81,81,81,81,81,81,81,81,81,81,81,81,81,81,81,81],"card_choices":[{"not_picked":["Flex","Perfected Strike"],"picked":"Thunderclap","floor":1.0},{"not_picked":["Clothesline","Dark Embrace"],"picked":"Hemokinesis","floor":3.0},{"not_picked":["Sentinel","Armaments"],"picked":"Feel No Pain","floor":4.0},{"not_picked":["Flex","Headbutt"],"picked":"Second Wind","floor":6.0},{"not_picked":["Berserk","Armaments"],"picked":"Second Wind","floor":8.0},{"not_picked":["Wild Strike","Battle Trance"],"picked":"Fire Breathing","floor":10.0},{"not_picked":["Bloodletting","Headbutt","Spot Weakness"],"picked":"Pommel Strike","floor":13.0},{"not_picked":["Impervious","Limit Break","Juggernaut"],"picked":"Corruption","floor":16.0},{"not_picked":["Havoc+1","Pommel Strike+1","Shrug It Off"],"picked":"Shockwave+1","floor":18.0},{"not_picked":["Spot Weakness","Havoc","Dual Wield"],"picked":"Shrug It Off","floor":20.0},{"not_picked":["Sentinel","Thunderclap+1","Disarm"],"picked":"Feel No Pain","floor":21.0},{"not_picked":["Wild Strike","Cleave","Thunderclap"],"picked":"Evolve","floor":22.0},{"not_picked":["True Grit","Reckless Charge","Shrug It Off"],"picked":"Sentinel","floor":25.0},{"not_picked":["Juggernaut","Warcry","Burning Pact","Evolve"],"picked":"SKIP","floor":27.0},{"not_picked":["Shrug It Off","Rupture","Havoc","Iron Wave"],"picked":"SKIP","floor":29.0},{"not_picked":["Power Through","Intimidate","Thunderclap"],"picked":"Dark Embrace","floor":31.0},{"not_picked":["Limit Break","Corruption","Barricade"],"picked":"Offering","floor":33.0},{"not_picked":["Wild Strike","Burning Pact","Fire Breathing+1","Sever Soul"],"picked":"SKIP","floor":35.0},{"not_picked":["Armaments+1","Flex+1","True Grit+1"],"picked":"Body Slam+1","floor":36},{"not_picked":["Ghostly Armor","Intimidate","Thunderclap","Flame Barrier"],"picked":"SKIP","floor":37},{"not_picked":["Purity","Dark Shackles","Swift Strike"],"picked":"Master of Strategy","floor":38},{"not_picked":["Rampage","Disarm","Evolve","Shrug It Off"],"picked":"SKIP","floor":40},{"not_picked":["Berserk","Pommel Strike+1","Shockwave","Sentinel+1"],"picked":"SKIP","floor":42},{"not_picked":["Burning Pact","Perfected Strike","Pommel Strike","Twin Strike+1"],"picked":"SKIP","floor":48}],"player_experience":466841,"relics_obtained":[{"floor":6.0,"key":"Mercury Hourglass"},{"floor":8.0,"key":"Mango"},{"floor":9.0,"key":"Bottled Lightning"},{"floor":10.0,"key":"Question Card"},{"floor":13.0,"key":"Matryoshka"},{"floor":26.0,"key":"Nunchaku"},{"floor":26.0,"key":"Juzu Bracelet"},{"floor":27.0,"key":"Boot"},{"floor":28.0,"key":"Sundial"},{"floor":28.0,"key":"MealTicket"},{"floor":29.0,"key":"Calipers"},{"floor":36,"key":"Incense Burner"},{"floor":40,"key":"MawBank"},{"floor":42,"key":"Akabeko"},{"floor":43,"key":"Ancient Tea Set"}],"event_choices":[{"damage_healed":0.0,"max_hp_gain":0.0,"max_hp_loss":0.0,"gold_gain":0.0,"event_name":"Scrap Ooze","player_choice":"Success","floor":5.0,"gold_loss":0.0,"damage_taken":11.0,"relics_obtained":["Dead Branch"]},{"damage_healed":0.0,"max_hp_gain":0.0,"max_hp_loss":8.0,"gold_gain":0.0,"event_name":"Golden Idol","player_choice":"Lose Max HP","floor":11.0,"gold_loss":0.0,"damage_taken":0.0,"relics_obtained":["Golden Idol"]},{"damage_healed":0.0,"max_hp_gain":0.0,"max_hp_loss":0.0,"gold_gain":0.0,"cards_transformed":["Strike_R"],"event_name":"Transmorgrifier","player_choice":"Transformed","floor":14.0,"gold_loss":0.0,"damage_taken":0.0,"cards_obtained":["Thunderclap"]},{"damage_healed":0.0,"max_hp_gain":0.0,"max_hp_loss":0.0,"gold_gain":0.0,"event_name":"Ghosts","player_choice":"Ignored","floor":24.0,"gold_loss":0.0,"damage_taken":0.0},{"damage_healed":0,"gold_gain":0,"player_choice":"Fight","damage_taken":0,"max_hp_gain":0,"max_hp_loss":0,"event_name":"Mysterious Sphere","floor":36,"gold_loss":0},{"damage_healed":0,"gold_gain":0,"player_choice":"Memory 1","damage_taken":0,"max_hp_gain":0,"max_hp_loss":0,"event_name":"SensoryStone","floor":38,"gold_loss":0},{"damage_healed":0,"gold_gain":0,"player_choice":"Ignored","damage_taken":0,"max_hp_gain":0,"max_hp_loss":0,"event_name":"Tomb of Lord Red Mask","floor":45,"gold_loss":0},{"cards_removed":["Warcry"],"damage_healed":0,"gold_gain":0,"player_choice":"Removed Skill","damage_taken":0,"max_hp_gain":0,"max_hp_loss":0,"event_name":"Falling","floor":47,"gold_loss":0}],"is_beta":false,"boss_relics":[{"not_picked":["Cursed Key","Ectoplasm"],"picked":"Pandora\u0027s Box"},{"not_picked":["SlaversCollar","Runic Cube"],"picked":"Mark of Pain"}],"items_purged_floors":[12,19,39],"is_endless":false,"potions_floor_spawned":[4,6,8,10,13,20,21,25,29,33,35,40],"ascension_level":15}}