{"host":"q6r63elxu27obe7v","time":1612031797,"event":{"mods":["2.2 Compatiblity","AchievementEnabler","BaseMod","CapriCore","DeckTracker","Keyboard Shortcuts","Minty Spire (QoL Compilation)","Permanent Neow","Quick Restart","StSLib","SuperFastMode","¡¼?Úª?ø«¡½REMEMod"],"gold_per_floor":[119,138,138,138,156,187,198,198,198,97,107,107,107,107],"floor_reached":13,"language":"KOR","playtime":1160,"items_purged":["Power Through"],"score":85,"play_id":"c426a961-e557-4d7b-87fe-068acf27b11c","local_time":"20210131033637","is_ascension_mode":false,"campfire_choices":[{"floor":8,"key":"RECALL"},{"data":"Body Slam","floor":12,"key":"SMITH"}],"circlet_count":0,"master_deck":["Strike_R","Strike_R","Strike_R","Strike_R","Defend_R","Defend_R","Defend_R","Defend_R","Bash","Body Slam+1","Body Slam","True Grit","Violence","REME_SingleHolding","Infernal Blade","Iron Wave","Fire Breathing","Flex"],"relics":["Burning Blood","REME_ComplimentaryCards","Thread and Needle","Incense Burner","Prayer Wheel"],"acts_visited":["Exordium"],"potions_floor_usage":[13],"damage_taken":[{"damage":8,"enemies":"Small Slimes","floor":1,"turns":5},{"damage":0,"enemies":"2 Louse","floor":2,"turns":4},{"damage":0,"enemies":"Cultist","floor":5,"turns":4},{"damage":42,"enemies":"3 Sentries","floor":6,"turns":25},{"damage":1,"enemies":"Blue Slaver","floor":7,"turns":7},{"damage":5,"enemies":"Exordium Wildlife","floor":11,"turns":7},{"damage":62,"enemies":"Gremlin Nob","floor":13,"turns":4}],"seed_played":"1264888406601636913","potions_obtained":[{"floor":7,"key":"LiquidBronze"},{"floor":11,"key":"SkillPotion"}],"is_trial":false,"path_per_floor":["M","M","?","?","M","E","M","R","T","$","M","R","E"],"character_chosen":"IRONCLAD","items_purchased":["Iron Wave"],"campfire_rested":0,"item_purchase_floors":[10],"current_hp_per_floor":[70,72,69,69,72,36,41,41,41,41,42,42,0,0],"gold":107,"neow_bonus":"ONE_RARE_RELIC","is_daily":false,"chose_seed":false,"campfire_upgraded":1,"win_rate":0.0,"timestamp":1612031797,"path_taken":["M","M","?","?","M","E","M","R","T","$","M","R","E"],"items_purchased_type":["Card"],"build_version":"2020-12-22","purchased_purges":1,"victory":false,"max_hp_per_floor":[72,72,72,72,72,72,72,72,72,72,72,72,72,72],"card_choices":[{"not_picked":["Perfected Strike","Battle Trance"],"picked":"Body Slam","floor":1},{"not_picked":["Clash","Flex"],"picked":"Body Slam","floor":2},{"not_picked":["Searing Blow","Headbutt"],"picked":"True Grit","floor":5},{"not_picked":["Corruption","Clothesline"],"picked":"REME_SingleHolding","floor":6},{"not_picked":["Dual Wield","Sword Boomerang"],"picked":"Infernal Blade","floor":7},{"not_picked":["Heavy Blade","True Grit","Dropkick"],"picked":"SKIP","floor":7},{"not_picked":["Dual Wield","Iron Wave"],"picked":"Fire Breathing","floor":11},{"not_picked":["Heavy Blade","Battle Trance"],"picked":"Flex","floor":11}],"player_experience":55499,"relics_obtained":[{"floor":6,"key":"Prayer Wheel"}],"event_choices":[{"damage_healed":0,"gold_gain":0,"player_choice":"Success","damage_taken":3,"relics_obtained":["Incense Burner"],"max_hp_gain":0,"max_hp_loss":0,"event_name":"Scrap Ooze","floor":3,"gold_loss":0},{"damage_healed":0,"gold_gain":0,"cards_transformed":["Strike_R"],"player_choice":"Change","damage_taken":0,"max_hp_gain":0,"max_hp_loss":0,"event_name":"Living Wall","floor":4,"gold_loss":0,"cards_obtained":["Power Through"]}],"is_beta":false,"boss_relics":[],"items_purged_floors":[10],"is_endless":false,"potions_floor_spawned":[7,11],"killed_by":"Gremlin Nob","ascension_level":0}}