{"host":"8b2tzytxrazqquwe","time":1612045627,"event":{"mods":["BaseMod","Bestiary","Card Forge","Colored Map","Downfall","Highlight Path","Minty Spire (QoL Compilation)","StSLib","The Marked"],"gold_per_floor":[99,113,113,129,148,177,250,400,434,434,334,345,245,259,272,272,272,272],"floor_reached":16,"language":"ENG","playtime":838,"items_purged":[],"score":137,"play_id":"509b8352-d8a9-4abe-9cb0-98fbd485a410","local_time":"20210130222707","is_ascension_mode":false,"campfire_choices":[{"data":"Guardian:CurlUp","floor":1,"key":"SMITH"},{"floor":11,"key":"RECALL"},{"data":"Guardian:TwinSlam","floor":13,"key":"SMITH"}],"circlet_count":0,"master_deck":["Guardian:Strike_Guardian","Guardian:Strike_Guardian","Guardian:Strike_Guardian","Guardian:Defend_Guardian","Guardian:Defend_Guardian","Guardian:Defend_Guardian","Guardian:Defend_Guardian","Guardian:CurlUp+1","Guardian:TwinSlam+1","Guardian:Gem_Crimson","Guardian:StasisStrike","downfall:Icky","Guardian:Preprogram","Guardian:Gem_Orange"],"relics":["Guardian:ModeShifter","Hammer of Thor","Seething Fire","Anvil of the Gods","Orichalcum","Toy Ornithopter","Blue Candle","downfall:HeartBlessingBlue","downfall:HeartBlessingRed"],"acts_visited":["Exordium"],"potions_floor_usage":[],"damage_taken":[{"damage":0,"enemies":"Small Slimes","floor":2,"turns":4},{"damage":1,"enemies":"Jaw Worm","floor":4,"turns":5},{"damage":1,"enemies":"2 Louse","floor":5,"turns":4},{"damage":30,"enemies":"3 Sentries","floor":6,"turns":14},{"damage":16,"enemies":"Gremlin Nob","floor":9,"turns":5},{"damage":12,"enemies":"Exordium Thugs","floor":12,"turns":6},{"damage":6,"enemies":"Exordium Wildlife","floor":14,"turns":3},{"damage":8,"enemies":"Red Slaver","floor":15,"turns":3},{"damage":19,"enemies":"SI_SHIV_ARCHETYPE","floor":16,"turns":3}],"seed_played":"-6954398936453805469","potions_obtained":[{"floor":4,"key":"Strength Potion"},{"floor":6,"key":"Guardian:AcceleratePotion"},{"floor":12,"key":"LiquidBronze"}],"is_trial":false,"path_per_floor":["R","M","?","M","M","E","T","?","E","?","R","M","R","M","M","B"],"character_chosen":"GUARDIAN","items_purchased":[],"campfire_rested":0,"item_purchase_floors":[],"current_hp_per_floor":[88,88,88,87,86,56,56,56,40,35,45,33,33,27,19,0,0,0],"gold":272,"neow_bonus":"TEN_PERCENT_HP_BONUS","is_daily":false,"chose_seed":false,"campfire_upgraded":2,"win_rate":0.0,"timestamp":1612045627,"path_taken":["R","M","?","M","M","E","T","?","E","?","R","M","R","M","M","BOSS"],"items_purchased_type":[],"build_version":"2020-12-22","purchased_purges":0,"victory":false,"max_hp_per_floor":[88,88,88,88,88,88,88,88,88,88,98,98,98,98,98,98,98,98],"card_choices":[{"not_picked":["Guardian:Planning","Guardian:RefractedBeam","Guardian:WalkerClaw"],"picked":"SKIP","floor":2},{"not_picked":["Guardian:PrismaticBarrier","Guardian:BronzeOrb"],"picked":"Guardian:Gem_Green","floor":4},{"not_picked":["Guardian:Clone","Guardian:PiercingHide"],"picked":"Guardian:Gem_Crimson","floor":5},{"not_picked":["Guardian:Emergency","Guardian:TemporalShield"],"picked":"Guardian:StasisStrike","floor":6},{"not_picked":["Guardian:Gem_Purple","Guardian:PrismaticBeam"],"picked":"Guardian:Gem_Cyan","floor":9},{"not_picked":["Guardian:Gem_Lightblue","Guardian:PrimingBeam"],"picked":"Guardian:Preprogram","floor":12},{"not_picked":["Guardian:Gem_Fragmented","Guardian:TemporalShield"],"picked":"Guardian:Gem_Orange","floor":14},{"not_picked":["Guardian:PolyBeam","Guardian:MultiBeam","Guardian:FloatingOrbs"],"picked":"SKIP","floor":15}],"player_experience":41343,"relics_obtained":[{"floor":6,"key":"Orichalcum"},{"floor":9,"key":"Toy Ornithopter"}],"event_choices":[],"is_beta":false,"boss_relics":[],"items_purged_floors":[],"is_endless":false,"potions_floor_spawned":[4,6,12,15],"killed_by":"SI_SHIV_ARCHETYPE","ascension_level":0}}