{"host":"t1puqh5lxz8sp6fn","time":1612034891,"event":{"mods":["AchievementEnabler","BaseMod","Colored Powertips","Minty Spire (QoL Compilation)","Rare Cards Sparkle","Relic Stats","StSLib"],"gold_per_floor":[210,222,222,237,251,251,282,294,294,326,342,342,2,22,22,117,117,134,151,151,151,1,28,39,39,39,39,39,39],"floor_reached":28,"playtime":1146,"items_purged":[],"score":400,"play_id":"be4f2370-d0ff-4820-974f-89a1a1fed627","local_time":"20210130162811","is_ascension_mode":true,"campfire_choices":[{"floor":6.0,"key":"REST"},{"data":"Buffer","floor":12.0,"key":"SMITH"},{"data":"White Noise","floor":15.0,"key":"SMITH"},{"data":"Echo Form","floor":27.0,"key":"SMITH"}],"circlet_count":0,"master_deck":["AscendersBane","Strike_B+1","Strike_B+1","Strike_B+1","Strike_B+1","Defend_B+1","Defend_B+1","Defend_B+1","Defend_B+1","Zap","Dualcast","Conserve Battery","Defragment","Buffer+1","Streamline","Core Surge","Coolheaded","Capacitor","White Noise+1","FTL","Biased Cognition","Darkness","Barrage","Sweeping Beam","Echo Form+1"],"relics":["Cracked Core","Kunai","MealTicket","Art of War","Bird Faced Urn","Philosopher\u0027s Stone","Eternal Feather","Question Card"],"acts_visited":["Exordium","TheCity"],"potions_floor_usage":[28,28],"damage_taken":[{"damage":7.0,"enemies":"Jaw Worm","floor":1.0,"turns":3.0},{"damage":0.0,"enemies":"2 Louse","floor":2.0,"turns":2.0},{"damage":0.0,"enemies":"Cultist","floor":4.0,"turns":3.0},{"damage":0.0,"enemies":"Large Slime","floor":5.0,"turns":6.0},{"damage":27.0,"enemies":"3 Sentries","floor":7.0,"turns":9.0},{"damage":7.0,"enemies":"3 Louse","floor":8.0,"turns":4.0},{"damage":14.0,"enemies":"Gremlin Nob","floor":10.0,"turns":5.0},{"damage":0.0,"enemies":"Blue Slaver","floor":11.0,"turns":5.0},{"damage":5.0,"enemies":"Gremlin Gang","floor":14.0,"turns":8.0},{"damage":40.0,"enemies":"Hexaghost","floor":16.0,"turns":15.0},{"damage":6.0,"enemies":"Spheric Guardian","floor":18.0,"turns":5.0},{"damage":20.0,"enemies":"Shell Parasite","floor":19.0,"turns":4.0},{"damage":54.0,"enemies":"Slavers","floor":23.0,"turns":5.0},{"damage":27.0,"enemies":"Snake Plant","floor":24.0,"turns":5.0},{"damage":57,"enemies":"Masked Bandits","floor":28,"turns":3}],"seed_played":"-7880296119012543663","potions_obtained":[{"floor":1.0,"key":"Energy Potion"},{"floor":2.0,"key":"DuplicationPotion"},{"floor":4.0,"key":"Explosive Potion"},{"floor":14.0,"key":"EssenceOfSteel"},{"floor":16.0,"key":"Fire Potion"},{"floor":23.0,"key":"SteroidPotion"},{"floor":24.0,"key":"Fruit Juice"}],"is_trial":false,"path_per_floor":["M","M","?","M","M","R","E","M","T","E","M","R","$","M","R","B",null,"M","M","?","?","$","E","M","?","T","R","?"],"character_chosen":"DEFECT","items_purchased":["Bird Faced Urn","FTL","Fruit Juice","Sweeping Beam"],"campfire_rested":1,"item_purchase_floors":[13,13,22,22],"current_hp_per_floor":[61,61,46,46,46,68,41,34,34,20,20,20,35,46,46,14,60,66,56,56,75,75,29,17,17,17,32,0,0],"gold":39,"neow_bonus":"HUNDRED_GOLD","is_daily":false,"chose_seed":false,"campfire_upgraded":3,"win_rate":0.0,"timestamp":1612034891,"path_taken":["M","M","?","M","M","R","E","M","T","E","M","R","$","M","R","BOSS","M","M","?","?","$","E","?","?","T","R","?"],"items_purchased_type":["Relic","Card","Potion","Card"],"build_version":"2020-12-13","purchased_purges":0,"victory":false,"max_hp_per_floor":[75,75,75,75,75,75,75,75,75,75,75,75,75,75,75,75,75,75,75,75,75,75,75,80,80,80,80,85,85],"relic_stats":{"counters":[15,81],"Bird Faced Urn":[70],"MealTicket":15,"Eternal Feather":15,"Art of War":[12],"Kunai":[7],"Question Card":0,"obtain_stats":[{"Bird Faced Urn":13,"MealTicket":9,"Philosopher\u0027s Stone":17,"Eternal Feather":23,"Art of War":10,"Kunai":7,"Cracked Core":0,"Question Card":26},{"Bird Faced Urn":8,"MealTicket":6,"Philosopher\u0027s Stone":10,"Eternal Feather":13,"Art of War":7,"Kunai":5,"Cracked Core":0,"Question Card":14},{"Bird Faced Urn":37,"MealTicket":27,"Philosopher\u0027s Stone":59,"Eternal Feather":73,"Art of War":32,"Kunai":23,"Cracked Core":0,"Question Card":78}]},"card_choices":[{"not_picked":["White Noise","Rebound"],"picked":"Conserve Battery","floor":1.0},{"not_picked":["Compile Driver","Beam Cell"],"picked":"Defragment","floor":2.0},{"not_picked":["Storm","Chill"],"picked":"Buffer","floor":4.0},{"not_picked":["White Noise","Fusion"],"picked":"Streamline","floor":5.0},{"not_picked":["Steam Power","Go for the Eyes"],"picked":"Core Surge","floor":7.0},{"not_picked":["Loop","Turbo"],"picked":"Coolheaded","floor":8.0},{"not_picked":["Double Energy","Thunder Strike"],"picked":"Capacitor","floor":10.0},{"not_picked":["Stack","Coolheaded"],"picked":"White Noise","floor":11.0},{"not_picked":["Beam Cell","Steam","Rip and Tear"],"picked":"SKIP","floor":14.0},{"not_picked":["Rainbow","Buffer"],"picked":"Biased Cognition","floor":16.0},{"not_picked":["Darkness","Redo","Leap"],"picked":"SKIP","floor":18.0},{"not_picked":["Redo","Leap"],"picked":"Darkness","floor":18.0},{"not_picked":["Chill","Ball Lightning"],"picked":"Barrage","floor":19.0},{"not_picked":["Barrage","Conserve Battery"],"picked":"Echo Form","floor":23.0},{"not_picked":["Redo","Hologram","Double Energy"],"picked":"SKIP","floor":24.0}],"player_experience":456580,"relics_obtained":[{"floor":7.0,"key":"Kunai"},{"floor":9.0,"key":"MealTicket"},{"floor":10.0,"key":"Art of War"},{"floor":23.0,"key":"Eternal Feather"},{"floor":26.0,"key":"Question Card"}],"event_choices":[{"damage_healed":0.0,"max_hp_gain":0.0,"max_hp_loss":0.0,"gold_gain":0.0,"event_name":"Shining Light","player_choice":"Entered Light","floor":3.0,"gold_loss":0.0,"damage_taken":15.0,"cards_upgraded":["Defend_B","Defend_B"]},{"damage_healed":0.0,"max_hp_gain":0.0,"max_hp_loss":0.0,"gold_gain":0.0,"event_name":"Back to Basics","player_choice":"Simplicity","floor":20.0,"gold_loss":0.0,"damage_taken":0.0,"cards_upgraded":["Strike_B","Strike_B","Strike_B","Strike_B","Defend_B","Defend_B"]},{"damage_healed":19.0,"max_hp_gain":0.0,"max_hp_loss":0.0,"gold_gain":0.0,"event_name":"Wheel of Change","player_choice":"Full Heal","floor":21.0,"gold_loss":0.0,"damage_taken":0.0},{"damage_healed":0,"gold_gain":0,"player_choice":"Fought Bandits","damage_taken":0,"max_hp_gain":0,"max_hp_loss":0,"event_name":"Masked Bandits","floor":28,"gold_loss":0}],"is_beta":false,"boss_relics":[{"not_picked":["Busted Crown","Fusion Hammer"],"picked":"Philosopher\u0027s Stone"}],"items_purged_floors":[],"is_endless":false,"potions_floor_spawned":[1,2,4,14,16,23,24],"killed_by":"Masked Bandits","ascension_level":12}}